|join|Fairy Peak
|join|Cienight
|player|p1|Fairy Peak|97
|player|p2|Cienight|75
|gametype|singles
|gen|6
|tier|OU
|rated
|clearpoke
|poke|p1|Breloom, F
|poke|p1|Landorus, M
|poke|p1|Metagross
|poke|p1|Rotom-Wash
|poke|p1|Starmie
|poke|p1|Dragonite, M
|poke|p2|Azumarill, F
|poke|p2|Ferrothorn, F
|poke|p2|Landorus-Therian, M, shiny
|poke|p2|Latias, F
|poke|p2|Charizard, M
|poke|p2|Mew
|rule|Swagger Clause: Swagger is banned
|rule|Baton Pass Clause: Limit one Pokémon knowing Baton Pass
|rule|Sleep Clause Mod: Limit one foe put to sleep
|rule|Species Clause: Limit one of each Pokémon
|rule|OHKO Clause: OHKO moves are banned
|rule|Moody Clause: Moody is banned
|rule|Evasion Moves Clause: Evasion moves are banned
|rule|Endless Battle Clause: Forcing endless battles is banned
|rule|HP Percentage Mod: HP is shown in percentages
|teampreview
|c|★Fairy Peak|Ah
|c|★Fairy Peak|Nice
|c|★Fairy Peak|Gl, hf.
|join|Skyrio
|c|★Cienight|won't b
|
|start
|switch|p1a: LandoREKT|Landorus, M|319\/319
|switch|p2a: Landorus-Therian|Landorus-Therian, M, shiny|319\/319
|-ability|p2a: Landorus-Therian|Intimidate|[of] p1a: LandoREKT
|-unboost|p1a: LandoREKT|atk|1
|turn|1
|c|★Cienight|fun
|c|★Fairy Peak|Why ? :\/
|
|move|p2a: Landorus-Therian|U-turn|p1a: LandoREKT
|-resisted|p1a: LandoREKT
|-damage|p1a: LandoREKT|261\/319
|
|switch|p2a: Latias|Latias, F|301\/301
|move|p1a: LandoREKT|Stealth Rock|p2a: Latias
|-sidestart|p2: Cienight|move: Stealth Rock
|
|turn|2
|
|switch|p1a: KekMachine|Metagross|302\/302
|move|p2a: Latias|Defog|p1a: KekMachine
|-fail|p1a: KekMachine|unboost|[from] ability: Clear Body|[of] p1a: KekMachine
|-sideend|p2: Cienight|Stealth Rock|[from] move: Defog|[of] p2a: Latias
|
|turn|3
|
|switch|p2a: Ferrothorn|Ferrothorn, F|349\/349
|detailschange|p1a: KekMachine|Metagross-Mega
|-mega|p1a: KekMachine|Metagross|Metagrossite
|move|p1a: KekMachine|Meteor Mash|p2a: Ferrothorn
|-crit|p2a: Ferrothorn
|-resisted|p2a: Ferrothorn
|-damage|p2a: Ferrothorn|231\/349
|-damage|p1a: KekMachine|265\/302|[from] ability: Iron Barbs|[of] p2a: Ferrothorn
|
|-heal|p2a: Ferrothorn|252\/349|[from] item: Leftovers
|turn|4
|
|switch|p2a: Landorus-Therian|Landorus-Therian, M, shiny|319\/319
|-ability|p2a: Landorus-Therian|Intimidate|[of] p1a: KekMachine
|-unboost|p1a: KekMachine|atk|1
|move|p1a: KekMachine|Hammer Arm|p2a: Landorus-Therian
|-resisted|p2a: Landorus-Therian
|-damage|p2a: Landorus-Therian|262\/319
|-unboost|p1a: KekMachine|spe|1
|
|turn|5
|c| Skyrio|ta pas anticiper ça noob
|join|Alvok
|
|switch|p1a: Rotopkek|Rotom-Wash|304\/304
|move|p2a: Landorus-Therian|U-turn|p1a: Rotopkek
|-crit|p1a: Rotopkek
|-damage|p1a: Rotopkek|197\/304
|
|switch|p2a: Ferrothorn|Ferrothorn, F|252\/349
|
|-heal|p1a: Rotopkek|216\/304|[from] item: Leftovers
|-heal|p2a: Ferrothorn|273\/349|[from] item: Leftovers
|turn|6
|
|move|p1a: Rotopkek|Will-O-Wisp|p2a: Ferrothorn
|-status|p2a: Ferrothorn|brn
|move|p2a: Ferrothorn|Stealth Rock|p1a: Rotopkek
|-sidestart|p1: Fairy Peak|move: Stealth Rock
|
|-heal|p1a: Rotopkek|235\/304|[from] item: Leftovers
|-heal|p2a: Ferrothorn|294\/349 brn|[from] item: Leftovers
|-damage|p2a: Ferrothorn|251\/349 brn|[from] brn
|turn|7
|
|switch|p2a: Latias|Latias, F|301\/301
|move|p1a: Rotopkek|Volt Switch|p2a: Latias
|-resisted|p2a: Latias
|-damage|p2a: Latias|266\/301
|
|switch|p1a: KekMachine|Metagross-Mega|265\/302
|-damage|p1a: KekMachine|247\/302|[from] Stealth Rock
|
|turn|8
|
|switch|p2a: Landorus-Therian|Landorus-Therian, M, shiny|262\/319
|-ability|p2a: Landorus-Therian|Intimidate|[of] p1a: KekMachine
|-unboost|p1a: KekMachine|atk|1
|move|p1a: KekMachine|Meteor Mash|p2a: Landorus-Therian
|-damage|p2a: Landorus-Therian|85\/319
|
|turn|9
|
|switch|p1a: Rotopkek|Rotom-Wash|235\/304
|-damage|p1a: Rotopkek|197\/304|[from] Stealth Rock
|move|p2a: Landorus-Therian|U-turn|p1a: Rotopkek
|-damage|p1a: Rotopkek|121\/304
|
|switch|p2a: Charizard|Charizard, M|297\/297
|
|-heal|p1a: Rotopkek|140\/304|[from] item: Leftovers
|turn|10
|
|detailschange|p2a: Charizard|Charizard-Mega-X, M
|-mega|p2a: Charizard|Charizard|Charizardite X
|move|p2a: Charizard|Dragon Dance|p2a: Charizard
|-boost|p2a: Charizard|atk|1
|-boost|p2a: Charizard|spe|1
|move|p1a: Rotopkek|Pain Split|p2a: Charizard
|-sethp|p2a: Charizard|218\/297|p1a: Rotopkek|218\/304|[from] move: Pain Split
|
|-heal|p1a: Rotopkek|237\/304|[from] item: Leftovers
|turn|11
|
|move|p2a: Charizard|Roost|p2a: Charizard
|-heal|p2a: Charizard|297\/297
|move|p1a: Rotopkek|Volt Switch|p2a: Charizard
|-resisted|p2a: Charizard
|-damage|p2a: Charizard|252\/297
|c| Skyrio|fairy
|c|★Fairy Peak|?
|c| Skyrio|on a trouver a quoi t'es weak
|c|★Fairy Peak|Oué
|raw|<div class="broadcast-red"><b>Moderated chat was set to +!<\/b><br \/>Only users of rank + and higher can talk.<\/div>
|
|switch|p1a: TopkekLoom|Breloom, F|261\/261
|-damage|p1a: TopkekLoom|245\/261|[from] Stealth Rock
|
|turn|12
|
|move|p1a: TopkekLoom|Mach Punch|p2a: Charizard
|-damage|p2a: Charizard|123\/297
|-damage|p1a: TopkekLoom|219\/261|[from] item: Life Orb
|move|p2a: Charizard|Dragon Claw|p1a: TopkekLoom
|-crit|p1a: TopkekLoom
|-damage|p1a: TopkekLoom|0 fnt
|faint|p1a: TopkekLoom
|
|
|switch|p1a: DREKTnite|Dragonite, M|386\/386
|-damage|p1a: DREKTnite|290\/386|[from] Stealth Rock
|turn|13
|
|switch|p2a: Ferrothorn|Ferrothorn, F|251\/349 brn
|move|p1a: DREKTnite|Extreme Speed|p2a: Ferrothorn
|-resisted|p2a: Ferrothorn
|-damage|p2a: Ferrothorn|198\/349 brn
|-damage|p1a: DREKTnite|242\/386|[from] ability: Iron Barbs|[of] p2a: Ferrothorn
|
|-heal|p2a: Ferrothorn|219\/349 brn|[from] item: Leftovers
|-damage|p2a: Ferrothorn|176\/349 brn|[from] brn
|turn|14
|
|switch|p1a: StaREKT|Starmie|323\/323
|-damage|p1a: StaREKT|283\/323|[from] Stealth Rock
|move|p2a: Ferrothorn|Leech Seed|p1a: StaREKT
|-start|p1a: StaREKT|move: Leech Seed
|
|-heal|p1a: StaREKT|303\/323|[from] item: Leftovers
|-heal|p2a: Ferrothorn|197\/349 brn|[from] item: Leftovers
|-damage|p1a: StaREKT|263\/323|[from] Leech Seed|[of] p2a: Ferrothorn
|-heal|p2a: Ferrothorn|237\/349 brn|[silent]
|-damage|p2a: Ferrothorn|194\/349 brn|[from] brn
|turn|15
|
|switch|p1a: LandoREKT|Landorus, M|261\/319
|-damage|p1a: LandoREKT|222\/319|[from] Stealth Rock
|move|p2a: Ferrothorn|Power Whip|p1a: LandoREKT
|-damage|p1a: LandoREKT|147\/319
|
|-heal|p2a: Ferrothorn|215\/349 brn|[from] item: Leftovers
|-damage|p2a: Ferrothorn|172\/349 brn|[from] brn
|turn|16
|
|switch|p2a: Latias|Latias, F|266\/301
|move|p1a: LandoREKT|Stealth Rock|p2a: Latias
|-sidestart|p2: Cienight|move: Stealth Rock
|
|turn|17
|
|move|p2a: Latias|Draco Meteor|p1a: LandoREKT
|-damage|p1a: LandoREKT|0 fnt
|-unboost|p2a: Latias|spa|2
|-damage|p2a: Latias|236\/301|[from] item: Life Orb
|faint|p1a: LandoREKT
|
|
|switch|p1a: KekMachine|Metagross-Mega|247\/302
|-damage|p1a: KekMachine|229\/302|[from] Stealth Rock
|turn|18
|
|switch|p2a: Ferrothorn|Ferrothorn, F|172\/349 brn
|-damage|p2a: Ferrothorn|151\/349 brn|[from] Stealth Rock
|move|p1a: KekMachine|Meteor Mash|p2a: Ferrothorn
|-resisted|p2a: Ferrothorn
|-damage|p2a: Ferrothorn|82\/349 brn
|-damage|p1a: KekMachine|192\/302|[from] ability: Iron Barbs|[of] p2a: Ferrothorn
|
|-heal|p2a: Ferrothorn|103\/349 brn|[from] item: Leftovers
|-damage|p2a: Ferrothorn|60\/349 brn|[from] brn
|turn|19
|
|move|p1a: KekMachine|Meteor Mash|p2a: Ferrothorn
|-resisted|p2a: Ferrothorn
|-damage|p2a: Ferrothorn|0 fnt
|-damage|p1a: KekMachine|155\/302|[from] ability: Iron Barbs|[of] p2a: Ferrothorn
|-boost|p1a: KekMachine|atk|1
|faint|p2a: Ferrothorn
|
|
|switch|p2a: Landorus-Therian|Landorus-Therian, M, shiny|85\/319
|-damage|p2a: Landorus-Therian|46\/319|[from] Stealth Rock
|-ability|p2a: Landorus-Therian|Intimidate|[of] p1a: KekMachine
|-unboost|p1a: KekMachine|atk|1
|turn|20
|
|move|p1a: KekMachine|Bullet Punch|p2a: Landorus-Therian
|-damage|p2a: Landorus-Therian|0 fnt
|faint|p2a: Landorus-Therian
|
|
|switch|p2a: Mew|Mew|400\/400
|-damage|p2a: Mew|350\/400|[from] Stealth Rock
|turn|21
|
|switch|p1a: Rotopkek|Rotom-Wash|237\/304
|-damage|p1a: Rotopkek|199\/304|[from] Stealth Rock
|move|p2a: Mew|Will-O-Wisp|p1a: Rotopkek
|-status|p1a: Rotopkek|brn
|
|-heal|p2a: Mew|375\/400|[from] item: Leftovers
|-heal|p1a: Rotopkek|218\/304 brn|[from] item: Leftovers
|-damage|p1a: Rotopkek|180\/304 brn|[from] brn
|turn|22
|
|move|p2a: Mew|Taunt|p1a: Rotopkek
|-start|p1a: Rotopkek|move: Taunt
|move|p1a: Rotopkek|Volt Switch|p2a: Mew
|-damage|p2a: Mew|303\/400
|
|switch|p1a: StaREKT|Starmie|263\/323
|-damage|p1a: StaREKT|223\/323|[from] Stealth Rock
|
|-heal|p1a: StaREKT|243\/323|[from] item: Leftovers
|-heal|p2a: Mew|328\/400|[from] item: Leftovers
|turn|23
|
|move|p1a: StaREKT|Rapid Spin|p2a: Mew
|-damage|p2a: Mew|317\/400
|-sideend|p1: Fairy Peak|Stealth Rock|[from] move: Rapid Spin|[of] p1a: StaREKT
|move|p2a: Mew|Knock Off|p1a: StaREKT
|-supereffective|p1a: StaREKT
|-damage|p1a: StaREKT|65\/323
|-enditem|p1a: StaREKT|Leftovers|[from] move: Knock Off|[of] p2a: Mew
|
|-heal|p2a: Mew|342\/400|[from] item: Leftovers
|turn|24
|
|switch|p2a: Latias|Latias, F|236\/301
|-damage|p2a: Latias|199\/301|[from] Stealth Rock
|move|p1a: StaREKT|Recover|p1a: StaREKT
|-heal|p1a: StaREKT|227\/323
|
|turn|25
|
|switch|p1a: KekMachine|Metagross-Mega|155\/302
|move|p2a: Latias|Defog|p1a: KekMachine
|-unboost|p1a: KekMachine|evasion|1
|-sideend|p2: Cienight|Stealth Rock|[from] move: Defog|[of] p2a: Latias
|
|turn|26
|
|move|p2a: Latias|Healing Wish|p2a: Latias
|faint|p2a: Latias
|move|p1a: KekMachine|Meteor Mash|p2: Latias|[notarget]
|-notarget
|
|c|★Fairy Peak|Obv
|
|switch|p2a: Charizard|Charizard-Mega-X, M|123\/297
|-heal|p2a: Charizard|297\/297|[from] move: Healing Wish
|turn|27
|
|move|p1a: KekMachine|Hammer Arm|p2a: Charizard|[miss]
|-miss|p1a: KekMachine|p2a: Charizard
|move|p2a: Charizard|Dragon Dance|p2a: Charizard
|-boost|p2a: Charizard|atk|1
|-boost|p2a: Charizard|spe|1
|
|turn|28
|c|★Fairy Peak|Obv
|
|switch|p1a: StaREKT|Starmie|227\/323
|move|p2a: Charizard|Flare Blitz|p1a: StaREKT
|-resisted|p1a: StaREKT
|-damage|p1a: StaREKT|0 fnt
|-damage|p2a: Charizard|222\/297|[from] recoil|[of] p1a: StaREKT
|faint|p1a: StaREKT
|
|
|switch|p1a: DREKTnite|Dragonite, M|242\/386
|turn|29
|
|move|p1a: DREKTnite|Extreme Speed|p2a: Charizard
|-damage|p2a: Charizard|66\/297
|move|p2a: Charizard|Dragon Claw|p1a: DREKTnite
|-supereffective|p1a: DREKTnite
|-damage|p1a: DREKTnite|0 fnt
|faint|p1a: DREKTnite
|
|
|switch|p1a: KekMachine|Metagross-Mega|155\/302
|turn|30
|
|switch|p1a: Rotopkek|Rotom-Wash|180\/304 brn
|move|p2a: Charizard|Roost|p2a: Charizard
|-heal|p2a: Charizard|215\/297
|
|-heal|p1a: Rotopkek|199\/304 brn|[from] item: Leftovers
|-damage|p1a: Rotopkek|161\/304 brn|[from] brn
|turn|31
|c|★Fairy Peak|gg if i could say that
|
|move|p2a: Charizard|Dragon Claw|p1a: Rotopkek
|-damage|p1a: Rotopkek|0 fnt
|faint|p1a: Rotopkek
|
|
|switch|p1a: KekMachine|Metagross-Mega|155\/302
|turn|32
|
|move|p1a: KekMachine|Bullet Punch|p2a: Charizard
|-resisted|p2a: Charizard
|-damage|p2a: Charizard|169\/297
|move|p2a: Charizard|Flare Blitz|p1a: KekMachine
|-supereffective|p1a: KekMachine
|-damage|p1a: KekMachine|0 fnt
|-damage|p2a: Charizard|118\/297|[from] recoil|[of] p1a: KekMachine
|faint|p1a: KekMachine
|
|win|Cienight
|raw|Ladder updating...
|raw|Fairy Peak's rating: 1752 &rarr; <strong>1728<\/strong><br \/>(-24 for losing)
|raw|Cienight's rating: 1683 &rarr; <strong>1707<\/strong><br \/>(+24 for winning)
|leave|Cienight
|player|p2
|leave|Fairy Peak
|player|p1
|leave|Skyrio
|join|Maeckes