|join|Friytrr
|join|Cienight
|player|p1|Friytrr|1
|player|p2|Cienight|84
|gametype|singles
|gen|6
|tier|OU
|rated
|clearpoke
|poke|p1|Chansey, F
|poke|p1|Skarmory, M
|poke|p1|Quagsire, M
|poke|p1|Cresselia, F
|poke|p1|Gothitelle, F
|poke|p1|Sableye, M
|poke|p2|Azumarill, F
|poke|p2|Ferrothorn, M
|poke|p2|Landorus-Therian, M, shiny
|poke|p2|Latias, F
|poke|p2|Charizard, M
|poke|p2|Mew
|rule|Swagger Clause: Swagger is banned
|rule|Baton Pass Clause: Limit one Pokémon knowing Baton Pass
|rule|Sleep Clause Mod: Limit one foe put to sleep
|rule|Species Clause: Limit one of each Pokémon
|rule|OHKO Clause: OHKO moves are banned
|rule|Moody Clause: Moody is banned
|rule|Evasion Moves Clause: Evasion moves are banned
|rule|Endless Battle Clause: Forcing endless battles is banned
|rule|HP Percentage Mod: HP is shown in percentages
|teampreview
|c|★Friytrr|glhf
|c|★Cienight|wont be
|c|★Cienight|fun
|
|start
|switch|p1a: Gold-diggers|Sableye, M|303\/303
|switch|p2a: Charizard|Charizard, M|315\/315
|turn|1
|c|★Friytrr|gl then...
|
|switch|p1a: I luv Mary|Quagsire, M|393\/393
|detailschange|p2a: Charizard|Charizard-Mega-X, M
|-mega|p2a: Charizard|Charizard|Charizardite X
|move|p2a: Charizard|Dragon Claw|p1a: I luv Mary
|-damage|p1a: I luv Mary|248\/393
|
|-heal|p1a: I luv Mary|272\/393|[from] item: Leftovers
|turn|2
|
|switch|p2a: Ferrothorn|Ferrothorn, M|349\/349
|move|p1a: I luv Mary|Recover|p1a: I luv Mary
|-heal|p1a: I luv Mary|393\/393
|
|turn|3
|
|switch|p1a: Gold-diggers|Sableye, M|303\/303
|move|p2a: Ferrothorn|Stealth Rock|p1a: Gold-diggers
|-sidestart|p1: Friytrr|move: Stealth Rock
|
|turn|4
|
|switch|p2a: Charizard|Charizard-Mega-X, M|315\/315
|move|p1a: Gold-diggers|Calm Mind|p1a: Gold-diggers
|-boost|p1a: Gold-diggers|spa|1
|-boost|p1a: Gold-diggers|spd|1
|
|turn|5
|join|PhobiaBB
|
|switch|p1a: I luv Mary|Quagsire, M|393\/393
|-damage|p1a: I luv Mary|369\/393|[from] Stealth Rock
|move|p2a: Charizard|Dragon Dance|p2a: Charizard
|-boost|p2a: Charizard|atk|1
|-boost|p2a: Charizard|spe|1
|
|-heal|p1a: I luv Mary|393\/393|[from] item: Leftovers
|turn|6
|
|switch|p2a: Ferrothorn|Ferrothorn, M|349\/349
|move|p1a: I luv Mary|Scald|p2a: Ferrothorn
|-resisted|p2a: Ferrothorn
|-damage|p2a: Ferrothorn|325\/349
|
|-heal|p2a: Ferrothorn|346\/349|[from] item: Leftovers
|turn|7
|
|switch|p1a: 1 inch neck|Gothitelle, F|301\/301
|-damage|p1a: 1 inch neck|264\/301|[from] Stealth Rock
|move|p2a: Ferrothorn|Power Whip|p1a: 1 inch neck
|-crit|p1a: 1 inch neck
|-damage|p1a: 1 inch neck|38\/301
|
|-heal|p2a: Ferrothorn|349\/349|[from] item: Leftovers
|turn|8
|
|move|p1a: 1 inch neck|Trick|p2a: Ferrothorn
|-activate|p1a: 1 inch neck|move: Trick|[of] p2a: Ferrothorn
|-item|p2a: Ferrothorn|Choice Scarf|[from] move: Trick
|-item|p1a: 1 inch neck|Leftovers|[from] move: Trick
|move|p2a: Ferrothorn|Power Whip|p1a: 1 inch neck
|-damage|p1a: 1 inch neck|0 fnt
|faint|p1a: 1 inch neck
|
|
|switch|p1a: Bravest Bird|Skarmory, M|333\/333
|-damage|p1a: Bravest Bird|292\/333|[from] Stealth Rock
|turn|9
|join|TheObsessed
|
|switch|p2a: Charizard|Charizard-Mega-X, M|315\/315
|move|p1a: Bravest Bird|Defog|p2a: Charizard
|-unboost|p2a: Charizard|evasion|1
|-sideend|p1: Friytrr|Stealth Rock|[from] move: Defog|[of] p1a: Bravest Bird
|
|turn|10
|
|switch|p1a: I luv Mary|Quagsire, M|393\/393
|move|p2a: Charizard|Flare Blitz|p1a: I luv Mary
|-resisted|p1a: I luv Mary
|-damage|p1a: I luv Mary|273\/393
|-damage|p2a: Charizard|275\/315|[from] recoil|[of] p1a: I luv Mary
|
|-heal|p1a: I luv Mary|297\/393|[from] item: Leftovers
|turn|11
|
|switch|p2a: Ferrothorn|Ferrothorn, M|349\/349
|move|p1a: I luv Mary|Recover|p1a: I luv Mary
|-heal|p1a: I luv Mary|393\/393
|
|turn|12
|
|switch|p1a: Sweet Dreams|Cresselia, F|443\/443
|move|p2a: Ferrothorn|Stealth Rock|p1a: Sweet Dreams
|-sidestart|p1: Friytrr|move: Stealth Rock
|
|turn|13
|
|switch|p1a: Gold-diggers|Sableye, M|303\/303
|-damage|p1a: Gold-diggers|266\/303|[from] Stealth Rock
|switch|p2a: Mew|Mew|400\/400
|
|turn|14
|
|switch|p2a: Charizard|Charizard-Mega-X, M|275\/315
|switch|p1a: I luv Mary|Quagsire, M|393\/393
|-damage|p1a: I luv Mary|369\/393|[from] Stealth Rock
|
|-heal|p1a: I luv Mary|393\/393|[from] item: Leftovers
|turn|15
|
|switch|p2a: Mew|Mew|400\/400
|move|p1a: I luv Mary|Scald|p2a: Mew
|-damage|p2a: Mew|346\/400
|
|-heal|p2a: Mew|371\/400|[from] item: Leftovers
|turn|16
|
|switch|p1a: Hardboiled|Chansey, F|641\/641
|-damage|p1a: Hardboiled|561\/641|[from] Stealth Rock
|move|p2a: Mew|Knock Off|p1a: Hardboiled
|-damage|p1a: Hardboiled|468\/641
|-enditem|p1a: Hardboiled|Eviolite|[from] move: Knock Off|[of] p2a: Mew
|
|-heal|p2a: Mew|396\/400|[from] item: Leftovers
|turn|17
|
|move|p2a: Mew|Taunt|p1a: Hardboiled
|-start|p1a: Hardboiled|move: Taunt
|cant|p1a: Hardboiled|move: Taunt|Stealth Rock
|
|-heal|p2a: Mew|400\/400|[from] item: Leftovers
|turn|18
|
|switch|p2a: Charizard|Charizard-Mega-X, M|275\/315
|switch|p1a: Gold-diggers|Sableye, M|266\/303
|-damage|p1a: Gold-diggers|229\/303|[from] Stealth Rock
|
|turn|19
|join|Tng
|
|switch|p1a: I luv Mary|Quagsire, M|393\/393
|-damage|p1a: I luv Mary|369\/393|[from] Stealth Rock
|move|p2a: Charizard|Dragon Claw|p1a: I luv Mary
|-damage|p1a: I luv Mary|228\/393
|
|-heal|p1a: I luv Mary|252\/393|[from] item: Leftovers
|turn|20
|
|move|p2a: Charizard|Dragon Claw|p1a: I luv Mary
|-damage|p1a: I luv Mary|107\/393
|move|p1a: I luv Mary|Scald|p2a: Charizard
|-damage|p2a: Charizard|191\/315
|
|-heal|p1a: I luv Mary|131\/393|[from] item: Leftovers
|turn|21
|c| Tng|SCALDS
|c| Tng|ARE YOU SERIOUS
|c| Tng|HE SCALDS
|c|★Cienight|joo
|c|★Cienight|I fking hate
|c|★Cienight|this  game
|
|switch|p1a: Sweet Dreams|Cresselia, F|443\/443
|-damage|p1a: Sweet Dreams|388\/443|[from] Stealth Rock
|move|p2a: Charizard|Dragon Claw|p1a: Sweet Dreams
|-damage|p1a: Sweet Dreams|267\/443
|
|-heal|p1a: Sweet Dreams|294\/443|[from] item: Leftovers
|turn|22
|c| Tng|HE SCALDED!!!!
|c| Tng|THE ONLY THING THAT COULD SAVE HGIM
|c| Tng|instead of recovering
|
|switch|p2a: Mew|Mew|400\/400
|move|p1a: Sweet Dreams|Moonlight|p1a: Sweet Dreams
|-heal|p1a: Sweet Dreams|443\/443
|
|turn|23
|c| Tng|and ya this is garb game
|c| Tng|imo
|c|★Cienight|the more I play
|c|★Cienight|the less I want to
|c|★Cienight|I dropped again
|c|★Cienight|to hax
|c|★Cienight|ladder is nto for me
|c| Tng|no me neither
|
|switch|p1a: I luv Mary|Quagsire, M|131\/393
|-damage|p1a: I luv Mary|107\/393|[from] Stealth Rock
|move|p2a: Mew|Knock Off|p1a: I luv Mary
|-damage|p1a: I luv Mary|41\/393
|-enditem|p1a: I luv Mary|Leftovers|[from] move: Knock Off|[of] p2a: Mew
|
|turn|24
|c| Tng|i always lose low ladder and then never want to continue
|c| Tng|rofl
|c| Tng|i p much stopped laddderin
|c| Tng|i just test shit against low ladder cuz they bring obscure whatnots
|
|move|p2a: Mew|Taunt|p1a: I luv Mary
|-start|p1a: I luv Mary|move: Taunt
|cant|p1a: I luv Mary|move: Taunt|Encore
|
|turn|25
|c|★Cienight|I should too
|c| Tng|expose weaknesses
|c| Tng|you wouldnt have seen before
|
|switch|p1a: Gold-diggers|Sableye, M|229\/303
|-damage|p1a: Gold-diggers|192\/303|[from] Stealth Rock
|move|p2a: Mew|Knock Off|p1a: Gold-diggers
|-damage|p1a: Gold-diggers|144\/303
|
|turn|26
|c|★Cienight|it just pisses me off how a bunch of morons can top ladder and I can't even if I'm clearely better
|
|switch|p2a: Charizard|Charizard-Mega-X, M|191\/315
|move|p1a: Gold-diggers|Recover|p1a: Gold-diggers
|-heal|p1a: Gold-diggers|296\/303
|
|turn|27
|join|Bad Players
|
|detailschange|p1a: Gold-diggers|Sableye-Mega, M
|-mega|p1a: Gold-diggers|Sableye|Sablenite
|move|p2a: Charizard|Roost|p2a: Charizard
|-heal|p2a: Charizard|315\/315
|move|p1a: Gold-diggers|Snarl|p2a: Charizard
|-damage|p2a: Charizard|248\/315
|-unboost|p2a: Charizard|spa|1
|
|turn|28
|
|move|p2a: Charizard|Dragon Dance|p2a: Charizard
|-boost|p2a: Charizard|atk|1
|-boost|p2a: Charizard|spe|1
|move|p1a: Gold-diggers|Recover|p1a: Gold-diggers
|-heal|p1a: Gold-diggers|303\/303
|
|turn|29
|-message|Friytrr forfeited.
|leave|Friytrr
|
|win|Cienight
|raw|Ladder updating...
|player|p1
|raw|Friytrr's rating: 1651 &rarr; <strong>1633<\/strong><br \/>(-18 for losing)
|raw|Cienight's rating: 1684 &rarr; <strong>1702<\/strong><br \/>(+18 for winning)
|c|★Cienight|how did he lose
|c|★Cienight|this matchup
|c|★Cienight|hello
|c| Bad Players|Probably hurt his feelings
|leave|Cienight
|leave|TheObsessed
|player|p2
|leave|Bad Players
|leave|PhobiaBB
|leave|Tng