|join|BigSpore
|join|benito camelo
|player|p1|BigSpore|93
|player|p2|benito camelo|209
|gametype|singles
|gen|6
|tier|OU
|clearpoke
|poke|p1|Medicham, M, shiny
|poke|p1|Latios, M
|poke|p1|Breloom, M, shiny
|poke|p1|Landorus-Therian, M
|poke|p1|Gengar, M, shiny
|poke|p1|Azumarill, F, shiny
|poke|p2|Landorus-Therian, M, shiny
|poke|p2|Latias, F
|poke|p2|Rotom-Wash
|poke|p2|Medicham, M, shiny
|poke|p2|Scizor, M, shiny
|poke|p2|Gengar, F, shiny
|rule|Swagger Clause: Swagger is banned
|rule|Baton Pass Clause: Limit one Pokémon knowing Baton Pass
|rule|Sleep Clause Mod: Limit one foe put to sleep
|rule|Species Clause: Limit one of each Pokémon
|rule|OHKO Clause: OHKO moves are banned
|rule|Moody Clause: Moody is banned
|rule|Evasion Moves Clause: Evasion moves are banned
|rule|Endless Battle Clause: Forcing endless battles is banned
|rule|HP Percentage Mod: HP is shown in percentages
|teampreview
|c|★benito camelo|we
|c|★BigSpore|y ese equipo
|c|★BigSpore|está hecho mierda
|c|★benito camelo|ya reorde poeque no queria meder medicham
|c|★BigSpore|said
|c|★benito camelo|ni gengar
|c|★BigSpore|es casi mirror esta madre
|c|★BigSpore|AHAHAHAH
|c|★benito camelo|porque seria el mismo team que el tuyo
|c|★benito camelo|xD
|c|★BigSpore|ewe es que tienen una sinergia curada
|
|start
|switch|p1a: Tittylegs|Medicham, M, shiny|261\/261
|switch|p2a: lolipop|Landorus-Therian, M, shiny|382\/382
|-ability|p2a: lolipop|Intimidate|[of] p1a: Tittylegs
|-unboost|p1a: Tittylegs|atk|1
|turn|1
|c|★BigSpore|Nomás que tú si paras a Taloonflame más rápido
|
|detailschange|p1a: Tittylegs|Medicham-Mega, M, shiny
|message|Medicham has Mega Evolved into Mega Medicham!
|move|p1a: Tittylegs|Fake Out|p2a: lolipop
|-damage|p2a: lolipop|337\/382
|cant|p2a: lolipop|flinch
|
|-heal|p2a: lolipop|360\/382|[from] item: Leftovers
|turn|2
|c|★BigSpore|fu8cking rekt
|c|★BigSpore|lolipop
|c|★BigSpore|que pedo
|c|★BigSpore|AAHAHHAAHHA
|c|★benito camelo|que we
|c|★BigSpore|El Lollipop es otro que no?
|c|★benito camelo|e we
|
|switch|p1a: Yogurt|Landorus-Therian, M|382\/382
|-ability|p1a: Yogurt|Intimidate|[of] p2a: lolipop
|-unboost|p2a: lolipop|atk|1
|move|p2a: lolipop|U-turn|p1a: Yogurt
|-resisted|p1a: Yogurt
|-damage|p1a: Yogurt|362\/382
|c|★benito camelo|el scisor
|c|★benito camelo|le puse *mega-scisor*
|c|★benito camelo|y no me lo tomo
|c|★benito camelo|XD
|
|switch|p2a: gocowash|Rotom-Wash|241\/241
|
|-heal|p1a: Yogurt|382\/382|[from] item: Leftovers
|turn|3
|c|★BigSpore|ewe es que es el nombre de un pokémon
|
|switch|p1a: Latios|Latios, M|302\/302
|move|p2a: gocowash|Hidden Power|p1a: Latios
|-supereffective|p1a: Latios
|-damage|p1a: Latios|188\/302
|
|turn|4
|c|★BigSpore|aush ;$
|c|★benito camelo|casi te amta
|
|switch|p2a: Scizor|Scizor, M, shiny|343\/343
|move|p1a: Latios|Draco Meteor|p2a: Scizor
|-resisted|p2a: Scizor
|-damage|p2a: Scizor|175\/343
|-unboost|p1a: Latios|spa|2
|-damage|p1a: Latios|158\/302|[from] item: Life Orb
|
|turn|5
|c|★BigSpore|Ya sé AAHAHAHA
|c|★BigSpore|igual a ti
|c|★benito camelo|esto
|c|★benito camelo|te va a gustar
|c|★benito camelo|*3*
|c|★BigSpore|roost
|c|★BigSpore|pursuit
|c|★BigSpore|u-turn
|c|★BigSpore|chintatumadresais
|c|★benito camelo|adovina
|c|★benito camelo|cual duele mas
|c|★benito camelo|:3
|
|switch|p1a: Yogurt|Landorus-Therian, M|382\/382
|-ability|p1a: Yogurt|Intimidate|[of] p2a: Scizor
|-unboost|p2a: Scizor|atk|1
|move|p2a: Scizor|U-turn|p1a: Yogurt
|-resisted|p1a: Yogurt
|-damage|p1a: Yogurt|331\/382
|c|★benito camelo|te mentu
|c|★BigSpore|Ya sé que eres de band
|
|switch|p2a: gocowash|Rotom-Wash|241\/241
|
|-heal|p1a: Yogurt|354\/382|[from] item: Leftovers
|turn|6
|c|★BigSpore|meco
|c|★BigSpore|AHAHA
|c|★benito camelo|pero, podria traer pursuit
|c|★benito camelo|y adios latios
|c|★BigSpore|De hecho
|c|★BigSpore|deberías
|c|★BigSpore|sais n00b
|
|switch|p1a: Sitrus Berry|Azumarill, F, shiny|404\/404
|move|p2a: gocowash|Volt Switch|p1a: Sitrus Berry
|-supereffective|p1a: Sitrus Berry
|-damage|p1a: Sitrus Berry|230\/404
|c|★benito camelo|;3
|c|★BigSpore|PUTO ENFERMO
|c|★BigSpore|AHAHAHAHA
|
|switch|p2a: dance this cumbia|Medicham, M, shiny|265\/265
|
|turn|7
|c|★BigSpore|EL NOMBRE
|c|★BigSpore|AHAHAHAHAHA
|
|detailschange|p2a: dance this cumbia|Medicham-Mega, M, shiny
|message|Medicham has Mega Evolved into Mega Medicham!
|move|p2a: dance this cumbia|Zen Headbutt|p1a: Sitrus Berry
|-damage|p1a: Sitrus Berry|0 fnt
|faint|p1a: Sitrus Berry
|
|c|★benito camelo|cambia al gengar
|c|★benito camelo|maldita sea
|c|★BigSpore|que loco
|
|switch|p1a: Yogurt|Landorus-Therian, M|354\/382
|-ability|p1a: Yogurt|Intimidate|[of] p2a: dance this cumbia
|-unboost|p2a: dance this cumbia|atk|1
|turn|8
|
|switch|p2a: mother|Latias, F|319\/319
|move|p1a: Yogurt|Stealth Rock|p2a: mother
|-sidestart|p2: benito camelo|move: Stealth Rock
|
|-heal|p1a: Yogurt|377\/382|[from] item: Leftovers
|turn|9
|c|★benito camelo|e we
|c|★benito camelo|le iba a cambiar el nombre
|c|★benito camelo|y lo deje asi
|c|★benito camelo|porque me tuve que ir
|c|★benito camelo|xD
|c|★BigSpore|meco
|c|★benito camelo|we
|c|★benito camelo|latios
|c|★benito camelo|y latias
|c|★benito camelo|le pegan rico
|c|★benito camelo|a tu team
|
|move|p2a: mother|Draco Meteor|p1a: Yogurt
|-damage|p1a: Yogurt|81\/382
|-unboost|p2a: mother|spa|2
|-damage|p2a: mother|288\/319|[from] item: Life Orb
|move|p1a: Yogurt|U-turn|p2a: mother
|-supereffective|p2a: mother
|-damage|p2a: mother|130\/319
|c|★BigSpore|ME LA PELA
|
|switch|p1a: Tittylegs|Medicham-Mega, M, shiny|261\/261
|
|turn|10
|
|move|p2a: mother|Roost|p2a: mother
|-heal|p2a: mother|290\/319
|move|p1a: Tittylegs|Zen Headbutt|p2a: mother
|-crit|p2a: mother
|-resisted|p2a: mother
|-damage|p2a: mother|64\/319
|
|turn|11
|c|★benito camelo|asco
|c|★BigSpore|No suelo tener problemas con ellos
|c|★BigSpore|ALAMIERDA
|c|★BigSpore|AHAHAHAHA
|
|switch|p2a: lolipop|Landorus-Therian, M, shiny|360\/382
|-damage|p2a: lolipop|313\/382|[from] Stealth Rock
|-ability|p2a: lolipop|Intimidate|[of] p1a: Tittylegs
|-unboost|p1a: Tittylegs|atk|1
|move|p1a: Tittylegs|Bullet Punch|p2a: lolipop
|-crit|p2a: lolipop
|-damage|p2a: lolipop|210\/382
|
|-heal|p2a: lolipop|233\/382|[from] item: Leftovers
|turn|12
|c|★benito camelo|asco
|c|★benito camelo|esos criticos
|c|★benito camelo|hax pedorros
|c|★BigSpore|hacks
|c|★benito camelo|la neta
|c|★benito camelo|ya no jeugo
|c|★BigSpore|AHAHAHA
|
|switch|p1a: Poe|Gengar, M, shiny|273\/273
|move|p2a: lolipop|U-turn|p1a: Poe
|-resisted|p1a: Poe
|-damage|p1a: Poe|243\/273
|
|switch|p2a: mother|Latias, F|64\/319
|-damage|p2a: mother|25\/319|[from] Stealth Rock
|
|-heal|p1a: Poe|260\/273|[from] item: Black Sludge
|turn|13
|c|★benito camelo|ahora si
|c|★benito camelo|macana
|
|move|p2a: mother|Draco Meteor|p1a: Poe
|-damage|p1a: Poe|0 fnt
|-unboost|p2a: mother|spa|2
|-damage|p2a: mother|0 fnt|[from] item: Life Orb
|faint|p1a: Poe
|faint|p2a: mother
|
|c|★BigSpore|ASCO
|c|★BigSpore|QUE FLSO
|c|★benito camelo|el qeu sea
|c|★benito camelo|llegale
|c|★benito camelo|noob
|c|★BigSpore|de hecho batallo bastante contra scizor
|c|★BigSpore|con este equipo
|c|★benito camelo|xD
|c|★BigSpore|Si se hace un swords dance me puede sweepear
|
|switch|p1a: Latios|Latios, M|158\/302
|switch|p2a: bloody mary|Gengar, F, shiny|273\/273
|-damage|p2a: bloody mary|239\/273|[from] Stealth Rock
|turn|14
|c|★benito camelo|e we
|c|★benito camelo|saca
|c|★BigSpore|EWE
|c|★benito camelo|al
|c|★BigSpore|ME LA CORTO
|c|★benito camelo|es hembra
|c|★benito camelo|uwu
|c|★BigSpore|QUE ME OUTSPEEDEAS
|c|★BigSpore|ME GANAS EL TIE
|c|★benito camelo|no te outspedeo
|
|move|p1a: Latios|Psyshock|p2a: bloody mary
|-supereffective|p2a: bloody mary
|-damage|p2a: bloody mary|0 fnt
|-damage|p1a: Latios|128\/302|[from] item: Life Orb
|faint|p2a: bloody mary
|
|
|switch|p2a: Scizor|Scizor, M, shiny|175\/343
|-damage|p2a: Scizor|133\/343|[from] Stealth Rock
|turn|15
|c|★BigSpore|EA
|c|★BigSpore|ASCO
|
|move|p2a: Scizor|Bullet Punch|p1a: Latios
|-damage|p1a: Latios|0 fnt
|faint|p1a: Latios
|
|c|★BigSpore|COME VERGA SAIS AHAHAHAHAH
|c|★benito camelo|:3
|
|switch|p1a: Tittylegs|Medicham-Mega, M, shiny|261\/261
|turn|16
|c|★BigSpore|DEBES CAER EN MIS TRAMPAS PUTO NOOB
|
|move|p1a: Tittylegs|Fake Out|p2a: Scizor
|-resisted|p2a: Scizor
|-damage|p2a: Scizor|86\/343
|cant|p2a: Scizor|flinch
|
|turn|17
|c|★benito camelo|calmate
|c|★benito camelo|we
|c|★benito camelo|la neta
|c|★BigSpore|YA BALISTE BERENJENA BAKA
|c|★benito camelo|le voy a decir
|c|★benito camelo|a mi mamá
|c|★benito camelo|y al umio
|c|★benito camelo|de tus hacks
|
|move|p2a: Scizor|Bullet Punch|p1a: Tittylegs
|-damage|p1a: Tittylegs|42\/261
|move|p1a: Tittylegs|Zen Headbutt|p2a: Scizor
|-resisted|p2a: Scizor
|-damage|p2a: Scizor|0 fnt
|faint|p2a: Scizor
|
|c|★BigSpore|el umico AHAHAHA
|
|switch|p2a: gocowash|Rotom-Wash|241\/241
|-damage|p2a: gocowash|211\/241|[from] Stealth Rock
|turn|18
|c|★benito camelo|holi
|
|switch|p1a: Yogurt|Landorus-Therian, M|81\/382
|-ability|p1a: Yogurt|Intimidate|[of] p2a: gocowash
|-unboost|p2a: gocowash|atk|1
|move|p2a: gocowash|Hidden Power|p1a: Yogurt
|-supereffective|p1a: Yogurt
|-damage|p1a: Yogurt|0 fnt
|faint|p1a: Yogurt
|
|c|★BigSpore|OLAAA
|c|★BigSpore|AAAAAAAAAAAAAAAAAAAA
|
|switch|p1a: Froot Loop|Breloom, M, shiny|262\/262
|turn|19
|c|★benito camelo|HAAAAAAAAAAa
|
|move|p2a: gocowash|Hidden Power|p1a: Froot Loop
|-supereffective|p1a: Froot Loop
|-damage|p1a: Froot Loop|66\/262
|move|p1a: Froot Loop|Bullet Seed|p2a: gocowash
|-supereffective|p2a: gocowash
|-damage|p2a: gocowash|77\/241
|-supereffective|p2a: gocowash
|-damage|p2a: gocowash|0 fnt
|-hitcount|p2a: gocowash|2
|faint|p2a: gocowash
|
|c|★BigSpore|PUTO HACKER
|c|★BigSpore|TOMA ESO
|
|switch|p2a: dance this cumbia|Medicham-Mega, M, shiny|265\/265
|-damage|p2a: dance this cumbia|249\/265|[from] Stealth Rock
|turn|20
|c|★benito camelo|ahora
|c|★BigSpore|MI JUSTICIA ANTI JAKZ
|c|★benito camelo|si
|c|★benito camelo|te cargo
|c|★benito camelo|el said bomba
|c|★benito camelo|xD
|c|★BigSpore|AHAHAHA
|c|★BigSpore|gg
|
|move|p2a: dance this cumbia|Fake Out|p1a: Froot Loop
|-damage|p1a: Froot Loop|0 fnt
|faint|p1a: Froot Loop
|
|c|★BigSpore|Pura suerte
|c|★benito camelo|no te digo
|
|switch|p1a: Tittylegs|Medicham-Mega, M, shiny|42\/261
|turn|21
|c|★benito camelo|este bato esta tan roto
|c|★BigSpore|eres
|c|★benito camelo|que merece una cumbia
|c|★BigSpore|adamant o jolly?
|c|★benito camelo|calm
|
|switch|p2a: lolipop|Landorus-Therian, M, shiny|233\/382
|-damage|p2a: lolipop|186\/382|[from] Stealth Rock
|-ability|p2a: lolipop|Intimidate|[of] p1a: Tittylegs
|-unboost|p1a: Tittylegs|atk|1
|move|p1a: Tittylegs|Fake Out|p2a: lolipop
|-damage|p2a: lolipop|144\/382
|
|-heal|p2a: lolipop|167\/382|[from] item: Leftovers
|turn|22
|c|★BigSpore|ea
|c|★benito camelo|igual
|c|★benito camelo|pelas
|c|★BigSpore|COMETE UNA VERGA
|c|★benito camelo|gracias a esto
|c|★BigSpore|TE RETO
|c|★benito camelo|xD
|c|★BigSpore|A QUE METAS
|c|★BigSpore|AL
|c|★BigSpore|MEDICHAM
|c|★BigSpore|NO TE ATREVES
|c|★BigSpore|MECO
|c|★benito camelo|arre
|
|move|p1a: Tittylegs|Zen Headbutt|p2a: lolipop
|-crit|p2a: lolipop
|-damage|p2a: lolipop|0 fnt
|faint|p2a: lolipop
|
|c|★BigSpore|AHAHAHAH
|
|switch|p2a: dance this cumbia|Medicham-Mega, M, shiny|249\/265
|-damage|p2a: dance this cumbia|233\/265|[from] Stealth Rock
|turn|23
|c|★BigSpore|revancha
|c|★BigSpore|si te ganaba
|c|★BigSpore|si no hubiera hecho tantas pendejadas
|c|★BigSpore|y no hubieras usado tus trucos pedorros
|
|move|p2a: dance this cumbia|Fake Out|p1a: Tittylegs
|-damage|p1a: Tittylegs|0 fnt
|faint|p1a: Tittylegs
|
|win|benito camelo
|c|★benito camelo|JAJAJA
|leave|BigSpore
|player|p1