|join|benito camelo
|join|alka
|player|p1|benito camelo|209
|player|p2|alka|102
|gametype|singles
|gen|6
|tier|OU
|clearpoke
|poke|p1|Altaria, M
|poke|p1|Heatran, F, shiny
|poke|p1|Keldeo
|poke|p1|Skarmory, M
|poke|p1|Landorus-Therian, M, shiny
|poke|p1|Gothitelle, M, shiny
|poke|p2|Volcarona, M
|poke|p2|Slowbro, F
|poke|p2|Breloom, M
|poke|p2|Charizard, M
|poke|p2|Tyranitar, F
|poke|p2|Excadrill, M
|rule|Swagger Clause: Swagger is banned
|rule|Baton Pass Clause: Limit one Pokémon knowing Baton Pass
|rule|Sleep Clause Mod: Limit one foe put to sleep
|rule|Species Clause: Limit one of each Pokémon
|rule|OHKO Clause: OHKO moves are banned
|rule|Moody Clause: Moody is banned
|rule|Evasion Moves Clause: Evasion moves are banned
|rule|Endless Battle Clause: Forcing endless battles is banned
|rule|HP Percentage Mod: HP is shown in percentages
|teampreview
|c|★benito camelo|preguntale
|c|★benito camelo|al osvaldo xD
|
|start
|switch|p1a: my little pony|Keldeo|323\/323
|switch|p2a: Tyranitar|Tyranitar, F|404\/404
|-weather|Sandstorm
|turn|1
|
|move|p1a: my little pony|Secret Sword|p2a: Tyranitar
|-supereffective|p2a: Tyranitar
|-damage|p2a: Tyranitar|28\/404
|-enditem|p2a: Tyranitar|Weakness Policy
|-boost|p2a: Tyranitar|atk|2|[from] item: Weakness Policy
|-boost|p2a: Tyranitar|spa|2|[from] item: Weakness Policy
|move|p2a: Tyranitar|Stealth Rock|p1a: my little pony
|-sidestart|p1: benito camelo|move: Stealth Rock
|
|-weather|Sandstorm|[upkeep]
|-damage|p1a: my little pony|303\/323|[from] sandstorm
|turn|2
|
|switch|p2a: Slowbro|Slowbro, F|394\/394
|move|p1a: my little pony|Secret Sword|p2a: Slowbro
|-resisted|p2a: Slowbro
|-damage|p2a: Slowbro|345\/394
|
|-weather|Sandstorm|[upkeep]
|-damage|p1a: my little pony|283\/323|[from] sandstorm
|-damage|p2a: Slowbro|321\/394|[from] sandstorm
|turn|3
|
|switch|p1a: TE COJI WEY|Gothitelle, M, shiny|281\/281
|-damage|p1a: TE COJI WEY|246\/281|[from] Stealth Rock
|move|p2a: Slowbro|Scald|p1a: TE COJI WEY
|-damage|p1a: TE COJI WEY|161\/281
|
|-weather|Sandstorm|[upkeep]
|-damage|p1a: TE COJI WEY|144\/281|[from] sandstorm
|-damage|p2a: Slowbro|297\/394|[from] sandstorm
|turn|4
|c|★benito camelo|GG
|c|★benito camelo|SLOWBRO
|c|★alka|ke pendejo soi
|c|★benito camelo|ya se
|c|★benito camelo|u_U
|
|move|p1a: TE COJI WEY|Thunderbolt|p2a: Slowbro
|-supereffective|p2a: Slowbro
|-damage|p2a: Slowbro|0 fnt
|faint|p2a: Slowbro
|
|-weather|Sandstorm|[upkeep]
|-damage|p1a: TE COJI WEY|127\/281|[from] sandstorm
|
|switch|p2a: Excadrill|Excadrill, M|362\/362
|turn|5
|
|switch|p1a: lolipop 2.0|Landorus-Therian, M, shiny|369\/369
|-damage|p1a: lolipop 2.0|323\/369|[from] Stealth Rock
|-ability|p1a: lolipop 2.0|Intimidate|[of] p2a: Excadrill
|-unboost|p2a: Excadrill|atk|1
|move|p2a: Excadrill|Iron Head|p1a: lolipop 2.0
|-damage|p1a: lolipop 2.0|175\/369
|-damage|p2a: Excadrill|326\/362|[from] item: Life Orb
|
|-weather|none
|turn|6
|
|switch|p2a: Breloom|Breloom, M|324\/324
|move|p1a: lolipop 2.0|U-turn|p2a: Breloom
|-damage|p2a: Breloom|130\/324
|
|switch|p1a: cotonete|Altaria, M|307\/307
|-damage|p1a: cotonete|231\/307|[from] Stealth Rock
|
|-status|p2a: Breloom|tox|[from] item: Toxic Orb
|turn|7
|
|detailschange|p1a: cotonete|Altaria-Mega, M
|-mega|p1a: cotonete|Altaria|Altarianite
|move|p1a: cotonete|Return|p2a: Breloom
|-supereffective|p2a: Breloom
|-damage|p2a: Breloom|0 fnt
|faint|p2a: Breloom
|
|
|switch|p2a: Tyranitar|Tyranitar, F|28\/404
|-weather|Sandstorm
|turn|8
|
|move|p1a: cotonete|Earthquake|p2a: Tyranitar
|-supereffective|p2a: Tyranitar
|-damage|p2a: Tyranitar|0 fnt
|faint|p2a: Tyranitar
|
|-weather|Sandstorm|[upkeep]
|-damage|p1a: cotonete|212\/307|[from] sandstorm
|c|★benito camelo|para que tiene weaknes
|c|★benito camelo|policity
|
|switch|p2a: Excadrill|Excadrill, M|326\/362
|turn|9
|c|★benito camelo|si no va a swepar xD?
|c|★alka|para matar landorus y garchomp
|c|★alka|pero nomas sirve una ves
|c|★alka|xD
|c|★alka|despues cuando ya sabes
|c|★alka|no sirve
|
|switch|p1a: Skarmory|Skarmory, M|334\/334
|-damage|p1a: Skarmory|293\/334|[from] Stealth Rock
|move|p2a: Excadrill|Iron Head|p1a: Skarmory
|-resisted|p1a: Skarmory
|-damage|p1a: Skarmory|232\/334
|-damage|p2a: Excadrill|266\/362|[from] item: Rocky Helmet|[of] p1a: Skarmory
|-damage|p2a: Excadrill|230\/362|[from] item: Life Orb
|
|-weather|Sandstorm|[upkeep]
|turn|10
|
|switch|p2a: Charizard|Charizard, M|298\/298
|move|p1a: Skarmory|Defog|p2a: Charizard
|-unboost|p2a: Charizard|evasion|1
|-sideend|p1: benito camelo|Stealth Rock|[from] move: Defog|[of] p1a: Skarmory
|
|-weather|Sandstorm|[upkeep]
|-damage|p2a: Charizard|280\/298|[from] sandstorm
|turn|11
|
|detailschange|p2a: Charizard|Charizard-Mega-Y, M
|-mega|p2a: Charizard|Charizard|Charizardite Y
|-weather|SunnyDay
|move|p2a: Charizard|Fire Blast|p1a: Skarmory
|-supereffective|p1a: Skarmory
|-damage|p1a: Skarmory|0 fnt
|faint|p1a: Skarmory
|
|-weather|SunnyDay|[upkeep]
|c|★alka|xD
|
|switch|p1a: lolipop 2.0|Landorus-Therian, M, shiny|175\/369
|-ability|p1a: lolipop 2.0|Intimidate|[of] p2a: Charizard
|-unboost|p2a: Charizard|atk|1
|turn|12
|
|switch|p1a: dont touch cotonet|Heatran, F, shiny|386\/386
|move|p2a: Charizard|Solar Beam|p1a: dont touch cotonet|[still]
|-prepare|p2a: Charizard|Solar Beam|p1a: dont touch cotonet
|-anim|p2a: Charizard|Solar Beam|p1a: dont touch cotonet
|-resisted|p1a: dont touch cotonet
|-damage|p1a: dont touch cotonet|358\/386
|
|-weather|SunnyDay|[upkeep]
|-heal|p1a: dont touch cotonet|382\/386|[from] item: Leftovers
|turn|13
|
|move|p2a: Charizard|Focus Blast|p1a: dont touch cotonet
|-supereffective|p1a: dont touch cotonet
|-damage|p1a: dont touch cotonet|142\/386
|move|p1a: dont touch cotonet|Toxic|p2a: Charizard
|-status|p2a: Charizard|tox
|
|-weather|SunnyDay|[upkeep]
|-heal|p1a: dont touch cotonet|166\/386|[from] item: Leftovers
|-damage|p2a: Charizard|262\/298 tox|[from] psn
|turn|14
|
|switch|p1a: TE COJI WEY|Gothitelle, M, shiny|127\/281
|move|p2a: Charizard|Focus Blast|p1a: TE COJI WEY
|-resisted|p1a: TE COJI WEY
|-damage|p1a: TE COJI WEY|55\/281
|
|-weather|SunnyDay|[upkeep]
|-damage|p2a: Charizard|226\/298 tox|[from] psn
|turn|15
|
|move|p2a: Charizard|Solar Beam|p1a: TE COJI WEY|[still]
|-prepare|p2a: Charizard|Solar Beam|p1a: TE COJI WEY
|-anim|p2a: Charizard|Solar Beam|p1a: TE COJI WEY
|-damage|p1a: TE COJI WEY|0 fnt
|faint|p1a: TE COJI WEY
|
|-weather|none
|-damage|p2a: Charizard|172\/298 tox|[from] psn
|
|switch|p1a: my little pony|Keldeo|283\/323
|turn|16
|c|★benito camelo|AHORA
|c|★benito camelo|SI
|c|★benito camelo|VALISTE
|
|switch|p2a: Volcarona|Volcarona, M|374\/374
|move|p1a: my little pony|Scald|p2a: Volcarona
|-supereffective|p2a: Volcarona
|-damage|p2a: Volcarona|96\/374
|
|-heal|p2a: Volcarona|119\/374|[from] item: Leftovers
|turn|17
|c|★alka|me pase de pendejo
|
|move|p1a: my little pony|Scald|p2a: Volcarona
|-crit|p2a: Volcarona
|-supereffective|p2a: Volcarona
|-damage|p2a: Volcarona|0 fnt
|faint|p2a: Volcarona
|
|
|switch|p2a: Charizard|Charizard-Mega-Y, M|172\/298 tox
|-weather|SunnyDay
|turn|18
|
|switch|p1a: dont touch cotonet|Heatran, F, shiny|166\/386
|move|p2a: Charizard|Solar Beam|p1a: dont touch cotonet|[still]
|-prepare|p2a: Charizard|Solar Beam|p1a: dont touch cotonet
|-anim|p2a: Charizard|Solar Beam|p1a: dont touch cotonet
|-resisted|p1a: dont touch cotonet
|-damage|p1a: dont touch cotonet|139\/386
|
|-weather|SunnyDay|[upkeep]
|-heal|p1a: dont touch cotonet|163\/386|[from] item: Leftovers
|-damage|p2a: Charizard|154\/298 tox|[from] psn
|turn|19
|
|move|p2a: Charizard|Solar Beam|p1a: dont touch cotonet|[still]
|-prepare|p2a: Charizard|Solar Beam|p1a: dont touch cotonet
|-anim|p2a: Charizard|Solar Beam|p1a: dont touch cotonet
|-resisted|p1a: dont touch cotonet
|-damage|p1a: dont touch cotonet|133\/386
|move|p1a: dont touch cotonet|Lava Plume|p2a: Charizard
|-resisted|p2a: Charizard
|-damage|p2a: Charizard|81\/298 tox
|
|-weather|SunnyDay|[upkeep]
|-heal|p1a: dont touch cotonet|157\/386|[from] item: Leftovers
|-damage|p2a: Charizard|45\/298 tox|[from] psn
|turn|20
|c|★alka|cai xD
|c|★benito camelo|IZI
|
|move|p2a: Charizard|Solar Beam|p1a: dont touch cotonet|[still]
|-prepare|p2a: Charizard|Solar Beam|p1a: dont touch cotonet
|-anim|p2a: Charizard|Solar Beam|p1a: dont touch cotonet
|-resisted|p1a: dont touch cotonet
|-damage|p1a: dont touch cotonet|130\/386
|move|p1a: dont touch cotonet|Stealth Rock|p2a: Charizard
|-sidestart|p2: alka|move: Stealth Rock
|
|-weather|SunnyDay|[upkeep]
|-heal|p1a: dont touch cotonet|154\/386|[from] item: Leftovers
|-damage|p2a: Charizard|0 fnt|[from] psn
|faint|p2a: Charizard
|c|★alka|ke  verga
|
|switch|p2a: Excadrill|Excadrill, M|230\/362
|-damage|p2a: Excadrill|219\/362|[from] Stealth Rock
|turn|21
|c|★benito camelo|como para que
|c|★benito camelo|voy a cambiar
|c|★benito camelo|a keldeo
|c|★benito camelo|si lo vas a matar
|c|★alka|ps a cualkiera
|c|★benito camelo|y no te mato por el sun
|c|★alka|xD
|c|★benito camelo|XD
|
|switch|p1a: lolipop 2.0|Landorus-Therian, M, shiny|175\/369
|-ability|p1a: lolipop 2.0|Intimidate|[of] p2a: Excadrill
|-unboost|p2a: Excadrill|atk|1
|move|p2a: Excadrill|Rock Slide|p1a: lolipop 2.0
|-miss|p2a: Excadrill|p1a: lolipop 2.0
|
|-weather|SunnyDay|[upkeep]
|turn|22
|c|★benito camelo|HAAAAAAAAAAAAAAAAAAAAAAAAAAAAAAAAAAAAAAAAAAAAAAAAAAAAAAAa
|c|★alka|no mms
|c|★alka|se pasaron de v erga
|
|move|p2a: Excadrill|Iron Head|p1a: lolipop 2.0
|-damage|p1a: lolipop 2.0|26\/369
|-damage|p2a: Excadrill|183\/362|[from] item: Life Orb
|move|p1a: lolipop 2.0|Explosion|p2a: Excadrill
|-resisted|p2a: Excadrill
|-damage|p2a: Excadrill|0 fnt
|faint|p1a: lolipop 2.0
|faint|p2a: Excadrill
|
|win|benito camelo
|c|★benito camelo|xD
|c|★alka|fue una mamada