|join|benito camelo
|join|POE-w-
|player|p1|benito camelo|209
|player|p2|POE-w-|3
|gametype|singles
|gen|6
|tier|OU
|clearpoke
|poke|p1|Landorus-Therian, M, shiny
|poke|p1|Latias, F
|poke|p1|Rotom-Wash
|poke|p1|Medicham, M, shiny
|poke|p1|Scizor, M, shiny
|poke|p1|Gengar, F, shiny
|poke|p2|Togekiss, M
|poke|p2|Gothitelle, F
|poke|p2|Breloom, F, shiny
|poke|p2|Greninja, M, shiny
|poke|p2|Celebi
|poke|p2|Medicham, F
|rule|Swagger Clause: Swagger is banned
|rule|Baton Pass Clause: Limit one Pokémon knowing Baton Pass
|rule|Sleep Clause Mod: Limit one foe put to sleep
|rule|Species Clause: Limit one of each Pokémon
|rule|OHKO Clause: OHKO moves are banned
|rule|Moody Clause: Moody is banned
|rule|Evasion Moves Clause: Evasion moves are banned
|rule|Endless Battle Clause: Forcing endless battles is banned
|rule|HP Percentage Mod: HP is shown in percentages
|teampreview
|c|★benito camelo|puedo explicarlo
|join|JayJardine
|c|★POE-w-|e_e
|leave|JayJardine
|
|start
|switch|p1a: kha zix|Scizor, M, shiny|343\/343
|switch|p2a: Gothitelle|Gothitelle, F|344\/344
|turn|1
|
|move|p2a: Gothitelle|Thunderbolt|p1a: kha zix
|-damage|p1a: kha zix|184\/343
|move|p1a: kha zix|U-turn|p2a: Gothitelle
|-supereffective|p2a: Gothitelle
|-damage|p2a: Gothitelle|0 fnt
|faint|p2a: Gothitelle
|c|★POE-w-|MAMADAS
|
|switch|p1a: lolipop|Landorus-Therian, M, shiny|382\/382
|
|
|switch|p2a: Medicham|Medicham, F|261\/261
|turn|2
|c|★benito camelo|si no tienes HP de fuego
|c|★benito camelo|ni te metas
|c|★POE-w-|hijo de perra?
|c|★benito camelo|contra scizor
|c|★benito camelo|xD
|c|★benito camelo|si we
|c|★benito camelo|hiijo de pepra de fuego
|
|switch|p1a: gocowash|Rotom-Wash|241\/241
|detailschange|p2a: Medicham|Medicham-Mega, F
|message|Medicham has Mega Evolved into Mega Medicham!
|move|p2a: Medicham|Fake Out|p1a: gocowash
|-damage|p1a: gocowash|177\/241
|
|turn|3
|c|★POE-w-|lo sabia xD
|c|★POE-w-|por que cuando juego contra ti me atonto? :c
|c|★POE-w-|lulululu
|c|★benito camelo|por joto?
|c|★POE-w-|si
|
|move|p1a: gocowash|Volt Switch|p2a: Medicham
|-damage|p2a: Medicham|144\/261
|c|★POE-w-|debe ser por eso
|
|switch|p1a: lolipop|Landorus-Therian, M, shiny|382\/382
|-ability|p1a: lolipop|Intimidate|[of] p2a: Medicham
|-unboost|p2a: Medicham|atk|1
|move|p2a: Medicham|Zen Headbutt|p1a: lolipop
|-damage|p1a: lolipop|277\/382
|
|-heal|p1a: lolipop|300\/382|[from] item: Leftovers
|turn|4
|c|★POE-w-|okno
|
|switch|p2a: Fairy|Celebi|404\/404
|move|p1a: lolipop|Stealth Rock|p2a: Fairy
|-sidestart|p2: POE-w-|move: Stealth Rock
|
|-heal|p1a: lolipop|323\/382|[from] item: Leftovers
|turn|5
|c|★benito camelo|AJAJAJJAJAJA
|c|★benito camelo|AJAJAJAJAJ
|c|★benito camelo|JAJAJAJAJAJA
|
|move|p2a: Fairy|Leech Seed|p1a: lolipop
|-start|p1a: lolipop|move: Leech Seed
|move|p1a: lolipop|U-turn|p2a: Fairy
|-supereffective|p2a: Fairy
|-damage|p2a: Fairy|168\/404
|c|★POE-w-|que?
|c|★POE-w-|xD
|c|★POE-w-|come caca
|c|★benito camelo|te das cuenta
|c|★POE-w-|el universo no quiere que gane
|c|★benito camelo|que gengar le hace un cochinedo
|c|★benito camelo|a tu equipo
|
|switch|p1a: bloody mary|Gengar, F, shiny|273\/273
|
|-heal|p2a: Fairy|193\/404|[from] item: Leftovers
|turn|6
|
|move|p1a: bloody mary|Substitute|p1a: bloody mary
|-start|p1a: bloody mary|Substitute
|-damage|p1a: bloody mary|205\/273
|move|p2a: Fairy|Leech Seed|p1a: bloody mary
|
|-heal|p1a: bloody mary|222\/273|[from] item: Black Sludge
|-heal|p2a: Fairy|218\/404|[from] item: Leftovers
|turn|7
|c|★POE-w-|come popo xD
|c|★POE-w-|ya no jugare contigo otra vez
|c|★POE-w-|Q_Q
|leave|POE-w-
|player|p2
|-message|Player 2 lost due to inactivity.
|
|win|benito camelo