|join|mini117
|join|IanHu999
|player|p1|mini117|206
|player|p2|IanHu999|2
|gametype|singles
|gen|6
|tier|UU
|rated
|rule|Sleep Clause Mod: Limit one foe put to sleep
|rule|Species Clause: Limit one of each Pokémon
|rule|OHKO Clause: OHKO moves are banned
|rule|Moody Clause: Moody is banned
|rule|Evasion Moves Clause: Evasion moves are banned
|rule|Endless Battle Clause: Forcing endless battles is banned
|rule|HP Percentage Mod: HP is shown in percentages
|clearpoke
|poke|p1|Celebi
|poke|p1|Blastoise, F
|poke|p1|Honchkrow, F
|poke|p1|Nidoqueen, F
|poke|p1|Mienshao, M
|poke|p1|Raikou
|poke|p2|Rhyperior, M
|poke|p2|Sceptile, M
|poke|p2|Rotom-Heat
|poke|p2|Slowking, F
|poke|p2|Crobat, M
|poke|p2|Slurpuff, M
|rule|Swagger Clause: Swagger is banned
|rule|Baton Pass Clause: Limit one Pokémon knowing Baton Pass
|teampreview
|
|start
|switch|p1a: Blastoise|Blastoise, F|361\/361
|switch|p2a: Slowking|Slowking, F|393\/393
|turn|1
|
|detailschange|p1a: Blastoise|Blastoise-Mega, F
|-mega|p1a: Blastoise|Blastoise|Blastoisinite
|move|p1a: Blastoise|Dark Pulse|p2a: Slowking
|-supereffective|p2a: Slowking
|-damage|p2a: Slowking|191\/393
|move|p2a: Slowking|Psyshock|p1a: Blastoise
|-damage|p1a: Blastoise|250\/361
|
|turn|2
|
|move|p1a: Blastoise|Dark Pulse|p2a: Slowking
|-supereffective|p2a: Slowking
|-damage|p2a: Slowking|0 fnt
|faint|p2a: Slowking
|
|
|switch|p2a: Sceptile|Sceptile, M|281\/281
|turn|3
|
|switch|p1a: Celebi|Celebi|403\/403
|detailschange|p2a: Sceptile|Sceptile-Mega, M
|-mega|p2a: Sceptile|Sceptile|Sceptilite
|move|p2a: Sceptile|Dragon Pulse|p1a: Celebi
|-damage|p1a: Celebi|285\/403
|
|-heal|p1a: Celebi|310\/403|[from] item: Leftovers
|turn|4
|
|switch|p2a: Crobat|Crobat, M|311\/311
|move|p1a: Celebi|Giga Drain|p2a: Crobat
|-resisted|p2a: Crobat
|-damage|p2a: Crobat|285\/311
|-heal|p1a: Celebi|323\/403|[from] drain|[of] p2a: Crobat
|
|-heal|p1a: Celebi|348\/403|[from] item: Leftovers
|turn|5
|
|switch|p1a: Nidoqueen|Nidoqueen, F|383\/383
|move|p2a: Crobat|Super Fang|p1a: Nidoqueen
|-damage|p1a: Nidoqueen|192\/383
|
|turn|6
|
|move|p2a: Crobat|Acrobatics|p1a: Nidoqueen
|-damage|p1a: Nidoqueen|62\/383
|move|p1a: Nidoqueen|Sludge Wave|p2a: Crobat
|-resisted|p2a: Crobat
|-damage|p2a: Crobat|217\/311
|-damage|p1a: Nidoqueen|24\/383|[from] item: Life Orb
|
|turn|7
|
|move|p2a: Crobat|Acrobatics|p1a: Nidoqueen
|-damage|p1a: Nidoqueen|0 fnt
|faint|p1a: Nidoqueen
|
|
|switch|p1a: Raikou|Raikou|321\/321
|-ability|p1a: Raikou|Pressure
|turn|8
|
|switch|p2a: Rhyperior|Rhyperior, M|391\/391
|move|p1a: Raikou|Shadow Ball|p2a: Rhyperior
|-damage|p2a: Rhyperior|224\/391
|
|-heal|p2a: Rhyperior|248\/391|[from] item: Leftovers
|turn|9
|
|switch|p1a: Celebi|Celebi|348\/403
|move|p2a: Rhyperior|Stealth Rock|p1a: Celebi
|-sidestart|p1: mini117|move: Stealth Rock
|
|-heal|p1a: Celebi|373\/403|[from] item: Leftovers
|-heal|p2a: Rhyperior|272\/391|[from] item: Leftovers
|turn|10
|
|switch|p2a: Rotom-Heat|Rotom-Heat|304\/304
|move|p1a: Celebi|Giga Drain|p2a: Rotom-Heat
|-resisted|p2a: Rotom-Heat
|-damage|p2a: Rotom-Heat|266\/304
|-heal|p1a: Celebi|392\/403|[from] drain|[of] p2a: Rotom-Heat
|
|-heal|p1a: Celebi|403\/403|[from] item: Leftovers
|-heal|p2a: Rotom-Heat|285\/304|[from] item: Leftovers
|turn|11
|
|move|p1a: Celebi|Recover|p1a: Celebi
|-fail|p1a: Celebi
|move|p2a: Rotom-Heat|Volt Switch|p1a: Celebi
|-resisted|p1a: Celebi
|-damage|p1a: Celebi|371\/403
|
|switch|p2a: Crobat|Crobat, M|217\/311
|
|-heal|p1a: Celebi|396\/403|[from] item: Leftovers
|turn|12
|
|move|p2a: Crobat|Hypnosis|p1a: Celebi
|-status|p1a: Celebi|slp
|cant|p1a: Celebi|slp
|
|-heal|p1a: Celebi|403\/403 slp|[from] item: Leftovers
|turn|13
|
|switch|p1a: Raikou|Raikou|321\/321
|-damage|p1a: Raikou|281\/321|[from] Stealth Rock
|-ability|p1a: Raikou|Pressure
|move|p2a: Crobat|Acrobatics|p1a: Raikou
|-resisted|p1a: Raikou
|-damage|p1a: Raikou|178\/321
|
|turn|14
|
|move|p2a: Crobat|Super Fang|p1a: Raikou
|-damage|p1a: Raikou|89\/321
|move|p1a: Raikou|Shadow Ball|p2a: Crobat
|-damage|p2a: Crobat|54\/311
|
|turn|15
|
|move|p2a: Crobat|Acrobatics|p1a: Raikou
|-resisted|p1a: Raikou
|-damage|p1a: Raikou|0 fnt
|faint|p1a: Raikou
|
|
|switch|p1a: Mienshao|Mienshao, M|271\/271
|-damage|p1a: Mienshao|255\/271|[from] Stealth Rock
|turn|16
|
|move|p1a: Mienshao|Knock Off|p2a: Crobat
|-damage|p2a: Crobat|0 fnt
|faint|p2a: Crobat
|
|
|switch|p2a: Rhyperior|Rhyperior, M|272\/391
|turn|17
|
|switch|p1a: Blastoise|Blastoise-Mega, F|250\/361
|-damage|p1a: Blastoise|205\/361|[from] Stealth Rock
|move|p2a: Rhyperior|Stone Edge|p1a: Blastoise
|-damage|p1a: Blastoise|39\/361
|
|-heal|p2a: Rhyperior|296\/391|[from] item: Leftovers
|turn|18
|
|move|p1a: Blastoise|Scald|p2a: Rhyperior
|-supereffective|p2a: Rhyperior
|-damage|p2a: Rhyperior|0 fnt
|faint|p2a: Rhyperior
|
|
|switch|p2a: Rotom-Heat|Rotom-Heat|285\/304
|turn|19
|
|move|p2a: Rotom-Heat|Volt Switch|p1a: Blastoise
|-supereffective|p1a: Blastoise
|-damage|p1a: Blastoise|0 fnt
|faint|p1a: Blastoise
|
|switch|p2a: Slurpuff|Slurpuff, M|322\/322
|
|
|switch|p1a: Celebi|Celebi|403\/403
|-damage|p1a: Celebi|353\/403|[from] Stealth Rock
|turn|20
|
|switch|p2a: Rotom-Heat|Rotom-Heat|285\/304
|move|p1a: Celebi|Thunder Wave|p2a: Rotom-Heat
|-fail|p2a: Rotom-Heat
|
|-heal|p1a: Celebi|378\/403|[from] item: Leftovers
|-heal|p2a: Rotom-Heat|304\/304|[from] item: Leftovers
|turn|21
|
|move|p1a: Celebi|Giga Drain|p2a: Rotom-Heat
|-resisted|p2a: Rotom-Heat
|-damage|p2a: Rotom-Heat|265\/304
|-heal|p1a: Celebi|398\/403|[from] drain|[of] p2a: Rotom-Heat
|move|p2a: Rotom-Heat|Overheat|p1a: Celebi
|-crit|p1a: Celebi
|-supereffective|p1a: Celebi
|-damage|p1a: Celebi|62\/403
|-unboost|p2a: Rotom-Heat|spa|2
|
|-heal|p1a: Celebi|87\/403|[from] item: Leftovers
|-heal|p2a: Rotom-Heat|284\/304|[from] item: Leftovers
|turn|22
|
|move|p1a: Celebi|Recover|p1a: Celebi
|-heal|p1a: Celebi|289\/403
|move|p2a: Rotom-Heat|Overheat|p1a: Celebi
|-supereffective|p1a: Celebi
|-damage|p1a: Celebi|175\/403
|-unboost|p2a: Rotom-Heat|spa|2
|
|-heal|p1a: Celebi|200\/403|[from] item: Leftovers
|-heal|p2a: Rotom-Heat|303\/304|[from] item: Leftovers
|turn|23
|
|move|p1a: Celebi|Recover|p1a: Celebi
|-heal|p1a: Celebi|402\/403
|move|p2a: Rotom-Heat|Will-O-Wisp|p1a: Celebi
|-status|p1a: Celebi|brn
|
|-heal|p1a: Celebi|403\/403 brn|[from] item: Leftovers
|-heal|p2a: Rotom-Heat|304\/304|[from] item: Leftovers
|-damage|p1a: Celebi|353\/403 brn|[from] brn
|turn|24
|
|move|p1a: Celebi|Heal Bell|p1a: Celebi
|-cureteam|p1a: Celebi|[from] move: HealBell
|move|p2a: Rotom-Heat|Volt Switch|p1a: Celebi
|-resisted|p1a: Celebi
|-damage|p1a: Celebi|342\/403
|
|switch|p2a: Sceptile|Sceptile-Mega, M|281\/281
|
|-heal|p1a: Celebi|367\/403|[from] item: Leftovers
|turn|25
|
|move|p2a: Sceptile|Dragon Pulse|p1a: Celebi
|-damage|p1a: Celebi|247\/403
|move|p1a: Celebi|Giga Drain|p2a: Sceptile
|-resisted|p2a: Sceptile
|-damage|p2a: Sceptile|258\/281
|-heal|p1a: Celebi|259\/403|[from] drain|[of] p2a: Sceptile
|
|-heal|p1a: Celebi|284\/403|[from] item: Leftovers
|turn|26
|
|move|p2a: Sceptile|Dragon Pulse|p1a: Celebi
|-damage|p1a: Celebi|166\/403
|move|p1a: Celebi|Giga Drain|p2a: Sceptile
|-resisted|p2a: Sceptile
|-damage|p2a: Sceptile|231\/281
|-heal|p1a: Celebi|180\/403|[from] drain|[of] p2a: Sceptile
|
|-heal|p1a: Celebi|205\/403|[from] item: Leftovers
|turn|27
|
|move|p2a: Sceptile|Focus Blast|p1a: Celebi
|-resisted|p1a: Celebi
|-damage|p1a: Celebi|144\/403
|-unboost|p1a: Celebi|spd|1
|move|p1a: Celebi|Giga Drain|p2a: Sceptile
|-resisted|p2a: Sceptile
|-damage|p2a: Sceptile|206\/281
|-heal|p1a: Celebi|157\/403|[from] drain|[of] p2a: Sceptile
|
|-heal|p1a: Celebi|182\/403|[from] item: Leftovers
|turn|28
|
|move|p2a: Sceptile|Dragon Pulse|p1a: Celebi
|-damage|p1a: Celebi|0 fnt
|faint|p1a: Celebi
|
|
|switch|p1a: Honchkrow|Honchkrow, F|341\/341
|-damage|p1a: Honchkrow|256\/341|[from] Stealth Rock
|turn|29
|
|switch|p2a: Rotom-Heat|Rotom-Heat|304\/304
|move|p1a: Honchkrow|Sucker Punch|p2a: Rotom-Heat
|-fail|p2a: Rotom-Heat
|
|turn|30
|
|move|p1a: Honchkrow|Brave Bird|p2a: Rotom-Heat
|-resisted|p2a: Rotom-Heat
|-damage|p2a: Rotom-Heat|214\/304
|-damage|p1a: Honchkrow|226\/341|[from] recoil|[of] p2a: Rotom-Heat
|-damage|p1a: Honchkrow|192\/341|[from] item: Life Orb
|move|p2a: Rotom-Heat|Will-O-Wisp|p1a: Honchkrow
|-status|p1a: Honchkrow|brn
|
|-heal|p2a: Rotom-Heat|233\/304|[from] item: Leftovers
|-damage|p1a: Honchkrow|150\/341 brn|[from] brn
|turn|31
|
|move|p1a: Honchkrow|Sucker Punch|p2a: Rotom-Heat
|-crit|p2a: Rotom-Heat
|-damage|p2a: Rotom-Heat|134\/304
|-damage|p1a: Honchkrow|116\/341 brn|[from] item: Life Orb
|move|p2a: Rotom-Heat|Volt Switch|p1a: Honchkrow
|-supereffective|p1a: Honchkrow
|-damage|p1a: Honchkrow|0 fnt
|faint|p1a: Honchkrow
|
|switch|p2a: Slurpuff|Slurpuff, M|322\/322
|
|
|switch|p1a: Mienshao|Mienshao, M|271\/271
|-damage|p1a: Mienshao|255\/271|[from] Stealth Rock
|turn|32
|
|move|p1a: Mienshao|Stone Edge|p2a: Slurpuff
|-damage|p2a: Slurpuff|192\/322
|move|p2a: Slurpuff|Play Rough|p1a: Mienshao
|-supereffective|p1a: Mienshao
|-damage|p1a: Mienshao|0 fnt
|faint|p1a: Mienshao
|
|win|IanHu999
|raw|Ladder updating...
|raw|mini117's rating: 1353 &rarr; <strong>1334<\/strong><br \/>(-19 for losing)
|raw|IanHu999's rating: 1361 &rarr; <strong>1381<\/strong><br \/>(+20 for winning)