|join|keroluxray
|join|BHARATH_THEBEST
|player|p1|keroluxray|126
|player|p2|BHARATH_THEBEST|290
|gametype|singles
|gen|6
|tier|OU
|rated
|clearpoke
|poke|p1|Infernape, M
|poke|p1|Azumarill, F
|poke|p1|Conkeldurr, M
|poke|p1|Bisharp, M
|poke|p1|Scizor, M
|poke|p1|Talonflame, F
|poke|p2|Kyurem-Black
|poke|p2|Greninja, F
|poke|p2|Thundurus, M
|poke|p2|Excadrill, F
|poke|p2|Garchomp, M
|poke|p2|Pinsir, F
|rule|Swagger Clause: Swagger is banned
|rule|Baton Pass Clause: Limit one Pokémon knowing Baton Pass
|rule|Sleep Clause Mod: Limit one foe put to sleep
|rule|Species Clause: Limit one of each Pokémon
|rule|OHKO Clause: OHKO moves are banned
|rule|Moody Clause: Moody is banned
|rule|Evasion Moves Clause: Evasion moves are banned
|rule|Endless Battle Clause: Forcing endless battles is banned
|rule|HP Percentage Mod: HP is shown in percentages
|teampreview
|
|start
|switch|p1a: Infernape|Infernape, M|293\/293
|switch|p2a: Garchomp|Garchomp, M|357\/357
|turn|1
|
|move|p1a: Infernape|Stealth Rock|p2a: Garchomp
|-sidestart|p2: BHARATH_THEBEST|move: Stealth Rock
|move|p2a: Garchomp|Stealth Rock|p1a: Infernape
|-sidestart|p1: keroluxray|move: Stealth Rock
|
|turn|2
|
|move|p1a: Infernape|Overheat|p2a: Garchomp
|-resisted|p2a: Garchomp
|-damage|p2a: Garchomp|256\/357
|-unboost|p1a: Infernape|spa|2
|move|p2a: Garchomp|Earthquake|p1a: Infernape
|-supereffective|p1a: Infernape
|-enditem|p1a: Infernape|Focus Sash
|-damage|p1a: Infernape|1\/293
|-damage|p2a: Garchomp|221\/357|[from] item: Life Orb
|
|turn|3
|
|move|p1a: Infernape|Mach Punch|p2a: Garchomp
|-damage|p2a: Garchomp|160\/357
|-damage|p1a: Infernape|0 fnt|[from] ability: Rough Skin|[of] p2a: Garchomp
|faint|p1a: Infernape
|move|p2a: Garchomp|Earthquake|p1: Infernape|[notarget]
|-notarget
|
|
|switch|p1a: Conkeldurr|Conkeldurr, M|413\/413
|-damage|p1a: Conkeldurr|388\/413|[from] Stealth Rock
|turn|4
|
|move|p2a: Garchomp|Earthquake|p1a: Conkeldurr
|-damage|p1a: Conkeldurr|203\/413
|-damage|p2a: Garchomp|125\/357|[from] item: Life Orb
|move|p1a: Conkeldurr|Ice Punch|p2a: Garchomp
|-supereffective|p2a: Garchomp
|-damage|p2a: Garchomp|0 fnt
|-damage|p1a: Conkeldurr|152\/413|[from] ability: Rough Skin|[of] p2a: Garchomp
|faint|p2a: Garchomp
|
|
|switch|p2a: Pinsir|Pinsir, F|271\/271
|-damage|p2a: Pinsir|204\/271|[from] Stealth Rock
|turn|5
|
|detailschange|p2a: Pinsir|Pinsir-Mega, F
|message|Pinsir has Mega Evolved into Mega Pinsir!
|move|p2a: Pinsir|Return|p1a: Conkeldurr
|-crit|p1a: Conkeldurr
|-supereffective|p1a: Conkeldurr
|-damage|p1a: Conkeldurr|0 fnt
|faint|p1a: Conkeldurr
|
|
|switch|p1a: Talonflame|Talonflame, F|297\/297
|-damage|p1a: Talonflame|149\/297|[from] Stealth Rock
|turn|6
|
|switch|p2a: Excadrill|Excadrill, F|391\/391
|-damage|p2a: Excadrill|379\/391|[from] Stealth Rock
|-ability|p2a: Excadrill|Mold Breaker
|move|p1a: Talonflame|U-turn|p2a: Excadrill
|-resisted|p2a: Excadrill
|-damage|p2a: Excadrill|304\/391
|
|switch|p1a: Scizor|Scizor, M|281\/281
|-damage|p1a: Scizor|246\/281|[from] Stealth Rock
|
|turn|7
|
|detailschange|p1a: Scizor|Scizor-Mega, M
|message|Scizor has Mega Evolved into Mega Scizor!
|move|p1a: Scizor|Swords Dance|p1a: Scizor
|-boost|p1a: Scizor|atk|2
|move|p2a: Excadrill|Rapid Spin|p1a: Scizor
|-resisted|p1a: Scizor
|-damage|p1a: Scizor|238\/281
|-sideend|p2: BHARATH_THEBEST|Stealth Rock|[from] move: Rapid Spin|[of] p2a: Excadrill
|
|turn|8
|
|switch|p2a: Greninja|Greninja, F|285\/285
|move|p1a: Scizor|Swords Dance|p1a: Scizor
|-boost|p1a: Scizor|atk|2
|
|turn|9
|
|move|p1a: Scizor|Bullet Punch|p2a: Greninja
|-resisted|p2a: Greninja
|-damage|p2a: Greninja|0 fnt
|faint|p2a: Greninja
|
|
|switch|p2a: Pinsir|Pinsir-Mega, F|204\/271
|turn|10
|
|move|p2a: Pinsir|Quick Attack|p1a: Scizor
|-damage|p1a: Scizor|165\/281
|move|p1a: Scizor|Bullet Punch|p2a: Pinsir
|-damage|p2a: Pinsir|0 fnt
|faint|p2a: Pinsir
|
|
|switch|p2a: Thundurus|Thundurus, M|299\/299
|turn|11
|
|move|p1a: Scizor|Bullet Punch|p2a: Thundurus
|-resisted|p2a: Thundurus
|-damage|p2a: Thundurus|49\/299
|move|p2a: Thundurus|Thunderbolt|p1a: Scizor
|-damage|p1a: Scizor|0 fnt
|-damage|p2a: Thundurus|20\/299|[from] item: Life Orb
|faint|p1a: Scizor
|
|
|switch|p1a: Bisharp|Bisharp, M|271\/271
|-damage|p1a: Bisharp|255\/271|[from] Stealth Rock
|turn|12
|
|move|p2a: Thundurus|Superpower|p1a: Bisharp
|-supereffective|p1a: Bisharp
|-damage|p1a: Bisharp|0 fnt
|-unboost|p2a: Thundurus|atk|1
|-unboost|p2a: Thundurus|def|1
|-damage|p2a: Thundurus|0 fnt|[from] item: Life Orb
|faint|p1a: Bisharp
|faint|p2a: Thundurus
|
|
|switch|p2a: Kyurem-Black|Kyurem-Black|391\/391
|switch|p1a: Azumarill|Azumarill, F|342\/342
|-damage|p1a: Azumarill|300\/342|[from] Stealth Rock
|-ability|p2a: Kyurem-Black|Teravolt
|turn|13
|
|move|p2a: Kyurem-Black|Fusion Bolt|p1a: Azumarill
|-supereffective|p1a: Azumarill
|-damage|p1a: Azumarill|0 fnt
|faint|p1a: Azumarill
|
|
|switch|p1a: Talonflame|Talonflame, F|149\/297
|-damage|p1a: Talonflame|1\/297|[from] Stealth Rock
|turn|14
|
|move|p1a: Talonflame|Brave Bird|p2a: Kyurem-Black
|-damage|p2a: Kyurem-Black|145\/391
|-damage|p1a: Talonflame|0 fnt|[from] recoil|[of] p2a: Kyurem-Black
|faint|p1a: Talonflame
|
|win|BHARATH_THEBEST
|raw|Ladder updating...
|raw|keroluxray's rating: 1765 &rarr; <strong>1745<\/strong><br \/>(-20 for losing)
|raw|BHARATH_THEBEST's rating: 1758 &rarr; <strong>1778<\/strong><br \/>(+20 for winning)
|c|★BHARATH_THEBEST|gg
|c|★keroluxray|gg