|join|JTewi
|join|BHARATH_THEBEST
|player|p1|JTewi|169
|player|p2|BHARATH_THEBEST|290
|gametype|singles
|gen|6
|tier|OU
|rated
|clearpoke
|poke|p1|Cresselia, F
|poke|p1|Slowking, F
|poke|p1|Breloom, F
|poke|p1|Heatran, M
|poke|p1|Heracross, F
|poke|p1|Latios, M
|poke|p2|Tyranitar, M
|poke|p2|Aegislash, M
|poke|p2|Excadrill, M
|poke|p2|Dragonite, F
|poke|p2|Talonflame, F
|poke|p2|Mawile, F
|rule|Swagger Clause: Swagger is banned
|rule|Baton Pass Clause: Limit three Pokémon knowing Baton Pass
|rule|Sleep Clause Mod: Limit one foe put to sleep
|rule|Species Clause: Limit one of each Pokémon
|rule|OHKO Clause: OHKO moves are banned
|rule|Moody Clause: Moody is banned
|rule|Evasion Moves Clause: Evasion moves are banned
|rule|Endless Battle Clause: Forcing endless battles is banned
|rule|HP Percentage Mod: HP is reported as percentages
|teampreview
|
|start
|switch|p1a: Heatran|Heatran, M|386\/386
|switch|p2a: Tyranitar|Tyranitar, M|404\/404
|-weather|Sandstorm
|turn|1
|
|move|p2a: Tyranitar|Stealth Rock|p1a: Heatran
|-sidestart|p1: JTewi|move: Stealth Rock
|move|p1a: Heatran|Stealth Rock|p2a: Tyranitar
|-sidestart|p2: BHARATH_THEBEST|move: Stealth Rock
|
|-weather|Sandstorm|[upkeep]
|turn|2
|
|switch|p2a: Excadrill|Excadrill, M|362\/362
|-damage|p2a: Excadrill|351\/362|[from] Stealth Rock
|-item|p2a: Excadrill|Air Balloon
|switch|p1a: Breloom|Breloom, F|324\/324
|-damage|p1a: Breloom|304\/324|[from] Stealth Rock
|
|-weather|Sandstorm|[upkeep]
|-damage|p1a: Breloom|284\/324|[from] sandstorm
|-status|p1a: Breloom|tox|[from] item: Toxic Orb
|turn|3
|
|move|p2a: Excadrill|Iron Head|p1a: Breloom
|-damage|p1a: Breloom|142\/324 tox
|move|p1a: Breloom|Drain Punch|p2a: Excadrill
|-supereffective|p2a: Excadrill
|-damage|p2a: Excadrill|33\/362
|-heal|p1a: Breloom|301\/324 tox|[from] drain|[of] p2a: Excadrill
|-enditem|p2a: Excadrill|Air Balloon
|
|-weather|Sandstorm|[upkeep]
|-damage|p1a: Breloom|281\/324 tox|[from] sandstorm
|-heal|p1a: Breloom|321\/324 tox|[from] ability: Poison Heal
|turn|4
|
|move|p2a: Excadrill|Rapid Spin|p1a: Breloom
|-damage|p1a: Breloom|300\/324 tox
|-sideend|p2: BHARATH_THEBEST|Stealth Rock|[from] move: Rapid Spin|[of] p2a: Excadrill
|move|p1a: Breloom|Leech Seed|p2a: Excadrill
|-start|p2a: Excadrill|move: Leech Seed
|
|-weather|Sandstorm|[upkeep]
|-damage|p1a: Breloom|280\/324 tox|[from] sandstorm
|-damage|p2a: Excadrill|0 fnt|[from] Leech Seed|[of] p1a: Breloom
|-heal|p1a: Breloom|313\/324 tox|[silent]
|-heal|p1a: Breloom|324\/324 tox|[from] ability: Poison Heal
|faint|p2a: Excadrill
|
|switch|p2a: Talonflame|Talonflame, F|326\/326
|turn|5
|
|move|p1a: Breloom|Protect|p1a: Breloom
|-singleturn|p1a: Breloom|Protect
|move|p2a: Talonflame|U-turn|p1a: Breloom
|-activate|p1a: Breloom|Protect
|
|-weather|Sandstorm|[upkeep]
|-damage|p2a: Talonflame|306\/326|[from] sandstorm
|-damage|p1a: Breloom|304\/324 tox|[from] sandstorm
|-heal|p1a: Breloom|324\/324 tox|[from] ability: Poison Heal
|turn|6
|
|move|p2a: Talonflame|U-turn|p1a: Breloom
|-damage|p1a: Breloom|251\/324 tox
|
|switch|p2a: Tyranitar|Tyranitar, M|404\/404
|move|p1a: Breloom|Spore|p2a: Tyranitar
|-status|p2a: Tyranitar|slp
|
|-weather|Sandstorm|[upkeep]
|-damage|p1a: Breloom|231\/324 tox|[from] sandstorm
|-heal|p1a: Breloom|271\/324 tox|[from] ability: Poison Heal
|turn|7
|
|switch|p1a: Heatran|Heatran, M|386\/386
|-damage|p1a: Heatran|338\/386|[from] Stealth Rock
|switch|p2a: Aegislash|Aegislash, M|261\/261
|
|-weather|Sandstorm|[upkeep]
|-heal|p1a: Heatran|362\/386|[from] item: Leftovers
|turn|8
|
|-formechange|p2a: Aegislash|Aegislash-Blade
|move|p2a: Aegislash|Sacred Sword|p1a: Heatran
|-supereffective|p1a: Heatran
|-damage|p1a: Heatran|97\/386
|-damage|p2a: Aegislash|235\/261|[from] item: Life Orb
|move|p1a: Heatran|Stealth Rock|p2a: Aegislash
|-sidestart|p2: BHARATH_THEBEST|move: Stealth Rock
|
|-weather|none
|-heal|p1a: Heatran|121\/386|[from] item: Leftovers
|turn|9
|
|move|p1a: Heatran|Protect|p1a: Heatran
|-singleturn|p1a: Heatran|Protect
|move|p2a: Aegislash|Shadow Ball|p1a: Heatran
|-activate|p1a: Heatran|Protect
|
|-heal|p1a: Heatran|145\/386|[from] item: Leftovers
|turn|10
|
|move|p2a: Aegislash|Sacred Sword|p1a: Heatran
|-supereffective|p1a: Heatran
|-damage|p1a: Heatran|0 fnt
|-damage|p2a: Aegislash|209\/261|[from] item: Life Orb
|faint|p1a: Heatran
|
|
|switch|p1a: Heracross|Heracross, F|364\/364
|-damage|p1a: Heracross|319\/364|[from] Stealth Rock
|turn|11
|
|switch|p2a: Tyranitar|Tyranitar, M|404\/404 slp
|-damage|p2a: Tyranitar|354\/404 slp|[from] Stealth Rock
|-weather|Sandstorm
|detailschange|p1a: Heracross|Heracross-Mega, F
|message|Heracross has Mega Evolved into Mega Heracross!
|move|p1a: Heracross|Earthquake|p2a: Tyranitar
|-supereffective|p2a: Tyranitar
|-damage|p2a: Tyranitar|56\/404 slp
|
|-weather|Sandstorm|[upkeep]
|-damage|p1a: Heracross|297\/364|[from] sandstorm
|turn|12
|
|cant|p2a: Tyranitar|slp
|move|p1a: Heracross|Close Combat|p2a: Tyranitar
|-supereffective|p2a: Tyranitar
|-damage|p2a: Tyranitar|0 fnt
|-unboost|p1a: Heracross|def|1
|-unboost|p1a: Heracross|spd|1
|faint|p2a: Tyranitar
|
|-weather|Sandstorm|[upkeep]
|-damage|p1a: Heracross|275\/364|[from] sandstorm
|
|switch|p2a: Aegislash|Aegislash, M|209\/261
|-damage|p2a: Aegislash|193\/261|[from] Stealth Rock
|turn|13
|
|switch|p1a: Breloom|Breloom, F|271\/324 tox
|-damage|p1a: Breloom|251\/324 tox|[from] Stealth Rock
|-formechange|p2a: Aegislash|Aegislash-Blade
|move|p2a: Aegislash|Shadow Ball|p1a: Breloom
|-damage|p1a: Breloom|0 fnt
|-damage|p2a: Aegislash|167\/261|[from] item: Life Orb
|faint|p1a: Breloom
|
|-weather|Sandstorm|[upkeep]
|
|switch|p1a: Heracross|Heracross-Mega, F|275\/364
|-damage|p1a: Heracross|230\/364|[from] Stealth Rock
|turn|14
|
|switch|p2a: Talonflame|Talonflame, F|306\/326
|-damage|p2a: Talonflame|143\/326|[from] Stealth Rock
|move|p1a: Heracross|Rock Blast|p2a: Talonflame|[miss]
|-miss|p1a: Heracross|p2a: Talonflame
|
|-weather|Sandstorm|[upkeep]
|-damage|p2a: Talonflame|123\/326|[from] sandstorm
|-damage|p1a: Heracross|208\/364|[from] sandstorm
|turn|15
|
|switch|p1a: Cresselia|Cresselia, F|443\/443
|-damage|p1a: Cresselia|388\/443|[from] Stealth Rock
|move|p2a: Talonflame|Brave Bird|p1a: Cresselia
|-damage|p1a: Cresselia|235\/443
|-damage|p2a: Talonflame|73\/326|[from] recoil|[of] p1a: Cresselia
|
|-weather|Sandstorm|[upkeep]
|-damage|p2a: Talonflame|53\/326|[from] sandstorm
|-damage|p1a: Cresselia|208\/443|[from] sandstorm
|turn|16
|
|move|p2a: Talonflame|Brave Bird|p1a: Cresselia
|-damage|p1a: Cresselia|67\/443
|-damage|p2a: Talonflame|6\/326|[from] recoil|[of] p1a: Cresselia
|move|p1a: Cresselia|Trick Room|p1a: Cresselia
|-fieldstart|move: Trick Room|[of] p1a: Cresselia
|
|-weather|Sandstorm|[upkeep]
|-damage|p1a: Cresselia|40\/443|[from] sandstorm
|-damage|p2a: Talonflame|0 fnt|[from] sandstorm
|faint|p2a: Talonflame
|
|switch|p2a: Mawile|Mawile, F|242\/242
|-damage|p2a: Mawile|227\/242|[from] Stealth Rock
|-ability|p2a: Mawile|Intimidate|[of] p1a: Cresselia
|-unboost|p1a: Cresselia|atk|1
|turn|17
|
|detailschange|p2a: Mawile|Mawile-Mega, F
|message|Mawile has Mega Evolved into Mega Mawile!
|move|p1a: Cresselia|Lunar Dance|p1a: Cresselia
|faint|p1a: Cresselia
|move|p2a: Mawile|Fire Fang|p1: Cresselia|[notarget]
|-notarget
|
|-weather|Sandstorm|[upkeep]
|
|switch|p1a: Heracross|Heracross-Mega, F|208\/364
|-heal|p1a: Heracross|364\/364|[from] move: Lunar Dance
|-damage|p1a: Heracross|319\/364|[from] Stealth Rock
|turn|18
|
|move|p2a: Mawile|Sucker Punch|p1a: Heracross
|-crit|p1a: Heracross
|-resisted|p1a: Heracross
|-damage|p1a: Heracross|205\/364
|move|p1a: Heracross|Earthquake|p2a: Mawile
|-supereffective|p2a: Mawile
|-damage|p2a: Mawile|0 fnt
|faint|p2a: Mawile
|
|-weather|none
|
|switch|p2a: Dragonite|Dragonite, F|324\/324
|-damage|p2a: Dragonite|243\/324|[from] Stealth Rock
|turn|19
|
|move|p2a: Dragonite|Extreme Speed|p1a: Heracross
|-damage|p1a: Heracross|58\/364
|move|p1a: Heracross|Rock Blast|p2a: Dragonite
|-supereffective|p2a: Dragonite
|-damage|p2a: Dragonite|149\/324
|-supereffective|p2a: Dragonite
|-damage|p2a: Dragonite|53\/324
|-supereffective|p2a: Dragonite
|-damage|p2a: Dragonite|0 fnt
|-hitcount|p2a: Dragonite|3
|faint|p2a: Dragonite
|
|
|switch|p2a: Aegislash|Aegislash, M|167\/261
|-damage|p2a: Aegislash|151\/261|[from] Stealth Rock
|turn|20
|
|move|p2a: Aegislash|King's Shield|p2a: Aegislash
|-singleturn|p2a: Aegislash|Protect
|move|p1a: Heracross|Earthquake|p2a: Aegislash
|-activate|p2a: Aegislash|Protect
|
|-fieldend|move: Trick Room
|turn|21
|
|-formechange|p2a: Aegislash|Aegislash-Blade
|move|p2a: Aegislash|Shadow Ball|p1a: Heracross
|-damage|p1a: Heracross|0 fnt
|-damage|p2a: Aegislash|125\/261|[from] item: Life Orb
|faint|p1a: Heracross
|
|
|switch|p1a: Latios|Latios, M|301\/301
|-damage|p1a: Latios|264\/301|[from] Stealth Rock
|turn|22
|
|-formechange|p2a: Aegislash|Aegislash
|move|p2a: Aegislash|King's Shield|p2a: Aegislash
|-singleturn|p2a: Aegislash|Protect
|move|p1a: Latios|Trick|p2a: Aegislash
|-activate|p1a: Latios|move: Trick|[of] p2a: Aegislash
|-item|p2a: Aegislash|Choice Scarf|[from] move: Trick
|-item|p1a: Latios|Life Orb|[from] move: Trick
|
|turn|23
|
|move|p1a: Latios|Thunderbolt|p2a: Aegislash
|-damage|p2a: Aegislash|17\/261
|-damage|p1a: Latios|234\/301|[from] item: Life Orb
|-formechange|p2a: Aegislash|Aegislash-Blade
|move|p2a: Aegislash|Shadow Ball|p1a: Latios
|-supereffective|p1a: Latios
|-damage|p1a: Latios|0 fnt
|faint|p1a: Latios
|
|
|switch|p1a: Slowking|Slowking, F|394\/394
|-damage|p1a: Slowking|345\/394|[from] Stealth Rock
|turn|24
|
|move|p2a: Aegislash|Shadow Ball|p1a: Slowking
|-supereffective|p1a: Slowking
|-damage|p1a: Slowking|37\/394
|move|p1a: Slowking|Scald|p2a: Aegislash
|-damage|p2a: Aegislash|0 fnt
|faint|p2a: Aegislash
|
|win|JTewi
|raw|Ladder updating...
|raw|JTewi's rating: 1702 &rarr; <strong>1721<\/strong><br \/>(+19 for winning)
|raw|BHARATH_THEBEST's rating: 1685 &rarr; <strong>1666<\/strong><br \/>(-19 for losing)
|chat|JTewi|gg
|chat|BHARATH_THEBEST|gg
|raw|<div class="broadcast-red"><b>The server is restarting soon.<\/b><br \/>Please finish your battles quickly. No new battles can be started until the server resets in a few minutes.<\/div>