|join|REXtreme
|join|tuRkizzle
|player|p1|REXtreme|202
|player|p2|tuRkizzle|115
|gametype|singles
|gen|6
|tier|UU
|rated
|rule|Sleep Clause Mod: Limit one foe put to sleep
|rule|Species Clause: Limit one of each Pokémon
|rule|OHKO Clause: OHKO moves are banned
|rule|Moody Clause: Moody is banned
|rule|Evasion Moves Clause: Evasion moves are banned
|rule|Endless Battle Clause: Forcing endless battles is banned
|rule|HP Percentage Mod: HP is reported as percentages
|clearpoke
|poke|p1|Alakazam, M, shiny
|poke|p1|Banette, M, shiny
|poke|p1|Sableye, M, shiny
|poke|p1|Ferroseed, M, shiny
|poke|p1|Blissey, F
|poke|p1|Alomomola, F, shiny
|poke|p2|Lucario, F
|poke|p2|Suicune
|poke|p2|Snorlax, M
|poke|p2|Darmanitan, F
|poke|p2|Hydreigon, F
|poke|p2|Mew
|rule|Swagger Clause: Swagger is banned
|rule|Baton Pass Clause: Limit one Pokémon knowing Baton Pass
|teampreview
|join|AlphonseCsr
|
|start
|switch|p1a: Knopfaug|Sableye, M, shiny|303\/303
|switch|p2a: Darmanitan|Darmanitan, F|352\/352
|turn|1
|
|move|p1a: Knopfaug|Substitute|p1a: Knopfaug
|-start|p1a: Knopfaug|Substitute
|-damage|p1a: Knopfaug|228\/303
|move|p2a: Darmanitan|U-turn|p1a: Knopfaug
|-end|p1a: Knopfaug|Substitute
|
|switch|p2a: Hydreigon|Hydreigon, F|325\/325
|
|-heal|p1a: Knopfaug|246\/303|[from] item: Leftovers
|turn|2
|
|switch|p1a: Pinkiblobba|Blissey, F|651\/651
|move|p2a: Hydreigon|U-turn|p1a: Pinkiblobba
|-damage|p1a: Pinkiblobba|558\/651
|
|switch|p2a: Lucario|Lucario, F|281\/281
|
|-heal|p1a: Pinkiblobba|598\/651|[from] item: Leftovers
|turn|3
|
|switch|p1a: Knopfaug|Sableye, M, shiny|246\/303
|move|p2a: Lucario|Swords Dance|p2a: Lucario
|-boost|p2a: Lucario|atk|2
|
|-heal|p1a: Knopfaug|264\/303|[from] item: Leftovers
|turn|4
|
|move|p1a: Knopfaug|Will-O-Wisp|p2a: Lucario
|-status|p2a: Lucario|brn
|move|p2a: Lucario|Crunch|p1a: Knopfaug
|-damage|p1a: Knopfaug|167\/303
|-damage|p2a: Lucario|253\/281 brn|[from] item: Life Orb
|
|-heal|p1a: Knopfaug|185\/303|[from] item: Leftovers
|-damage|p2a: Lucario|218\/281 brn|[from] brn
|turn|5
|
|move|p1a: Knopfaug|Recover|p1a: Knopfaug
|-heal|p1a: Knopfaug|303\/303
|move|p2a: Lucario|Crunch|p1a: Knopfaug
|-damage|p1a: Knopfaug|212\/303
|-damage|p2a: Lucario|190\/281 brn|[from] item: Life Orb
|
|-heal|p1a: Knopfaug|230\/303|[from] item: Leftovers
|-damage|p2a: Lucario|155\/281 brn|[from] brn
|turn|6
|
|move|p1a: Knopfaug|Substitute|p1a: Knopfaug
|-start|p1a: Knopfaug|Substitute
|-damage|p1a: Knopfaug|155\/303
|move|p2a: Lucario|Crunch|p1a: Knopfaug
|-end|p1a: Knopfaug|Substitute
|-damage|p2a: Lucario|127\/281 brn|[from] item: Life Orb
|
|-heal|p1a: Knopfaug|173\/303|[from] item: Leftovers
|-damage|p2a: Lucario|92\/281 brn|[from] brn
|turn|7
|
|move|p1a: Knopfaug|Recover|p1a: Knopfaug
|-heal|p1a: Knopfaug|303\/303
|move|p2a: Lucario|Swords Dance|p2a: Lucario
|-boost|p2a: Lucario|atk|2
|
|-damage|p2a: Lucario|57\/281 brn|[from] brn
|turn|8
|
|move|p1a: Knopfaug|Substitute|p1a: Knopfaug
|-start|p1a: Knopfaug|Substitute
|-damage|p1a: Knopfaug|228\/303
|move|p2a: Lucario|Crunch|p1a: Knopfaug
|-end|p1a: Knopfaug|Substitute
|-damage|p2a: Lucario|29\/281 brn|[from] item: Life Orb
|
|-heal|p1a: Knopfaug|246\/303|[from] item: Leftovers
|-damage|p2a: Lucario|0 fnt|[from] brn
|faint|p2a: Lucario
|
|switch|p2a: Darmanitan|Darmanitan, F|352\/352
|turn|9
|
|switch|p1a: Ultraviolet|Alomomola, F, shiny|471\/471
|move|p2a: Darmanitan|Flare Blitz|p1a: Ultraviolet
|-crit|p1a: Ultraviolet
|-resisted|p1a: Ultraviolet
|-damage|p1a: Ultraviolet|300\/471
|-damage|p2a: Darmanitan|296\/352|[from] recoil|[of] p1a: Ultraviolet
|
|-heal|p1a: Ultraviolet|329\/471|[from] item: Leftovers
|turn|10
|
|switch|p2a: Mew|Mew|404\/404
|move|p1a: Ultraviolet|Wish|p1a: Ultraviolet
|
|-heal|p1a: Ultraviolet|358\/471|[from] item: Leftovers
|turn|11
|
|switch|p1a: Knopfaug|Sableye, M, shiny|246\/303
|move|p2a: Mew|Knock Off|p1a: Knopfaug
|-damage|p1a: Knopfaug|184\/303
|-enditem|p1a: Knopfaug|Leftovers|[from] move: Knock Off|[of] p2a: Mew
|
|-heal|p1a: Knopfaug|303\/303|[from] move: Wish|[wisher] Ultraviolet
|turn|12
|
|move|p1a: Knopfaug|Substitute|p1a: Knopfaug
|-start|p1a: Knopfaug|Substitute
|-damage|p1a: Knopfaug|228\/303
|move|p2a: Mew|Knock Off|p1a: Knopfaug
|-crit|p1a: Knopfaug
|-activate|p1a: Knopfaug|Substitute|[damage]
|
|turn|13
|
|switch|p2a: Suicune|Suicune|404\/404
|-ability|p2a: Suicune|Pressure
|move|p1a: Knopfaug|Knock Off|p2a: Suicune
|-damage|p2a: Suicune|341\/404
|-enditem|p2a: Suicune|Leftovers|[from] move: Knock Off|[of] p1a: Knopfaug
|
|turn|14
|join|Billtodamax
|
|move|p1a: Knopfaug|Recover|p1a: Knopfaug
|-heal|p1a: Knopfaug|303\/303
|move|p2a: Suicune|Scald|p1a: Knopfaug
|-end|p1a: Knopfaug|Substitute
|
|turn|15
|
|switch|p1a: Kraw|Ferroseed, M, shiny|291\/291
|move|p2a: Suicune|Calm Mind|p2a: Suicune
|-boost|p2a: Suicune|spa|1
|-boost|p2a: Suicune|spd|1
|
|turn|16
|
|move|p2a: Suicune|Scald|p1a: Kraw
|-resisted|p1a: Kraw
|-damage|p1a: Kraw|255\/291
|move|p1a: Kraw|Leech Seed|p2a: Suicune
|-start|p2a: Suicune|move: Leech Seed
|
|-damage|p2a: Suicune|291\/404|[from] Leech Seed|[of] p1a: Kraw
|-heal|p1a: Kraw|291\/291|[silent]
|turn|17
|
|move|p2a: Suicune|Scald|p1a: Kraw
|-resisted|p1a: Kraw
|-damage|p1a: Kraw|252\/291
|move|p1a: Kraw|Stealth Rock|p2a: Suicune
|-sidestart|p2: tuRkizzle|move: Stealth Rock
|
|-damage|p2a: Suicune|241\/404|[from] Leech Seed|[of] p1a: Kraw
|-heal|p1a: Kraw|291\/291|[silent]
|turn|18
|
|switch|p2a: Mew|Mew|404\/404
|-damage|p2a: Mew|354\/404|[from] Stealth Rock
|move|p1a: Kraw|Spikes|p2a: Mew
|-sidestart|p2: tuRkizzle|Spikes
|
|-heal|p2a: Mew|379\/404|[from] item: Leftovers
|turn|19
|
|switch|p1a: Knopfaug|Sableye, M, shiny|303\/303
|move|p2a: Mew|Defog|p1a: Knopfaug
|-unboost|p1a: Knopfaug|evasion|1
|-sideend|p2: tuRkizzle|Spikes|[from] move: Defog|[of] p2a: Mew
|-sideend|p2: tuRkizzle|Stealth Rock|[from] move: Defog|[of] p2a: Mew
|
|-heal|p2a: Mew|404\/404|[from] item: Leftovers
|turn|20
|
|move|p1a: Knopfaug|Substitute|p1a: Knopfaug
|-start|p1a: Knopfaug|Substitute
|-damage|p1a: Knopfaug|228\/303
|move|p2a: Mew|Will-O-Wisp|p1a: Knopfaug
|
|turn|21
|
|switch|p2a: Suicune|Suicune|241\/404
|-ability|p2a: Suicune|Pressure
|move|p1a: Knopfaug|Knock Off|p2a: Suicune
|-damage|p2a: Suicune|204\/404
|
|turn|22
|
|switch|p2a: Hydreigon|Hydreigon, F|325\/325
|move|p1a: Knopfaug|Knock Off|p2a: Hydreigon
|-resisted|p2a: Hydreigon
|-damage|p2a: Hydreigon|279\/325
|-enditem|p2a: Hydreigon|Choice Specs|[from] move: Knock Off|[of] p1a: Knopfaug
|
|turn|23
|
|move|p1a: Knopfaug|Will-O-Wisp|p2a: Hydreigon
|-status|p2a: Hydreigon|brn
|move|p2a: Hydreigon|Dark Pulse|p1a: Knopfaug
|-end|p1a: Knopfaug|Substitute
|
|-damage|p2a: Hydreigon|239\/325 brn|[from] brn
|turn|24
|
|switch|p2a: Suicune|Suicune|204\/404
|-ability|p2a: Suicune|Pressure
|switch|p1a: Pinkiblobba|Blissey, F|598\/651
|
|-heal|p1a: Pinkiblobba|638\/651|[from] item: Leftovers
|turn|25
|
|move|p2a: Suicune|Calm Mind|p2a: Suicune
|-boost|p2a: Suicune|spa|1
|-boost|p2a: Suicune|spd|1
|move|p1a: Pinkiblobba|Seismic Toss|p2a: Suicune
|-damage|p2a: Suicune|104\/404
|
|-heal|p1a: Pinkiblobba|651\/651|[from] item: Leftovers
|turn|26
|
|switch|p1a: Alakazam|Alakazam, M, shiny|251\/251
|move|p2a: Suicune|Scald|p1a: Alakazam
|-damage|p1a: Alakazam|122\/251
|-status|p1a: Alakazam|brn
|
|turn|27
|
|switch|p2a: Mew|Mew|404\/404
|move|p1a: Alakazam|Psyshock|p2a: Mew
|-resisted|p2a: Mew
|-damage|p2a: Mew|337\/404
|
|-heal|p2a: Mew|362\/404|[from] item: Leftovers
|turn|28
|
|switch|p1a: Knopfaug|Sableye, M, shiny|228\/303
|move|p2a: Mew|Knock Off|p1a: Knopfaug
|-damage|p1a: Knopfaug|185\/303
|
|-heal|p2a: Mew|387\/404|[from] item: Leftovers
|turn|29
|
|switch|p2a: Darmanitan|Darmanitan, F|296\/352
|move|p1a: Knopfaug|Substitute|p1a: Knopfaug
|-start|p1a: Knopfaug|Substitute
|-damage|p1a: Knopfaug|110\/303
|
|turn|30
|
|move|p1a: Knopfaug|Recover|p1a: Knopfaug
|-heal|p1a: Knopfaug|262\/303
|move|p2a: Darmanitan|Flare Blitz|p1a: Knopfaug
|-end|p1a: Knopfaug|Substitute
|-damage|p2a: Darmanitan|271\/352|[from] recoil|[of] p1a: Knopfaug
|
|turn|31
|
|switch|p1a: Ultraviolet|Alomomola, F, shiny|471\/471
|move|p2a: Darmanitan|Flare Blitz|p1a: Ultraviolet
|-resisted|p1a: Ultraviolet
|-damage|p1a: Ultraviolet|356\/471
|-damage|p2a: Darmanitan|233\/352|[from] recoil|[of] p1a: Ultraviolet
|
|-heal|p1a: Ultraviolet|385\/471|[from] item: Leftovers
|turn|32
|
|switch|p2a: Suicune|Suicune|104\/404
|-ability|p2a: Suicune|Pressure
|move|p1a: Ultraviolet|Wish|p1a: Ultraviolet
|
|-heal|p1a: Ultraviolet|414\/471|[from] item: Leftovers
|turn|33
|
|switch|p1a: Alakazam|Alakazam, M, shiny|122\/251 brn
|move|p2a: Suicune|Rest|p2a: Suicune
|-status|p2a: Suicune|slp
|-heal|p2a: Suicune|404\/404 slp|[silent]
|-status|p2a: Suicune|slp|[from] move: Rest
|
|-heal|p1a: Alakazam|251\/251 brn|[from] move: Wish|[wisher] Ultraviolet
|turn|34
|
|move|p1a: Alakazam|Encore|p2a: Suicune
|-start|p2a: Suicune|Encore
|cant|p2a: Suicune|slp
|
|turn|35
|
|switch|p2a: Snorlax|Snorlax, M|524\/524
|move|p1a: Alakazam|Shadow Ball|p2a: Snorlax
|-immune|p2a: Snorlax|[msg]
|
|turn|36
|
|switch|p1a: Knopfaug|Sableye, M, shiny|262\/303
|switch|p2a: Darmanitan|Darmanitan, F|233\/352
|
|turn|37
|
|move|p1a: Knopfaug|Substitute|p1a: Knopfaug
|-start|p1a: Knopfaug|Substitute
|-damage|p1a: Knopfaug|187\/303
|move|p2a: Darmanitan|Flare Blitz|p1a: Knopfaug
|-end|p1a: Knopfaug|Substitute
|-damage|p2a: Darmanitan|208\/352|[from] recoil|[of] p1a: Knopfaug
|
|turn|38
|
|switch|p1a: Ultraviolet|Alomomola, F, shiny|471\/471
|move|p2a: Darmanitan|Flare Blitz|p1a: Ultraviolet
|-resisted|p1a: Ultraviolet
|-damage|p1a: Ultraviolet|358\/471
|-damage|p2a: Darmanitan|171\/352|[from] recoil|[of] p1a: Ultraviolet
|
|-heal|p1a: Ultraviolet|387\/471|[from] item: Leftovers
|turn|39
|chat|Billtodamax|where is your helmet
|
|switch|p2a: Suicune|Suicune|404\/404 slp
|-ability|p2a: Suicune|Pressure
|move|p1a: Ultraviolet|Wish|p1a: Ultraviolet
|
|-heal|p1a: Ultraviolet|416\/471|[from] item: Leftovers
|turn|40
|chat|Billtodamax|this monkey would be dead so much quicker
|
|switch|p1a: Kraw|Ferroseed, M, shiny|291\/291
|cant|p2a: Suicune|slp
|move|p2a: Suicune|Sleep Talk|p2a: Suicune
|move|p2a: Suicune|Scald|p1a: Kraw|[from]Sleep Talk
|-resisted|p1a: Kraw
|-damage|p1a: Kraw|266\/291
|
|-heal|p1a: Kraw|291\/291|[from] move: Wish|[wisher] Ultraviolet
|turn|41
|
|-curestatus|p2a: Suicune|slp
|move|p2a: Suicune|Sleep Talk|p2a: Suicune
|-fail|p2a: Suicune
|move|p1a: Kraw|Leech Seed|p2a: Suicune
|-start|p2a: Suicune|move: Leech Seed
|
|-damage|p2a: Suicune|354\/404|[from] Leech Seed|[of] p1a: Kraw
|turn|42
|
|switch|p2a: Hydreigon|Hydreigon, F|239\/325 brn
|move|p1a: Kraw|Stealth Rock|p2a: Hydreigon
|-sidestart|p2: tuRkizzle|move: Stealth Rock
|
|-damage|p2a: Hydreigon|199\/325 brn|[from] brn
|turn|43
|
|move|p1a: Kraw|Protect|p1a: Kraw
|-singleturn|p1a: Kraw|Protect
|move|p2a: Hydreigon|Dark Pulse|p1a: Kraw
|-activate|p1a: Kraw|Protect
|
|-damage|p2a: Hydreigon|159\/325 brn|[from] brn
|turn|44
|chat|Billtodamax|fire blast here
|
|switch|p2a: Darmanitan|Darmanitan, F|171\/352
|-damage|p2a: Darmanitan|83\/352|[from] Stealth Rock
|switch|p1a: Pinkiblobba|Blissey, F|651\/651
|
|turn|45
|
|move|p1a: Pinkiblobba|Protect|p1a: Pinkiblobba
|-singleturn|p1a: Pinkiblobba|Protect
|move|p2a: Darmanitan|Flare Blitz|p1a: Pinkiblobba
|-activate|p1a: Pinkiblobba|Protect
|
|turn|46
|chat|Billtodamax|or just wear down your darm more?
|
|switch|p1a: Ultraviolet|Alomomola, F, shiny|471\/471
|move|p2a: Darmanitan|Flare Blitz|p1a: Ultraviolet
|-resisted|p1a: Ultraviolet
|-damage|p1a: Ultraviolet|345\/471
|-damage|p2a: Darmanitan|41\/352|[from] recoil|[of] p1a: Ultraviolet
|
|-heal|p1a: Ultraviolet|374\/471|[from] item: Leftovers
|turn|47
|chat|Billtodamax|idk that works
|
|move|p2a: Darmanitan|Flare Blitz|p1a: Ultraviolet
|-resisted|p1a: Ultraviolet
|-damage|p1a: Ultraviolet|254\/471
|-damage|p2a: Darmanitan|1\/352|[from] recoil|[of] p1a: Ultraviolet
|move|p1a: Ultraviolet|Wish|p1a: Ultraviolet
|
|-heal|p1a: Ultraviolet|283\/471|[from] item: Leftovers
|turn|48
|join|watfor
|
|move|p1a: Ultraviolet|Protect|p1a: Ultraviolet
|-singleturn|p1a: Ultraviolet|Protect
|move|p2a: Darmanitan|Flare Blitz|p1a: Ultraviolet
|-activate|p1a: Ultraviolet|Protect
|
|-heal|p1a: Ultraviolet|471\/471|[from] move: Wish|[wisher] Ultraviolet
|turn|49
|
|move|p2a: Darmanitan|Flare Blitz|p1a: Ultraviolet
|-resisted|p1a: Ultraviolet
|-damage|p1a: Ultraviolet|351\/471
|-damage|p2a: Darmanitan|0 fnt|[from] recoil|[of] p1a: Ultraviolet
|faint|p2a: Darmanitan
|move|p1a: Ultraviolet|Wish|p1a: Ultraviolet
|
|-heal|p1a: Ultraviolet|380\/471|[from] item: Leftovers
|
|switch|p2a: Suicune|Suicune|354\/404
|-damage|p2a: Suicune|304\/404|[from] Stealth Rock
|-ability|p2a: Suicune|Pressure
|turn|50
|
|move|p2a: Suicune|Calm Mind|p2a: Suicune
|-boost|p2a: Suicune|spa|1
|-boost|p2a: Suicune|spd|1
|move|p1a: Ultraviolet|Toxic|p2a: Suicune
|-status|p2a: Suicune|tox
|
|-heal|p1a: Ultraviolet|471\/471|[from] move: Wish|[wisher] Ultraviolet
|-damage|p2a: Suicune|279\/404 tox|[from] psn
|turn|51
|
|switch|p1a: Kraw|Ferroseed, M, shiny|291\/291
|move|p2a: Suicune|Scald|p1a: Kraw
|-resisted|p1a: Kraw
|-damage|p1a: Kraw|254\/291
|
|-damage|p2a: Suicune|229\/404 tox|[from] psn
|turn|52
|
|move|p2a: Suicune|Scald|p1a: Kraw
|-resisted|p1a: Kraw
|-damage|p1a: Kraw|218\/291
|move|p1a: Kraw|Leech Seed|p2a: Suicune
|-start|p2a: Suicune|move: Leech Seed
|
|-damage|p2a: Suicune|179\/404 tox|[from] Leech Seed|[of] p1a: Kraw
|-heal|p1a: Kraw|268\/291|[silent]
|-damage|p2a: Suicune|104\/404 tox|[from] psn
|turn|53
|chat|tuRkizzle|gg
|
|switch|p1a: Alakazam|Alakazam, M, shiny|251\/251 brn
|move|p2a: Suicune|Rest|p2a: Suicune
|-status|p2a: Suicune|slp
|-heal|p2a: Suicune|404\/404 slp|[silent]
|-status|p2a: Suicune|slp|[from] move: Rest
|
|-damage|p2a: Suicune|354\/404 slp|[from] Leech Seed|[of] p1a: Alakazam
|turn|54
|
|move|p1a: Alakazam|Psyshock|p2a: Suicune
|-damage|p2a: Suicune|263\/404 slp
|cant|p2a: Suicune|slp
|move|p2a: Suicune|Sleep Talk|p2a: Suicune
|move|p2a: Suicune|Rest|p2a: Suicune|[from]Sleep Talk
|-fail|p2a: Suicune
|
|-damage|p2a: Suicune|213\/404 slp|[from] Leech Seed|[of] p1a: Alakazam
|turn|55
|
|move|p1a: Alakazam|Encore|p2a: Suicune
|-start|p2a: Suicune|Encore
|cant|p2a: Suicune|slp
|move|p2a: Suicune|Sleep Talk|p2a: Suicune
|move|p2a: Suicune|Calm Mind|p2a: Suicune|[from]Sleep Talk
|-boost|p2a: Suicune|spa|1
|-boost|p2a: Suicune|spd|1
|
|-damage|p2a: Suicune|163\/404 slp|[from] Leech Seed|[of] p1a: Alakazam
|turn|56
|-message|tuRkizzle forfeited.
|
|win|REXtreme
|raw|Ladder updating...
|leave|tuRkizzle
|player|p2
|raw|REXtreme's rating: 1628 &rarr; <strong>1642<\/strong><br \/>(+14 for winning)
|raw|tuRkizzle's rating: 1513 &rarr; <strong>1499<\/strong><br \/>(-14 for losing)
|leave|Billtodamax
|leave|REXtreme
|player|p1
|leave|AlphonseCsr