|join|tuRkizzle
|join|Psychotesty
|player|p1|tuRkizzle|115
|player|p2|Psychotesty|101
|gametype|singles
|gen|6
|tier|UU
|rated
|rule|Sleep Clause Mod: Limit one foe put to sleep
|rule|Species Clause: Limit one of each Pokémon
|rule|OHKO Clause: OHKO moves are banned
|rule|Moody Clause: Moody is banned
|rule|Evasion Moves Clause: Evasion moves are banned
|rule|Endless Battle Clause: Forcing endless battles is banned
|rule|HP Percentage Mod: HP is shown in percentages
|clearpoke
|poke|p1|Goodra, M
|poke|p1|Krookodile, F
|poke|p1|Empoleon, F
|poke|p1|Jirachi
|poke|p1|Blastoise, M
|poke|p1|Mienshao, M
|poke|p2|Flygon, M
|poke|p2|Jirachi
|poke|p2|Entei, shiny
|poke|p2|Mienshao, M
|poke|p2|Porygon-Z
|poke|p2|Slurpuff, F
|rule|Swagger Clause: Swagger is banned
|rule|Baton Pass Clause: Limit one Pokémon knowing Baton Pass
|teampreview
|
|start
|switch|p1a: Krookodile|Krookodile, F|393\/393
|switch|p2a: Jirachi|Jirachi|341\/341
|-ability|p1a: Krookodile|Intimidate|[of] p2a: Jirachi
|-unboost|p2a: Jirachi|atk|1
|turn|1
|
|move|p2a: Jirachi|Grass Knot|p1a: Krookodile
|-supereffective|p1a: Krookodile
|-damage|p1a: Krookodile|119\/393
|move|p1a: Krookodile|Stealth Rock|p2a: Jirachi
|-sidestart|p2: Psychotesty|move: Stealth Rock
|
|-heal|p1a: Krookodile|143\/393|[from] item: Leftovers
|turn|2
|
|switch|p2a: Flygon|Flygon, M|353\/353
|-damage|p2a: Flygon|331\/353|[from] Stealth Rock
|switch|p1a: Goodra|Goodra, M|370\/370
|
|-heal|p2a: Flygon|353\/353|[from] item: Leftovers
|turn|3
|
|switch|p1a: Empoleon|Empoleon, F|342\/342
|move|p2a: Flygon|Defog|p1a: Empoleon
|-unboost|p1a: Empoleon|evasion|1
|-sideend|p2: Psychotesty|Stealth Rock|[from] move: Defog|[of] p2a: Flygon
|
|turn|4
|
|move|p2a: Flygon|Earthquake|p1a: Empoleon
|-supereffective|p1a: Empoleon
|-damage|p1a: Empoleon|72\/342
|move|p1a: Empoleon|Knock Off|p2a: Flygon
|-damage|p2a: Flygon|270\/353
|-enditem|p2a: Flygon|Leftovers|[from] move: Knock Off|[of] p1a: Empoleon
|
|turn|5
|
|move|p1a: Empoleon|Aqua Jet|p2a: Flygon
|-damage|p2a: Flygon|197\/353
|move|p2a: Flygon|Toxic|p1a: Empoleon
|-fail|p1a: Empoleon
|
|turn|6
|
|move|p1a: Empoleon|Aqua Jet|p2a: Flygon
|-damage|p2a: Flygon|113\/353
|move|p2a: Flygon|Roost|p2a: Flygon
|-heal|p2a: Flygon|290\/353
|
|turn|7
|
|move|p2a: Flygon|Earthquake|p1a: Empoleon
|-supereffective|p1a: Empoleon
|-damage|p1a: Empoleon|0 fnt
|faint|p1a: Empoleon
|
|
|switch|p1a: Blastoise|Blastoise, M|334\/334
|turn|8
|
|detailschange|p1a: Blastoise|Blastoise-Mega, M
|message|Blastoise has Mega Evolved into Mega Blastoise!
|move|p2a: Flygon|Toxic|p1a: Blastoise
|-status|p1a: Blastoise|tox
|move|p1a: Blastoise|Scald|p2a: Flygon
|-damage|p2a: Flygon|100\/353
|-status|p2a: Flygon|brn
|
|-damage|p2a: Flygon|56\/353 brn|[from] brn
|-damage|p1a: Blastoise|314\/334 tox|[from] psn
|turn|9
|
|move|p2a: Flygon|Earthquake|p1a: Blastoise
|-damage|p1a: Blastoise|265\/334 tox
|move|p1a: Blastoise|Scald|p2a: Flygon
|-damage|p2a: Flygon|0 fnt
|faint|p2a: Flygon
|
|-damage|p1a: Blastoise|225\/334 tox|[from] psn
|
|switch|p2a: Jirachi|Jirachi|341\/341
|turn|10
|
|move|p2a: Jirachi|Stealth Rock|p1a: Blastoise
|-sidestart|p1: tuRkizzle|move: Stealth Rock
|move|p1a: Blastoise|Dark Pulse|p2a: Jirachi
|-supereffective|p2a: Jirachi
|-damage|p2a: Jirachi|39\/341
|
|-damage|p1a: Blastoise|165\/334 tox|[from] psn
|turn|11
|
|move|p2a: Jirachi|Grass Knot|p1a: Blastoise
|-supereffective|p1a: Blastoise
|-damage|p1a: Blastoise|0 fnt
|faint|p1a: Blastoise
|
|
|switch|p1a: Mienshao|Mienshao, M|271\/271
|-damage|p1a: Mienshao|255\/271|[from] Stealth Rock
|turn|12
|
|move|p1a: Mienshao|U-turn|p2a: Jirachi
|-damage|p2a: Jirachi|0 fnt
|faint|p2a: Jirachi
|
|switch|p1a: Jirachi|Jirachi|402\/402
|-damage|p1a: Jirachi|377\/402|[from] Stealth Rock
|
|-heal|p1a: Jirachi|402\/402|[from] item: Leftovers
|
|switch|p2a: Entei|Entei, shiny|371\/371
|-ability|p2a: Entei|Pressure
|turn|13
|
|switch|p1a: Krookodile|Krookodile, F|143\/393
|-damage|p1a: Krookodile|119\/393|[from] Stealth Rock
|-ability|p1a: Krookodile|Intimidate|[of] p2a: Entei
|-unboost|p2a: Entei|atk|1
|move|p2a: Entei|Sacred Fire|p1a: Krookodile
|-damage|p1a: Krookodile|0 fnt
|faint|p1a: Krookodile
|
|
|switch|p1a: Goodra|Goodra, M|370\/370
|-damage|p1a: Goodra|324\/370|[from] Stealth Rock
|turn|14
|
|switch|p2a: Slurpuff|Slurpuff, F|305\/305
|move|p1a: Goodra|Earthquake|p2a: Slurpuff
|-damage|p2a: Slurpuff|130\/305
|-enditem|p2a: Slurpuff|Sitrus Berry|[eat]
|-heal|p2a: Slurpuff|206\/305|[from] item: Sitrus Berry
|
|turn|15
|
|move|p2a: Slurpuff|Calm Mind|p2a: Slurpuff
|-boost|p2a: Slurpuff|spa|1
|-boost|p2a: Slurpuff|spd|1
|move|p1a: Goodra|Earthquake|p2a: Slurpuff
|-damage|p2a: Slurpuff|37\/305
|
|turn|16
|
|switch|p1a: Jirachi|Jirachi|402\/402
|-damage|p1a: Jirachi|377\/402|[from] Stealth Rock
|move|p2a: Slurpuff|Dazzling Gleam|p1a: Jirachi
|-resisted|p1a: Jirachi
|-damage|p1a: Jirachi|285\/402
|
|-heal|p1a: Jirachi|310\/402|[from] item: Leftovers
|turn|17
|
|move|p2a: Slurpuff|Flamethrower|p1a: Jirachi
|-supereffective|p1a: Jirachi
|-damage|p1a: Jirachi|40\/402
|move|p1a: Jirachi|Calm Mind|p1a: Jirachi
|-boost|p1a: Jirachi|spa|1
|-boost|p1a: Jirachi|spd|1
|
|-heal|p1a: Jirachi|65\/402|[from] item: Leftovers
|turn|18
|
|move|p2a: Slurpuff|Flamethrower|p1a: Jirachi
|-supereffective|p1a: Jirachi
|-damage|p1a: Jirachi|0 fnt
|faint|p1a: Jirachi
|
|
|switch|p1a: Mienshao|Mienshao, M|255\/271
|-damage|p1a: Mienshao|239\/271|[from] Stealth Rock
|turn|19
|
|move|p1a: Mienshao|High Jump Kick|p2a: Slurpuff
|-resisted|p2a: Slurpuff
|-damage|p2a: Slurpuff|0 fnt
|faint|p2a: Slurpuff
|
|
|switch|p2a: Entei|Entei, shiny|371\/371
|-ability|p2a: Entei|Pressure
|turn|20
|
|switch|p1a: Goodra|Goodra, M|324\/370
|-damage|p1a: Goodra|278\/370|[from] Stealth Rock
|move|p2a: Entei|Sacred Fire|p1a: Goodra
|-resisted|p1a: Goodra
|-damage|p1a: Goodra|89\/370
|-status|p1a: Goodra|brn
|
|-damage|p1a: Goodra|43\/370 brn|[from] brn
|turn|21
|
|switch|p2a: Porygon-Z|Porygon-Z|311\/311
|move|p1a: Goodra|Earthquake|p2a: Porygon-Z
|-damage|p2a: Porygon-Z|183\/311
|
|-damage|p1a: Goodra|0 fnt|[from] brn
|faint|p1a: Goodra
|
|switch|p1a: Mienshao|Mienshao, M|239\/271
|-damage|p1a: Mienshao|223\/271|[from] Stealth Rock
|turn|22
|
|move|p1a: Mienshao|High Jump Kick|p2a: Porygon-Z
|-supereffective|p2a: Porygon-Z
|-damage|p2a: Porygon-Z|0 fnt
|faint|p2a: Porygon-Z
|
|
|switch|p2a: Mienshao|Mienshao, M|271\/271
|turn|23
|
|move|p2a: Mienshao|High Jump Kick|p1a: Mienshao
|-damage|p1a: Mienshao|0 fnt
|faint|p1a: Mienshao
|
|win|Psychotesty
|raw|Ladder updating...
|raw|tuRkizzle's rating: 1607 &rarr; <strong>1578<\/strong><br \/>(-29 for losing)
|raw|Psychotesty's rating: 1437 &rarr; <strong>1466<\/strong><br \/>(+29 for winning)
|leave|tuRkizzle
|player|p1