|join|tuRkizzle
|join|Miss Noob
|player|p1|tuRkizzle|115
|player|p2|Miss Noob|28
|gametype|singles
|gen|6
|tier|UU
|rated
|rule|Sleep Clause Mod: Limit one foe put to sleep
|rule|Species Clause: Limit one of each Pokémon
|rule|OHKO Clause: OHKO moves are banned
|rule|Moody Clause: Moody is banned
|rule|Evasion Moves Clause: Evasion moves are banned
|rule|Endless Battle Clause: Forcing endless battles is banned
|rule|HP Percentage Mod: HP is shown in percentages
|clearpoke
|poke|p1|Aerodactyl, M
|poke|p1|Ampharos, F
|poke|p1|Suicune
|poke|p1|Hydreigon, F
|poke|p1|Victini
|poke|p1|Lucario, F
|poke|p2|Fletchinder, F, shiny
|poke|p2|Flygon, F
|poke|p2|Uxie
|poke|p2|Absol, F
|poke|p2|Donphan, M
|poke|p2|Raikou, shiny
|rule|Swagger Clause: Swagger is banned
|rule|Baton Pass Clause: Limit one Pokémon knowing Baton Pass
|teampreview
|c|★Miss Noob|hi
|c|★tuRkizzle|hi
|
|start
|switch|p1a: Hydreigon|Hydreigon, F|325\/325
|switch|p2a: D-Angelo|Absol, F|271\/271
|turn|1
|c|★Miss Noob|fight before no?
|c|★Miss Noob|2 times?
|
|detailschange|p2a: D-Angelo|Absol-Mega, F
|message|Absol has Mega Evolved into Mega Absol!
|move|p2a: D-Angelo|Protect|p2a: D-Angelo
|-singleturn|p2a: D-Angelo|Protect
|move|p1a: Hydreigon|U-turn|p2a: D-Angelo
|-activate|p2a: D-Angelo|Protect
|
|turn|2
|c|★tuRkizzle|cant rememeber
|c|★Miss Noob|mmm
|c|★Miss Noob|your team is an rmt in smogon? i fight whit him
|
|switch|p1a: Ampharos|Ampharos, F|369\/369
|switch|p2a: 5|Fletchinder, F, shiny|327\/327
|
|turn|3
|c|★tuRkizzle|shrugs maybe
|
|switch|p2a: Uzzi|Uxie|354\/354
|detailschange|p1a: Ampharos|Ampharos-Mega, F
|message|Ampharos has Mega Evolved into Mega Ampharos!
|-ability|p1a: Ampharos|Mold Breaker
|move|p1a: Ampharos|Volt Switch|p2a: Uzzi
|-damage|p2a: Uzzi|242\/354
|
|switch|p1a: Hydreigon|Hydreigon, F|325\/325
|
|-heal|p2a: Uzzi|264\/354|[from] item: Leftovers
|turn|4
|
|move|p1a: Hydreigon|Dark Pulse|p2a: Uzzi
|-supereffective|p2a: Uzzi
|-damage|p2a: Uzzi|76\/354
|move|p2a: Uzzi|Knock Off|p1a: Hydreigon
|-resisted|p1a: Hydreigon
|-damage|p1a: Hydreigon|293\/325
|-enditem|p1a: Hydreigon|Choice Scarf|[from] move: Knock Off|[of] p2a: Uzzi
|
|-heal|p2a: Uzzi|98\/354|[from] item: Leftovers
|turn|5
|
|switch|p2a: Musho|Raikou, shiny|322\/322
|-ability|p2a: Musho|Pressure
|move|p1a: Hydreigon|Dark Pulse|p2a: Musho
|-crit|p2a: Musho
|-damage|p2a: Musho|106\/322
|
|-heal|p2a: Musho|126\/322|[from] item: Leftovers
|turn|6
|
|switch|p2a: Rodolfo|Donphan, M|384\/384
|move|p1a: Hydreigon|Dark Pulse|p2a: Rodolfo
|-damage|p2a: Rodolfo|189\/384
|
|-heal|p2a: Rodolfo|213\/384|[from] item: Leftovers
|turn|7
|
|move|p2a: Rodolfo|Ice Shard|p1a: Hydreigon
|-supereffective|p1a: Hydreigon
|-damage|p1a: Hydreigon|219\/325
|move|p1a: Hydreigon|Dark Pulse|p2a: Rodolfo
|-damage|p2a: Rodolfo|20\/384
|
|-heal|p2a: Rodolfo|44\/384|[from] item: Leftovers
|turn|8
|
|switch|p1a: Suicune|Suicune|404\/404
|-ability|p1a: Suicune|Pressure
|move|p2a: Rodolfo|Ice Shard|p1a: Suicune
|-resisted|p1a: Suicune
|-damage|p1a: Suicune|392\/404
|
|-heal|p1a: Suicune|404\/404|[from] item: Leftovers
|-heal|p2a: Rodolfo|68\/384|[from] item: Leftovers
|turn|9
|
|switch|p2a: Uzzi|Uxie|98\/354
|move|p1a: Suicune|Scald|p2a: Uzzi
|-damage|p2a: Uzzi|38\/354
|
|-heal|p2a: Uzzi|60\/354|[from] item: Leftovers
|turn|10
|
|move|p2a: Uzzi|Stealth Rock|p1a: Suicune
|-sidestart|p1: tuRkizzle|move: Stealth Rock
|move|p1a: Suicune|Scald|p2a: Uzzi
|-damage|p2a: Uzzi|0 fnt
|faint|p2a: Uzzi
|
|
|switch|p2a: Musho|Raikou, shiny|126\/322
|-ability|p2a: Musho|Pressure
|turn|11
|
|move|p2a: Musho|Thunderbolt|p1a: Suicune
|-supereffective|p1a: Suicune
|-damage|p1a: Suicune|140\/404
|move|p1a: Suicune|Scald|p2a: Musho
|-crit|p2a: Musho
|-damage|p2a: Musho|0 fnt
|faint|p2a: Musho
|
|-heal|p1a: Suicune|165\/404|[from] item: Leftovers
|c|★Miss Noob|heee pure crits
|c|★Miss Noob|5 fight in day whit hax 
|
|switch|p2a: Bichona|Flygon, F|302\/302
|turn|12
|
|move|p2a: Bichona|Earthquake|p1a: Suicune
|-damage|p1a: Suicune|71\/404
|move|p1a: Suicune|Scald|p2a: Bichona
|-damage|p2a: Bichona|203\/302
|
|-heal|p1a: Suicune|96\/404|[from] item: Leftovers
|turn|13
|
|move|p2a: Bichona|Earthquake|p1a: Suicune
|-damage|p1a: Suicune|0 fnt
|faint|p1a: Suicune
|
|
|switch|p1a: Aerodactyl|Aerodactyl, M|364\/364
|-damage|p1a: Aerodactyl|273\/364|[from] Stealth Rock
|-ability|p1a: Aerodactyl|Pressure
|turn|14
|
|switch|p2a: Rodolfo|Donphan, M|68\/384
|move|p1a: Aerodactyl|Defog|p2a: Rodolfo
|-unboost|p2a: Rodolfo|evasion|1
|-sideend|p1: tuRkizzle|Stealth Rock|[from] move: Defog|[of] p1a: Aerodactyl
|
|-heal|p2a: Rodolfo|92\/384|[from] item: Leftovers
|turn|15
|
|move|p2a: Rodolfo|Ice Shard|p1a: Aerodactyl
|-supereffective|p1a: Aerodactyl
|-damage|p1a: Aerodactyl|159\/364
|move|p1a: Aerodactyl|Taunt|p2a: Rodolfo
|-start|p2a: Rodolfo|move: Taunt
|
|-heal|p2a: Rodolfo|116\/384|[from] item: Leftovers
|turn|16
|
|move|p2a: Rodolfo|Ice Shard|p1a: Aerodactyl
|-supereffective|p1a: Aerodactyl
|-damage|p1a: Aerodactyl|61\/364
|move|p1a: Aerodactyl|Stealth Rock|p2a: Rodolfo
|-sidestart|p2: Miss Noob|move: Stealth Rock
|
|-heal|p2a: Rodolfo|140\/384|[from] item: Leftovers
|turn|17
|
|move|p1a: Aerodactyl|Ice Fang|p2a: Rodolfo
|-supereffective|p2a: Rodolfo
|-damage|p2a: Rodolfo|68\/384
|move|p2a: Rodolfo|Rapid Spin|p1a: Aerodactyl
|-resisted|p1a: Aerodactyl
|-damage|p1a: Aerodactyl|48\/364
|-sideend|p2: Miss Noob|Stealth Rock|[from] move: Rapid Spin|[of] p2a: Rodolfo
|
|-heal|p2a: Rodolfo|92\/384|[from] item: Leftovers
|turn|18
|
|move|p2a: Rodolfo|Ice Shard|p1a: Aerodactyl
|-supereffective|p1a: Aerodactyl
|-damage|p1a: Aerodactyl|0 fnt
|faint|p1a: Aerodactyl
|
|-heal|p2a: Rodolfo|116\/384|[from] item: Leftovers
|-end|p2a: Rodolfo|move: Taunt
|
|switch|p1a: Hydreigon|Hydreigon, F|219\/325
|turn|19
|
|move|p2a: Rodolfo|Ice Shard|p1a: Hydreigon
|-supereffective|p1a: Hydreigon
|-damage|p1a: Hydreigon|145\/325
|move|p1a: Hydreigon|Dark Pulse|p2a: Rodolfo
|-damage|p2a: Rodolfo|0 fnt
|faint|p2a: Rodolfo
|
|
|switch|p2a: D-Angelo|Absol-Mega, F|271\/271
|turn|20
|
|move|p2a: D-Angelo|Play Rough|p1a: Hydreigon
|-supereffective|p1a: Hydreigon
|-damage|p1a: Hydreigon|0 fnt
|faint|p1a: Hydreigon
|
|
|switch|p1a: Victini|Victini|341\/341
|turn|21
|
|move|p2a: D-Angelo|Protect|p2a: D-Angelo
|-singleturn|p2a: D-Angelo|Protect
|move|p1a: Victini|V-create|p2a: D-Angelo
|-activate|p2a: D-Angelo|Protect
|
|turn|22
|
|move|p2a: D-Angelo|Sucker Punch|p1a: Victini
|-crit|p1a: Victini
|-supereffective|p1a: Victini
|-damage|p1a: Victini|0 fnt
|faint|p1a: Victini
|
|c|★Miss Noob|yea my crit
|
|switch|p1a: Ampharos|Ampharos-Mega, F|369\/369
|-ability|p1a: Ampharos|Mold Breaker
|turn|23
|
|move|p2a: D-Angelo|Play Rough|p1a: Ampharos
|-supereffective|p1a: Ampharos
|-damage|p1a: Ampharos|141\/369
|move|p1a: Ampharos|Dragon Pulse|p2a: D-Angelo
|-damage|p2a: D-Angelo|0 fnt
|faint|p2a: D-Angelo
|
|
|switch|p2a: Bichona|Flygon, F|203\/302
|turn|24
|
|move|p2a: Bichona|Earthquake|p1a: Ampharos
|-supereffective|p1a: Ampharos
|-damage|p1a: Ampharos|0 fnt
|faint|p1a: Ampharos
|
|
|switch|p1a: Lucario|Lucario, F|281\/281
|turn|25
|
|move|p1a: Lucario|Extreme Speed|p2a: Bichona
|-damage|p2a: Bichona|50\/302
|-damage|p1a: Lucario|253\/281|[from] item: Life Orb
|move|p2a: Bichona|Earthquake|p1a: Lucario
|-supereffective|p1a: Lucario
|-damage|p1a: Lucario|0 fnt
|faint|p1a: Lucario
|
|win|Miss Noob
|raw|Ladder updating...
|raw|tuRkizzle's rating: 1506 &rarr; <strong>1489<\/strong><br \/>(-17 for losing)
|raw|Miss Noob's rating: 1551 &rarr; <strong>1569<\/strong><br \/>(+18 for winning)
|c|★tuRkizzle|gg
|c|★Miss Noob|gg
|leave|tuRkizzle
|player|p1