|join|Hammering Man
|join|greenline
|player|p1|Hammering Man|277
|player|p2|greenline|290
|gametype|singles
|gen|6
|tier|OU
|rated
|clearpoke
|poke|p1|Slowbro, M
|poke|p1|Landorus-Therian, M
|poke|p1|Heatran, M
|poke|p1|Greninja, F
|poke|p1|Medicham, F
|poke|p1|Ferrothorn, F
|poke|p2|Thundurus, M, shiny
|poke|p2|Crawdaunt, F
|poke|p2|Kyurem-Black, shiny
|poke|p2|Scizor, M
|poke|p2|Clefable, M
|poke|p2|Gengar, F, shiny
|rule|Swagger Clause: Swagger is banned
|rule|Baton Pass Clause: Limit one Pokémon knowing Baton Pass
|rule|Sleep Clause Mod: Limit one foe put to sleep
|rule|Species Clause: Limit one of each Pokémon
|rule|OHKO Clause: OHKO moves are banned
|rule|Moody Clause: Moody is banned
|rule|Evasion Moves Clause: Evasion moves are banned
|rule|Endless Battle Clause: Forcing endless battles is banned
|rule|HP Percentage Mod: HP is shown in percentages
|teampreview
|
|start
|switch|p1a: Ferrothorn|Ferrothorn, F|352\/352
|switch|p2a: Gengar|Gengar, F, shiny|262\/262
|turn|1
|
|move|p2a: Gengar|Substitute|p2a: Gengar
|-start|p2a: Gengar|Substitute
|-damage|p2a: Gengar|197\/262
|move|p1a: Ferrothorn|Knock Off|p2a: Gengar
|-supereffective|p2a: Gengar
|-end|p2a: Gengar|Substitute
|
|-heal|p2a: Gengar|213\/262|[from] item: Black Sludge
|turn|2
|
|move|p2a: Gengar|Focus Blast|p1a: Ferrothorn
|-crit|p1a: Ferrothorn
|-supereffective|p1a: Ferrothorn
|-damage|p1a: Ferrothorn|54\/352
|move|p1a: Ferrothorn|Knock Off|p2a: Gengar
|-supereffective|p2a: Gengar
|-damage|p2a: Gengar|0 fnt
|-enditem|p2a: Gengar|Black Sludge|[from] move: Knock Off|[of] p1a: Ferrothorn
|faint|p2a: Gengar
|
|-heal|p1a: Ferrothorn|76\/352|[from] item: Leftovers
|
|switch|p2a: Kyurem-Black|Kyurem-Black, shiny|391\/391
|-ability|p2a: Kyurem-Black|Teravolt
|turn|3
|
|move|p2a: Kyurem-Black|Ice Beam|p1a: Ferrothorn
|-damage|p1a: Ferrothorn|0 fnt
|faint|p1a: Ferrothorn
|
|
|switch|p1a: Slowbro|Slowbro, M|394\/394
|turn|4
|
|switch|p2a: Crawdaunt|Crawdaunt, F|267\/267
|move|p1a: Slowbro|Calm Mind|p1a: Slowbro
|-boost|p1a: Slowbro|spa|1
|-boost|p1a: Slowbro|spd|1
|
|turn|5
|
|move|p2a: Crawdaunt|Knock Off|p1a: Slowbro
|-supereffective|p1a: Slowbro
|-damage|p1a: Slowbro|74\/394
|-enditem|p1a: Slowbro|Leftovers|[from] move: Knock Off|[of] p2a: Crawdaunt
|move|p1a: Slowbro|Slack Off|p1a: Slowbro
|-heal|p1a: Slowbro|271\/394
|
|turn|6
|
|move|p2a: Crawdaunt|Knock Off|p1a: Slowbro
|-supereffective|p1a: Slowbro
|-damage|p1a: Slowbro|55\/394
|move|p1a: Slowbro|Scald|p2a: Crawdaunt
|-resisted|p2a: Crawdaunt
|-damage|p2a: Crawdaunt|150\/267
|
|turn|7
|
|switch|p1a: Landorus-Therian|Landorus-Therian, M|382\/382
|-ability|p1a: Landorus-Therian|Intimidate|[of] p2a: Crawdaunt
|-unboost|p2a: Crawdaunt|atk|1
|move|p2a: Crawdaunt|Knock Off|p1a: Landorus-Therian
|-damage|p1a: Landorus-Therian|246\/382
|-enditem|p1a: Landorus-Therian|Leftovers|[from] move: Knock Off|[of] p2a: Crawdaunt
|
|turn|8
|
|switch|p2a: Scizor|Scizor, M|344\/344
|move|p1a: Landorus-Therian|Stealth Rock|p2a: Scizor
|-sidestart|p2: greenline|move: Stealth Rock
|
|turn|9
|
|detailschange|p2a: Scizor|Scizor-Mega, M
|message|Scizor has Mega Evolved into Mega Scizor!
|move|p1a: Landorus-Therian|U-turn|p2a: Scizor
|-resisted|p2a: Scizor
|-damage|p2a: Scizor|315\/344
|
|switch|p1a: Heatran|Heatran, M|323\/323
|move|p2a: Scizor|Superpower|p1a: Heatran
|-supereffective|p1a: Heatran
|-damage|p1a: Heatran|0 fnt
|-unboost|p2a: Scizor|atk|1
|-unboost|p2a: Scizor|def|1
|faint|p1a: Heatran
|
|
|switch|p1a: Medicham|Medicham, F|261\/261
|turn|10
|
|detailschange|p1a: Medicham|Medicham-Mega, F
|message|Medicham has Mega Evolved into Mega Medicham!
|move|p1a: Medicham|High Jump Kick|p2a: Scizor
|-damage|p2a: Scizor|0 fnt
|faint|p2a: Scizor
|
|
|switch|p2a: Clefable|Clefable, M|394\/394
|turn|11
|
|move|p1a: Medicham|Zen Headbutt|p2a: Clefable
|-damage|p2a: Clefable|183\/394
|move|p2a: Clefable|Moonblast|p1a: Medicham
|-supereffective|p1a: Medicham
|-damage|p1a: Medicham|0 fnt
|faint|p1a: Medicham
|
|-heal|p2a: Clefable|207\/394|[from] item: Leftovers
|
|switch|p1a: Greninja|Greninja, F|286\/286
|turn|12
|
|move|p1a: Greninja|Hydro Pump|p2a: Clefable
|-start|p1a: Greninja|typechange|Water|[from] Protean
|-damage|p2a: Clefable|0 fnt
|-damage|p1a: Greninja|258\/286|[from] item: Life Orb
|faint|p2a: Clefable
|
|
|switch|p2a: Kyurem-Black|Kyurem-Black, shiny|391\/391
|-damage|p2a: Kyurem-Black|294\/391|[from] Stealth Rock
|-ability|p2a: Kyurem-Black|Teravolt
|turn|13
|
|switch|p1a: Slowbro|Slowbro, M|186\/394
|move|p2a: Kyurem-Black|Outrage|p1a: Slowbro
|-damage|p1a: Slowbro|0 fnt
|faint|p1a: Slowbro
|
|
|switch|p1a: Landorus-Therian|Landorus-Therian, M|246\/382
|-ability|p1a: Landorus-Therian|Intimidate|[of] p2a: Kyurem-Black
|-unboost|p2a: Kyurem-Black|atk|1
|turn|14
|
|move|p2a: Kyurem-Black|Outrage|p1a: Landorus-Therian
|-damage|p1a: Landorus-Therian|104\/382
|move|p1a: Landorus-Therian|Earthquake|p2a: Kyurem-Black
|-damage|p2a: Kyurem-Black|143\/391
|
|-end|p2a: Kyurem-Black|rampage
|-start|p2a: Kyurem-Black|confusion
|turn|15
|
|switch|p2a: Crawdaunt|Crawdaunt, F|150\/267
|-damage|p2a: Crawdaunt|117\/267|[from] Stealth Rock
|move|p1a: Landorus-Therian|U-turn|p2a: Crawdaunt
|-supereffective|p2a: Crawdaunt
|-damage|p2a: Crawdaunt|0 fnt
|faint|p2a: Crawdaunt
|
|switch|p1a: Greninja|Greninja, F|258\/286
|
|
|switch|p2a: Kyurem-Black|Kyurem-Black, shiny|143\/391
|-damage|p2a: Kyurem-Black|46\/391|[from] Stealth Rock
|-ability|p2a: Kyurem-Black|Teravolt
|turn|16
|
|switch|p1a: Landorus-Therian|Landorus-Therian, M|104\/382
|-ability|p1a: Landorus-Therian|Intimidate|[of] p2a: Kyurem-Black
|-unboost|p2a: Kyurem-Black|atk|1
|move|p2a: Kyurem-Black|Outrage|p1a: Landorus-Therian
|-damage|p1a: Landorus-Therian|0 fnt
|faint|p1a: Landorus-Therian
|
|
|switch|p1a: Greninja|Greninja, F|258\/286
|turn|17
|
|move|p2a: Kyurem-Black|Outrage|p1a: Greninja
|-damage|p1a: Greninja|0 fnt
|faint|p1a: Greninja
|
|win|greenline
|raw|Ladder updating...
|raw|Hammering Man's rating: 1736 &rarr; <strong>1717<\/strong><br \/>(-19 for losing)
|raw|greenline's rating: 1759 &rarr; <strong>1778<\/strong><br \/>(+19 for winning)
|leave|Hammering Man
|player|p1