|join|Lothaire
|join|hammering man
|player|p1|Lothaire|217
|player|p2|hammering man|277
|gametype|singles
|gen|6
|tier|OU
|rated
|clearpoke
|poke|p1|Scizor, M
|poke|p1|Raikou
|poke|p1|Celebi
|poke|p1|Terrakion
|poke|p1|Starmie
|poke|p1|Charizard, F
|poke|p2|Gothitelle, M
|poke|p2|Gyarados, F
|poke|p2|Breloom, F
|poke|p2|Latias, F
|poke|p2|Heatran, M
|poke|p2|Mew
|rule|Swagger Clause: Swagger is banned
|rule|Baton Pass Clause: Limit one Pokémon knowing Baton Pass
|rule|Sleep Clause Mod: Limit one foe put to sleep
|rule|Species Clause: Limit one of each Pokémon
|rule|OHKO Clause: OHKO moves are banned
|rule|Moody Clause: Moody is banned
|rule|Evasion Moves Clause: Evasion moves are banned
|rule|Endless Battle Clause: Forcing endless battles is banned
|rule|HP Percentage Mod: HP is shown in percentages
|teampreview
|
|start
|switch|p1a: Celebi|Celebi|404\/404
|switch|p2a: Breloom|Breloom, F|261\/261
|turn|1
|
|switch|p2a: Heatran|Heatran, M|385\/385
|move|p1a: Celebi|Thunder Wave|p2a: Heatran
|-status|p2a: Heatran|par
|
|turn|2
|
|move|p1a: Celebi|Baton Pass|p1a: Celebi
|
|switch|p1a: Raikou|Raikou|321\/321
|-ability|p1a: Raikou|Pressure
|move|p2a: Heatran|Stealth Rock|p1a: Raikou
|-sidestart|p1: Lothaire|move: Stealth Rock
|
|turn|3
|
|switch|p2a: Mew|Mew|403\/403
|move|p1a: Raikou|Thunderbolt|p2a: Mew
|-damage|p2a: Mew|286\/403
|
|-heal|p2a: Mew|311\/403|[from] item: Leftovers
|turn|4
|
|move|p1a: Raikou|Volt Switch|p2a: Mew
|-damage|p2a: Mew|215\/403
|
|switch|p1a: Celebi|Celebi|404\/404
|-damage|p1a: Celebi|354\/404|[from] Stealth Rock
|move|p2a: Mew|Will-O-Wisp|p1a: Celebi
|-status|p1a: Celebi|brn
|
|-heal|p2a: Mew|240\/403|[from] item: Leftovers
|-heal|p1a: Celebi|379\/404 brn|[from] item: Leftovers
|-damage|p1a: Celebi|329\/404 brn|[from] brn
|turn|5
|
|move|p2a: Mew|Taunt|p1a: Celebi
|-start|p1a: Celebi|move: Taunt
|cant|p1a: Celebi|move: Taunt|Thunder Wave
|
|-heal|p2a: Mew|265\/403|[from] item: Leftovers
|-heal|p1a: Celebi|354\/404 brn|[from] item: Leftovers
|-damage|p1a: Celebi|304\/404 brn|[from] brn
|turn|6
|
|switch|p1a: Terrakion|Terrakion|323\/323
|-damage|p1a: Terrakion|303\/323|[from] Stealth Rock
|move|p2a: Mew|Knock Off|p1a: Terrakion
|-resisted|p1a: Terrakion
|-damage|p1a: Terrakion|261\/323
|-boost|p1a: Terrakion|atk|1|[from] ability: Justified
|-enditem|p1a: Terrakion|Focus Sash|[from] move: Knock Off|[of] p2a: Mew
|
|-heal|p2a: Mew|290\/403|[from] item: Leftovers
|turn|7
|
|switch|p2a: Breloom|Breloom, F|261\/261
|move|p1a: Terrakion|Taunt|p2a: Breloom
|-start|p2a: Breloom|move: Taunt
|
|turn|8
|
|switch|p1a: Scizor|Scizor, M|343\/343
|-damage|p1a: Scizor|301\/343|[from] Stealth Rock
|move|p2a: Breloom|Mach Punch|p1a: Scizor
|-damage|p1a: Scizor|198\/343
|
|turn|9
|
|switch|p2a: Heatran|Heatran, M|385\/385 par
|move|p1a: Scizor|U-turn|p2a: Heatran
|-resisted|p2a: Heatran
|-damage|p2a: Heatran|350\/385 par
|
|switch|p1a: Terrakion|Terrakion|261\/323
|-damage|p1a: Terrakion|241\/323|[from] Stealth Rock
|
|-heal|p2a: Heatran|374\/385 par|[from] item: Leftovers
|turn|10
|
|move|p1a: Terrakion|Close Combat|p2a: Heatran
|-supereffective|p2a: Heatran
|-damage|p2a: Heatran|92\/385 par
|-unboost|p1a: Terrakion|def|1
|-unboost|p1a: Terrakion|spd|1
|move|p2a: Heatran|Earth Power|p1a: Terrakion
|-supereffective|p1a: Terrakion
|-damage|p1a: Terrakion|0 fnt
|faint|p1a: Terrakion
|
|-heal|p2a: Heatran|116\/385 par|[from] item: Leftovers
|
|switch|p1a: Starmie|Starmie|261\/261
|-damage|p1a: Starmie|229\/261|[from] Stealth Rock
|turn|11
|
|switch|p2a: Mew|Mew|290\/403
|move|p1a: Starmie|Hydro Pump|p2a: Mew
|-damage|p2a: Mew|64\/403
|-damage|p1a: Starmie|203\/261|[from] item: Life Orb
|
|-heal|p2a: Mew|89\/403|[from] item: Leftovers
|turn|12
|
|switch|p2a: Latias|Latias, F|320\/320
|move|p1a: Starmie|Hydro Pump|p2a: Latias
|-resisted|p2a: Latias
|-damage|p2a: Latias|219\/320
|-damage|p1a: Starmie|177\/261|[from] item: Life Orb
|
|turn|13
|
|switch|p1a: Scizor|Scizor, M|198\/343
|-damage|p1a: Scizor|156\/343|[from] Stealth Rock
|move|p2a: Latias|Draco Meteor|p1a: Scizor
|-resisted|p1a: Scizor
|-damage|p1a: Scizor|33\/343
|-unboost|p2a: Latias|spa|2
|-damage|p2a: Latias|187\/320|[from] item: Life Orb
|
|turn|14
|
|move|p1a: Scizor|Bullet Punch|p2a: Latias
|-damage|p2a: Latias|7\/320
|move|p2a: Latias|Psyshock|p1a: Scizor
|-resisted|p1a: Scizor
|-damage|p1a: Scizor|0 fnt
|-damage|p2a: Latias|0 fnt|[from] item: Life Orb
|faint|p1a: Scizor
|faint|p2a: Latias
|
|
|switch|p2a: Mew|Mew|89\/403
|switch|p1a: Celebi|Celebi|304\/404
|-damage|p1a: Celebi|254\/404|[from] Stealth Rock
|turn|15
|
|move|p2a: Mew|Taunt|p1a: Celebi
|-start|p1a: Celebi|move: Taunt
|cant|p1a: Celebi|move: Taunt|Baton Pass
|
|-heal|p2a: Mew|114\/403|[from] item: Leftovers
|-heal|p1a: Celebi|279\/404|[from] item: Leftovers
|turn|16
|
|switch|p1a: Raikou|Raikou|321\/321
|-damage|p1a: Raikou|281\/321|[from] Stealth Rock
|-ability|p1a: Raikou|Pressure
|move|p2a: Mew|Soft-Boiled|p2a: Mew
|-heal|p2a: Mew|316\/403
|
|-heal|p2a: Mew|341\/403|[from] item: Leftovers
|turn|17
|
|move|p1a: Raikou|Volt Switch|p2a: Mew
|-damage|p2a: Mew|254\/403
|
|switch|p1a: Starmie|Starmie|177\/261
|-damage|p1a: Starmie|145\/261|[from] Stealth Rock
|move|p2a: Mew|Soft-Boiled|p2a: Mew
|-heal|p2a: Mew|403\/403
|
|turn|18
|
|move|p1a: Starmie|Rapid Spin|p2a: Mew
|-damage|p2a: Mew|389\/403
|-sideend|p1: Lothaire|Stealth Rock|[from] move: Rapid Spin|[of] p1a: Starmie
|-damage|p1a: Starmie|119\/261|[from] item: Life Orb
|move|p2a: Mew|Knock Off|p1a: Starmie
|-supereffective|p1a: Starmie
|-damage|p1a: Starmie|0 fnt
|-enditem|p1a: Starmie|Life Orb|[from] move: Knock Off|[of] p2a: Mew
|faint|p1a: Starmie
|
|-heal|p2a: Mew|403\/403|[from] item: Leftovers
|
|switch|p1a: Charizard|Charizard, F|333\/333
|turn|19
|
|move|p2a: Mew|Taunt|p1a: Charizard
|-start|p1a: Charizard|move: Taunt
|cant|p1a: Charizard|move: Taunt|Dragon Dance
|
|turn|20
|
|switch|p2a: Heatran|Heatran, M|116\/385 par
|detailschange|p1a: Charizard|Charizard-Mega-X, F
|message|Charizard has Mega Evolved into Mega Charizard!
|move|p1a: Charizard|Dragon Claw|p2a: Heatran
|-resisted|p2a: Heatran
|-damage|p2a: Heatran|40\/385 par
|
|-heal|p2a: Heatran|64\/385 par|[from] item: Leftovers
|turn|21
|
|move|p1a: Charizard|Dragon Claw|p2a: Heatran
|-resisted|p2a: Heatran
|-damage|p2a: Heatran|0 fnt
|faint|p2a: Heatran
|
|-end|p1a: Charizard|move: Taunt
|
|switch|p2a: Gyarados|Gyarados, F|347\/347
|-ability|p2a: Gyarados|Intimidate|[of] p1a: Charizard
|-unboost|p1a: Charizard|atk|1
|turn|22
|
|switch|p1a: Celebi|Celebi|279\/404
|detailschange|p2a: Gyarados|Gyarados-Mega, F
|message|Gyarados has Mega Evolved into Mega Gyarados!
|-ability|p2a: Gyarados|Mold Breaker
|move|p2a: Gyarados|Earthquake|p1a: Celebi
|-resisted|p1a: Celebi
|-damage|p1a: Celebi|206\/404
|
|-heal|p1a: Celebi|231\/404|[from] item: Leftovers
|turn|23
|
|switch|p2a: Gothitelle|Gothitelle, M|302\/302
|move|p1a: Celebi|Thunder Wave|p2a: Gothitelle
|-status|p2a: Gothitelle|par
|
|-heal|p1a: Celebi|256\/404|[from] item: Leftovers
|turn|24
|
|move|p1a: Celebi|Baton Pass|p1a: Celebi
|
|switch|p1a: Raikou|Raikou|281\/321
|-ability|p1a: Raikou|Pressure
|move|p2a: Gothitelle|Psychic|p1a: Raikou
|-damage|p1a: Raikou|146\/321
|
|turn|25
|
|move|p1a: Raikou|Thunderbolt|p2a: Gothitelle
|-damage|p2a: Gothitelle|166\/302 par
|cant|p2a: Gothitelle|par
|
|turn|26
|
|move|p1a: Raikou|Volt Switch|p2a: Gothitelle
|-damage|p2a: Gothitelle|69\/302 par
|
|switch|p1a: Charizard|Charizard-Mega-X, F|333\/333
|cant|p2a: Gothitelle|par
|
|turn|27
|
|move|p1a: Charizard|Dragon Dance|p1a: Charizard
|-boost|p1a: Charizard|atk|1
|-boost|p1a: Charizard|spe|1
|cant|p2a: Gothitelle|par
|
|turn|28
|chat|hammering man|omg
|
|move|p1a: Charizard|Dragon Dance|p1a: Charizard
|-boost|p1a: Charizard|atk|1
|-boost|p1a: Charizard|spe|1
|move|p2a: Gothitelle|Psychic|p1a: Charizard
|-damage|p1a: Charizard|101\/333
|-unboost|p1a: Charizard|spd|1
|
|turn|29
|
|move|p1a: Charizard|Dragon Claw|p2a: Gothitelle
|-damage|p2a: Gothitelle|0 fnt
|faint|p2a: Gothitelle
|
|
|switch|p2a: Breloom|Breloom, F|261\/261
|turn|30
|
|switch|p1a: Celebi|Celebi|256\/404
|move|p2a: Breloom|Rock Tomb|p1a: Celebi
|-damage|p1a: Celebi|142\/404
|-unboost|p1a: Celebi|spe|1
|
|-heal|p1a: Celebi|167\/404|[from] item: Leftovers
|turn|31
|
|switch|p2a: Mew|Mew|403\/403
|move|p1a: Celebi|Recover|p1a: Celebi
|-heal|p1a: Celebi|369\/404
|
|-heal|p1a: Celebi|394\/404|[from] item: Leftovers
|turn|32
|
|move|p2a: Mew|Knock Off|p1a: Celebi
|-supereffective|p1a: Celebi
|-damage|p1a: Celebi|232\/404
|-enditem|p1a: Celebi|Leftovers|[from] move: Knock Off|[of] p2a: Mew
|move|p1a: Celebi|Baton Pass|p1a: Celebi
|
|switch|p1a: Charizard|Charizard-Mega-X, F|101\/333
|
|turn|33
|
|move|p2a: Mew|Taunt|p1a: Charizard
|-start|p1a: Charizard|move: Taunt
|move|p1a: Charizard|Dragon Claw|p2a: Mew
|-damage|p2a: Mew|181\/403
|
|-heal|p2a: Mew|206\/403|[from] item: Leftovers
|turn|34
|
|switch|p2a: Gyarados|Gyarados-Mega, F|347\/347
|-ability|p2a: Gyarados|Mold Breaker
|move|p1a: Charizard|Dragon Claw|p2a: Gyarados
|-damage|p2a: Gyarados|142\/347
|
|turn|35
|
|switch|p1a: Raikou|Raikou|146\/321
|-ability|p1a: Raikou|Pressure
|move|p2a: Gyarados|Ice Fang|p1a: Raikou
|-damage|p1a: Raikou|39\/321
|
|turn|36
|
|switch|p2a: Mew|Mew|206\/403
|move|p1a: Raikou|Thunderbolt|p2a: Mew
|-damage|p2a: Mew|86\/403
|
|-heal|p2a: Mew|111\/403|[from] item: Leftovers
|turn|37
|
|move|p1a: Raikou|Thunderbolt|p2a: Mew
|-damage|p2a: Mew|0 fnt
|faint|p2a: Mew
|
|
|switch|p2a: Breloom|Breloom, F|261\/261
|turn|38
|
|switch|p2a: Gyarados|Gyarados-Mega, F|142\/347
|-ability|p2a: Gyarados|Mold Breaker
|move|p1a: Raikou|Extrasensory|p2a: Gyarados
|-immune|p2a: Gyarados|[msg]
|
|turn|39
|
|switch|p2a: Breloom|Breloom, F|261\/261
|move|p1a: Raikou|Thunderbolt|p2a: Breloom
|-resisted|p2a: Breloom
|-damage|p2a: Breloom|144\/261
|
|turn|40
|
|move|p2a: Breloom|Mach Punch|p1a: Raikou
|-damage|p1a: Raikou|0 fnt
|faint|p1a: Raikou
|
|
|switch|p1a: Celebi|Celebi|232\/404
|turn|41
|
|switch|p2a: Gyarados|Gyarados-Mega, F|142\/347
|-ability|p2a: Gyarados|Mold Breaker
|move|p1a: Celebi|Recover|p1a: Celebi
|-heal|p1a: Celebi|404\/404
|
|turn|42
|
|move|p2a: Gyarados|Ice Fang|p1a: Celebi
|-supereffective|p1a: Celebi
|-damage|p1a: Celebi|226\/404
|move|p1a: Celebi|Thunder Wave|p2a: Gyarados
|-status|p2a: Gyarados|par
|
|turn|43
|
|move|p1a: Celebi|Recover|p1a: Celebi
|-heal|p1a: Celebi|404\/404
|move|p2a: Gyarados|Ice Fang|p1a: Celebi|[miss]
|-miss|p2a: Gyarados|p1a: Celebi
|
|turn|44
|
|move|p1a: Celebi|Baton Pass|p1a: Celebi
|
|switch|p1a: Charizard|Charizard-Mega-X, F|101\/333
|move|p2a: Gyarados|Ice Fang|p1a: Charizard
|-damage|p1a: Charizard|21\/333
|
|turn|45
|
|move|p1a: Charizard|Dragon Claw|p2a: Gyarados
|-damage|p2a: Gyarados|0 fnt
|faint|p2a: Gyarados
|
|
|switch|p2a: Breloom|Breloom, F|144\/261
|turn|46
|
|move|p2a: Breloom|Mach Punch|p1a: Charizard
|-damage|p1a: Charizard|0 fnt
|faint|p1a: Charizard
|
|
|switch|p1a: Celebi|Celebi|404\/404
|turn|47
|
|move|p2a: Breloom|Rock Tomb|p1a: Celebi
|-damage|p1a: Celebi|293\/404
|-unboost|p1a: Celebi|spe|1
|move|p1a: Celebi|Psychic|p2a: Breloom
|-supereffective|p2a: Breloom
|-damage|p2a: Breloom|0 fnt
|faint|p2a: Breloom
|
|win|Lothaire
|raw|Ladder updating...
|raw|Lothaire's rating: 1627 &rarr; <strong>1651<\/strong><br \/>(+24 for winning)
|raw|hammering man's rating: 1699 &rarr; <strong>1676<\/strong><br \/>(-23 for losing)
|chat|Lothaire|gg
|chat|hammering man|gg
|leave|hammering man
|player|p2