|join|KRYUH
|join|dzc4627
|player|p1|KRYUH|102
|player|p2|dzc4627|137
|gametype|singles
|gen|6
|tier|OU
|rated
|clearpoke
|poke|p1|Heatran, F
|poke|p1|Metagross
|poke|p1|Landorus-Therian, M
|poke|p1|Jolteon, M
|poke|p1|Mew
|poke|p1|Greninja, F
|poke|p2|Bisharp, M
|poke|p2|Charizard, M
|poke|p2|Landorus-Therian, M
|poke|p2|Latias, F
|poke|p2|Clefable, F
|poke|p2|Keldeo-Resolute
|rule|Swagger Clause: Swagger is banned
|rule|Baton Pass Clause: Limit one Pokémon knowing Baton Pass
|rule|Sleep Clause Mod: Limit one foe put to sleep
|rule|Species Clause: Limit one of each Pokémon
|rule|OHKO Clause: OHKO moves are banned
|rule|Moody Clause: Moody is banned
|rule|Evasion Moves Clause: Evasion moves are banned
|rule|Endless Battle Clause: Forcing endless battles is banned
|rule|HP Percentage Mod: HP is shown in percentages
|teampreview
|
|start
|switch|p1a: Landorus-Therian|Landorus-Therian, M|319\/319
|switch|p2a: Bisharp|Bisharp, M|271\/271
|-ability|p1a: Landorus-Therian|Intimidate|[of] p2a: Bisharp
|-unboost|p2a: Bisharp|atk|1
|-boost|p2a: Bisharp|atk|2|[from] ability: Defiant
|turn|1
|
|move|p1a: Landorus-Therian|Earthquake|p2a: Bisharp
|-supereffective|p2a: Bisharp
|-damage|p2a: Bisharp|0 fnt
|faint|p2a: Bisharp
|
|
|switch|p2a: Charizard|Charizard, M|297\/297
|turn|2
|
|switch|p1a: Heatran|Heatran, F|386\/386
|detailschange|p2a: Charizard|Charizard-Mega-Y, M
|-mega|p2a: Charizard|Charizard|Charizardite Y
|-weather|SunnyDay
|move|p2a: Charizard|Fire Blast|p1a: Heatran
|-start|p1a: Heatran|ability: Flash Fire
|
|-weather|SunnyDay|[upkeep]
|turn|3
|
|move|p2a: Charizard|Earthquake|p1a: Heatran
|-supereffective|p1a: Heatran
|-damage|p1a: Heatran|166\/386
|move|p1a: Heatran|Lava Plume|p2a: Charizard
|-resisted|p2a: Charizard
|-damage|p2a: Charizard|187\/297
|
|-weather|SunnyDay|[upkeep]
|-heal|p1a: Heatran|190\/386|[from] item: Leftovers
|turn|4
|
|move|p1a: Heatran|Protect|p1a: Heatran
|-singleturn|p1a: Heatran|Protect
|move|p2a: Charizard|Earthquake|p1a: Heatran
|-activate|p1a: Heatran|Protect
|
|-weather|SunnyDay|[upkeep]
|-heal|p1a: Heatran|214\/386|[from] item: Leftovers
|turn|5
|
|switch|p1a: Landorus-Therian|Landorus-Therian, M|319\/319
|-ability|p1a: Landorus-Therian|Intimidate|[of] p2a: Charizard
|-unboost|p2a: Charizard|atk|1
|move|p2a: Charizard|Earthquake|p1a: Landorus-Therian
|-immune|p1a: Landorus-Therian|[msg]
|
|-weather|SunnyDay|[upkeep]
|turn|6
|
|move|p1a: Landorus-Therian|Stone Edge|p2a: Charizard
|-supereffective|p2a: Charizard
|-damage|p2a: Charizard|0 fnt
|faint|p2a: Charizard
|
|-weather|none
|
|switch|p2a: Keldeo-Resolute|Keldeo-Resolute|323\/323
|turn|7
|
|switch|p1a: Jolteon|Jolteon, M|271\/271
|move|p2a: Keldeo-Resolute|Hydro Pump|p1a: Jolteon
|-damage|p1a: Jolteon|69\/271
|
|turn|8
|
|switch|p2a: Clefable|Clefable, F|394\/394
|move|p1a: Jolteon|Hidden Power|p2a: Clefable
|-damage|p2a: Clefable|301\/394
|
|-heal|p2a: Clefable|325\/394|[from] item: Leftovers
|turn|9
|
|switch|p1a: Greninja|Greninja, F|285\/285
|move|p2a: Clefable|Thunder Wave|p1a: Greninja
|-status|p1a: Greninja|par
|
|-heal|p2a: Clefable|349\/394|[from] item: Leftovers
|turn|10
|
|move|p2a: Clefable|Moonblast|p1a: Greninja
|-supereffective|p1a: Greninja
|-damage|p1a: Greninja|0 fnt
|faint|p1a: Greninja
|
|-heal|p2a: Clefable|373\/394|[from] item: Leftovers
|
|switch|p1a: Metagross|Metagross|301\/301
|turn|11
|
|move|p1a: Metagross|Meteor Mash|p2a: Clefable
|-supereffective|p2a: Clefable
|-damage|p2a: Clefable|41\/394
|move|p2a: Clefable|Thunder Wave|p1a: Metagross
|-status|p1a: Metagross|par
|
|-heal|p2a: Clefable|65\/394|[from] item: Leftovers
|turn|12
|
|detailschange|p1a: Metagross|Metagross-Mega
|-mega|p1a: Metagross|Metagross|Metagrossite
|move|p1a: Metagross|Bullet Punch|p2a: Clefable
|-supereffective|p2a: Clefable
|-damage|p2a: Clefable|0 fnt
|faint|p2a: Clefable
|
|
|switch|p2a: Landorus-Therian|Landorus-Therian, M|319\/319
|-ability|p2a: Landorus-Therian|Intimidate|[of] p1a: Metagross
|-unboost|p1a: Metagross|atk|1
|turn|13
|
|move|p2a: Landorus-Therian|Earthquake|p1a: Metagross
|-supereffective|p1a: Metagross
|-damage|p1a: Metagross|83\/301 par
|move|p1a: Metagross|Ice Punch|p2a: Landorus-Therian
|-supereffective|p2a: Landorus-Therian
|-damage|p2a: Landorus-Therian|67\/319
|
|-heal|p2a: Landorus-Therian|86\/319|[from] item: Leftovers
|turn|14
|
|cant|p1a: Metagross|par
|move|p2a: Landorus-Therian|U-turn|p1a: Metagross
|-damage|p1a: Metagross|30\/301 par
|
|switch|p2a: Latias|Latias, F|301\/301
|
|turn|15
|
|switch|p1a: Mew|Mew|404\/404
|move|p2a: Latias|Psyshock|p1a: Mew
|-resisted|p1a: Mew
|-damage|p1a: Mew|323\/404
|-damage|p2a: Latias|271\/301|[from] item: Life Orb
|
|-heal|p1a: Mew|348\/404|[from] item: Leftovers
|turn|16
|
|move|p2a: Latias|Draco Meteor|p1a: Mew
|-damage|p1a: Mew|161\/404
|-unboost|p2a: Latias|spa|2
|-damage|p2a: Latias|241\/301|[from] item: Life Orb
|move|p1a: Mew|Heal Bell|p1a: Mew
|-cureteam|p1a: Mew|[from] move: HealBell
|
|-heal|p1a: Mew|186\/404|[from] item: Leftovers
|turn|17
|
|move|p2a: Latias|Draco Meteor|p1a: Mew
|-damage|p1a: Mew|92\/404
|-unboost|p2a: Latias|spa|2
|-damage|p2a: Latias|211\/301|[from] item: Life Orb
|move|p1a: Mew|Thunder Wave|p2a: Latias
|-status|p2a: Latias|par
|
|-heal|p1a: Mew|117\/404|[from] item: Leftovers
|turn|18
|
|move|p1a: Mew|Soft-Boiled|p1a: Mew
|-heal|p1a: Mew|319\/404
|move|p2a: Latias|Psyshock|p1a: Mew
|-resisted|p1a: Mew
|-damage|p1a: Mew|292\/404
|-damage|p2a: Latias|181\/301 par|[from] item: Life Orb
|
|-heal|p1a: Mew|317\/404|[from] item: Leftovers
|turn|19
|
|move|p1a: Mew|Soft-Boiled|p1a: Mew
|-heal|p1a: Mew|404\/404
|move|p2a: Latias|Healing Wish|p2a: Latias
|faint|p2a: Latias
|
|
|switch|p2a: Landorus-Therian|Landorus-Therian, M|86\/319
|-heal|p2a: Landorus-Therian|319\/319|[from] move: Healing Wish
|-ability|p2a: Landorus-Therian|Intimidate|[of] p1a: Mew
|-unboost|p1a: Mew|atk|1
|turn|20
|
|switch|p1a: Metagross|Metagross-Mega|30\/301
|move|p2a: Landorus-Therian|U-turn|p1a: Metagross
|-damage|p1a: Metagross|0 fnt
|faint|p1a: Metagross
|
|switch|p2a: Keldeo-Resolute|Keldeo-Resolute|323\/323
|
|
|switch|p1a: Jolteon|Jolteon, M|69\/271
|turn|21
|
|switch|p2a: Landorus-Therian|Landorus-Therian, M|319\/319
|-ability|p2a: Landorus-Therian|Intimidate|[of] p1a: Jolteon
|-unboost|p1a: Jolteon|atk|1
|move|p1a: Jolteon|Volt Switch|p2a: Landorus-Therian
|-immune|p2a: Landorus-Therian|[msg]
|
|turn|22
|
|switch|p1a: Heatran|Heatran, F|214\/386
|move|p2a: Landorus-Therian|Stone Edge|p1a: Heatran|[miss]
|-miss|p2a: Landorus-Therian|p1a: Heatran
|
|-heal|p1a: Heatran|238\/386|[from] item: Leftovers
|turn|23
|
|move|p2a: Landorus-Therian|Earthquake|p1a: Heatran
|-supereffective|p1a: Heatran
|-damage|p1a: Heatran|0 fnt
|faint|p1a: Heatran
|
|
|switch|p1a: Jolteon|Jolteon, M|69\/271
|turn|24
|
|move|p1a: Jolteon|Hidden Power|p2a: Landorus-Therian
|-supereffective|p2a: Landorus-Therian
|-damage|p2a: Landorus-Therian|0 fnt
|faint|p2a: Landorus-Therian
|
|
|switch|p2a: Keldeo-Resolute|Keldeo-Resolute|323\/323
|turn|25
|
|switch|p1a: Landorus-Therian|Landorus-Therian, M|319\/319
|-ability|p1a: Landorus-Therian|Intimidate|[of] p2a: Keldeo-Resolute
|-unboost|p2a: Keldeo-Resolute|atk|1
|move|p2a: Keldeo-Resolute|Hydro Pump|p1a: Landorus-Therian
|-supereffective|p1a: Landorus-Therian
|-damage|p1a: Landorus-Therian|0 fnt
|faint|p1a: Landorus-Therian
|
|
|switch|p1a: Jolteon|Jolteon, M|69\/271
|turn|26
|
|move|p2a: Keldeo-Resolute|Hydro Pump|p1a: Jolteon
|-damage|p1a: Jolteon|0 fnt
|faint|p1a: Jolteon
|
|
|switch|p1a: Mew|Mew|404\/404
|turn|27
|
|move|p2a: Keldeo-Resolute|Hydro Pump|p1a: Mew
|-damage|p1a: Mew|265\/404
|move|p1a: Mew|Thunder Wave|p2a: Keldeo-Resolute
|-status|p2a: Keldeo-Resolute|par
|
|-heal|p1a: Mew|290\/404|[from] item: Leftovers
|turn|28
|
|move|p1a: Mew|Soft-Boiled|p1a: Mew
|-heal|p1a: Mew|404\/404
|move|p2a: Keldeo-Resolute|Hydro Pump|p1a: Mew
|-damage|p1a: Mew|266\/404
|
|-heal|p1a: Mew|291\/404|[from] item: Leftovers
|turn|29
|
|move|p1a: Mew|Thunder Wave|p2a: Keldeo-Resolute
|-fail|p2a: Keldeo-Resolute|par
|move|p2a: Keldeo-Resolute|Hydro Pump|p1a: Mew
|-damage|p1a: Mew|153\/404
|
|-heal|p1a: Mew|178\/404|[from] item: Leftovers
|turn|30
|
|move|p1a: Mew|Soft-Boiled|p1a: Mew
|-heal|p1a: Mew|380\/404
|move|p2a: Keldeo-Resolute|Hydro Pump|p1a: Mew
|-damage|p1a: Mew|233\/404
|
|-heal|p1a: Mew|258\/404|[from] item: Leftovers
|turn|31
|
|move|p1a: Mew|Soft-Boiled|p1a: Mew
|-heal|p1a: Mew|404\/404
|cant|p2a: Keldeo-Resolute|par
|
|turn|32
|
|move|p1a: Mew|Defog|p2a: Keldeo-Resolute
|-unboost|p2a: Keldeo-Resolute|evasion|1
|move|p2a: Keldeo-Resolute|Hydro Pump|p1a: Mew
|-crit|p1a: Mew
|-damage|p1a: Mew|185\/404
|
|-heal|p1a: Mew|210\/404|[from] item: Leftovers
|turn|33
|
|move|p1a: Mew|Soft-Boiled|p1a: Mew
|-heal|p1a: Mew|404\/404
|move|p2a: Keldeo-Resolute|Struggle|p1a: Mew
|-damage|p1a: Mew|384\/404
|-damage|p2a: Keldeo-Resolute|243\/323 par
|
|-heal|p1a: Mew|404\/404|[from] item: Leftovers
|turn|34
|c|★dzc4627|good game
|-message|dzc4627 forfeited.
|leave|dzc4627
|
|win|KRYUH
|raw|Ladder updating...
|player|p2
|raw|KRYUH's rating: 1333 &rarr; <strong>1350<\/strong><br \/>(+17 for winning)
|raw|dzc4627's rating: 1272 &rarr; <strong>1252<\/strong><br \/>(-20 for losing)