|join|dzc4627
|join|Monte73
|player|p1|dzc4627|137
|player|p2|Monte73|137
|gametype|singles
|gen|6
|tier|OU
|rated
|clearpoke
|poke|p1|Bisharp, M
|poke|p1|Heracross, M
|poke|p1|Landorus-Therian, M
|poke|p1|Latias, F
|poke|p1|Clefable, M
|poke|p1|Keldeo-Resolute
|poke|p2|Charizard, M
|poke|p2|Chesnaught, M
|poke|p2|Zapdos
|poke|p2|Dugtrio, M
|poke|p2|Diggersby, M
|poke|p2|Heatran, M
|rule|Swagger Clause: Swagger is banned
|rule|Baton Pass Clause: Limit one Pokémon knowing Baton Pass
|rule|Sleep Clause Mod: Limit one foe put to sleep
|rule|Species Clause: Limit one of each Pokémon
|rule|OHKO Clause: OHKO moves are banned
|rule|Moody Clause: Moody is banned
|rule|Evasion Moves Clause: Evasion moves are banned
|rule|Endless Battle Clause: Forcing endless battles is banned
|rule|HP Percentage Mod: HP is shown in percentages
|teampreview
|
|start
|switch|p1a: Landorus-Therian|Landorus-Therian, M|319\/319
|switch|p2a: Diggersby|Diggersby, M|311\/311
|-ability|p1a: Landorus-Therian|Intimidate|[of] p2a: Diggersby
|-unboost|p2a: Diggersby|atk|1
|turn|1
|
|move|p2a: Diggersby|Ice Punch|p1a: Landorus-Therian
|-supereffective|p1a: Landorus-Therian
|-damage|p1a: Landorus-Therian|75\/319
|move|p1a: Landorus-Therian|Stealth Rock|p2a: Diggersby
|-sidestart|p2: Monte73|move: Stealth Rock
|
|-heal|p1a: Landorus-Therian|94\/319|[from] item: Leftovers
|turn|2
|
|switch|p1a: Keldeo-Resolute|Keldeo-Resolute|323\/323
|move|p2a: Diggersby|Ice Punch|p1a: Keldeo-Resolute
|-resisted|p1a: Keldeo-Resolute
|-damage|p1a: Keldeo-Resolute|284\/323
|
|turn|3
|
|switch|p2a: Dugtrio|Dugtrio, M|211\/211
|-damage|p2a: Dugtrio|198\/211|[from] Stealth Rock
|move|p1a: Keldeo-Resolute|Hydro Pump|p2a: Dugtrio
|-supereffective|p2a: Dugtrio
|-damage|p2a: Dugtrio|0 fnt
|faint|p2a: Dugtrio
|
|
|switch|p2a: Zapdos|Zapdos|384\/384
|-damage|p2a: Zapdos|288\/384|[from] Stealth Rock
|-ability|p2a: Zapdos|Pressure
|turn|4
|
|switch|p1a: Latias|Latias, F|301\/301
|move|p2a: Zapdos|Defog|p1a: Latias
|-unboost|p1a: Latias|evasion|1
|-sideend|p2: Monte73|Stealth Rock|[from] move: Defog|[of] p2a: Zapdos
|
|-heal|p2a: Zapdos|312\/384|[from] item: Leftovers
|turn|5
|
|switch|p1a: Landorus-Therian|Landorus-Therian, M|94\/319
|-ability|p1a: Landorus-Therian|Intimidate|[of] p2a: Zapdos
|-unboost|p2a: Zapdos|atk|1
|switch|p2a: Heatran|Heatran, M|385\/385
|
|-heal|p1a: Landorus-Therian|113\/319|[from] item: Leftovers
|turn|6
|
|move|p1a: Landorus-Therian|Stealth Rock|p2a: Heatran
|-sidestart|p2: Monte73|move: Stealth Rock
|move|p2a: Heatran|Lava Plume|p1a: Landorus-Therian
|-damage|p1a: Landorus-Therian|0 fnt
|faint|p1a: Landorus-Therian
|
|
|switch|p1a: Keldeo-Resolute|Keldeo-Resolute|284\/323
|turn|7
|
|switch|p2a: Chesnaught|Chesnaught, M|380\/380
|-damage|p2a: Chesnaught|357\/380|[from] Stealth Rock
|move|p1a: Keldeo-Resolute|Hydro Pump|p2a: Chesnaught
|-resisted|p2a: Chesnaught
|-damage|p2a: Chesnaught|237\/380
|
|-heal|p2a: Chesnaught|260\/380|[from] item: Leftovers
|turn|8
|
|switch|p1a: Latias|Latias, F|301\/301
|move|p2a: Chesnaught|Drain Punch|p1a: Latias
|-crit|p1a: Latias
|-resisted|p1a: Latias
|-damage|p1a: Latias|229\/301
|-heal|p2a: Chesnaught|296\/380|[from] drain|[of] p1a: Latias
|
|-heal|p2a: Chesnaught|319\/380|[from] item: Leftovers
|turn|9
|
|switch|p2a: Heatran|Heatran, M|385\/385
|-damage|p2a: Heatran|337\/385|[from] Stealth Rock
|move|p1a: Latias|Psyshock|p2a: Heatran
|-resisted|p2a: Heatran
|-damage|p2a: Heatran|255\/385
|-damage|p1a: Latias|199\/301|[from] item: Life Orb
|
|-heal|p2a: Heatran|279\/385|[from] item: Leftovers
|turn|10
|
|switch|p1a: Keldeo-Resolute|Keldeo-Resolute|284\/323
|move|p2a: Heatran|Lava Plume|p1a: Keldeo-Resolute
|-resisted|p1a: Keldeo-Resolute
|-damage|p1a: Keldeo-Resolute|217\/323
|-status|p1a: Keldeo-Resolute|brn
|
|-heal|p2a: Heatran|303\/385|[from] item: Leftovers
|-damage|p1a: Keldeo-Resolute|177\/323 brn|[from] brn
|turn|11
|
|switch|p2a: Zapdos|Zapdos|312\/384
|-damage|p2a: Zapdos|216\/384|[from] Stealth Rock
|-ability|p2a: Zapdos|Pressure
|move|p1a: Keldeo-Resolute|Secret Sword|p2a: Zapdos
|-resisted|p2a: Zapdos
|-damage|p2a: Zapdos|143\/384
|
|-heal|p2a: Zapdos|167\/384|[from] item: Leftovers
|-damage|p1a: Keldeo-Resolute|137\/323 brn|[from] brn
|turn|12
|
|switch|p1a: Bisharp|Bisharp, M|271\/271
|move|p2a: Zapdos|Defog|p1a: Bisharp
|-unboost|p1a: Bisharp|evasion|1
|-boost|p1a: Bisharp|atk|2|[from] ability: Defiant
|-sideend|p2: Monte73|Stealth Rock|[from] move: Defog|[of] p2a: Zapdos
|
|-heal|p2a: Zapdos|191\/384|[from] item: Leftovers
|turn|13
|
|move|p2a: Zapdos|Heat Wave|p1a: Bisharp
|-supereffective|p1a: Bisharp
|-damage|p1a: Bisharp|13\/271
|move|p1a: Bisharp|Swords Dance|p1a: Bisharp
|-boost|p1a: Bisharp|atk|2
|
|-heal|p2a: Zapdos|215\/384|[from] item: Leftovers
|turn|14
|
|move|p1a: Bisharp|Sucker Punch|p2a: Zapdos
|-fail|p2a: Zapdos
|move|p2a: Zapdos|Roost|p2a: Zapdos
|-heal|p2a: Zapdos|384\/384
|
|turn|15
|
|move|p1a: Bisharp|Sucker Punch|p2a: Zapdos
|-fail|p2a: Zapdos
|move|p2a: Zapdos|Roost|p2a: Zapdos
|-fail|p2a: Zapdos
|
|turn|16
|
|move|p2a: Zapdos|Thunderbolt|p1a: Bisharp
|-damage|p1a: Bisharp|0 fnt
|faint|p1a: Bisharp
|
|
|switch|p1a: Keldeo-Resolute|Keldeo-Resolute|137\/323 brn
|turn|17
|
|move|p1a: Keldeo-Resolute|Hydro Pump|p2a: Zapdos
|-damage|p2a: Zapdos|222\/384
|move|p2a: Zapdos|Thunderbolt|p1a: Keldeo-Resolute
|-crit|p1a: Keldeo-Resolute
|-supereffective|p1a: Keldeo-Resolute
|-damage|p1a: Keldeo-Resolute|0 fnt
|faint|p1a: Keldeo-Resolute
|
|-heal|p2a: Zapdos|246\/384|[from] item: Leftovers
|
|switch|p1a: Heracross|Heracross, M|301\/301
|turn|18
|
|detailschange|p1a: Heracross|Heracross-Mega, M
|-mega|p1a: Heracross|Heracross|Heracronite
|move|p1a: Heracross|Rock Blast|p2a: Zapdos
|-supereffective|p2a: Zapdos
|-damage|p2a: Zapdos|168\/384
|-supereffective|p2a: Zapdos
|-damage|p2a: Zapdos|86\/384
|-supereffective|p2a: Zapdos
|-damage|p2a: Zapdos|8\/384
|-supereffective|p2a: Zapdos
|-damage|p2a: Zapdos|0 fnt
|-hitcount|p2a: Zapdos|4
|faint|p2a: Zapdos
|
|
|switch|p2a: Charizard|Charizard, M|297\/297
|turn|19
|
|detailschange|p2a: Charizard|Charizard-Mega-Y, M
|-mega|p2a: Charizard|Charizard|Charizardite Y
|-weather|SunnyDay
|move|p2a: Charizard|Flamethrower|p1a: Heracross
|-supereffective|p1a: Heracross
|-damage|p1a: Heracross|0 fnt
|faint|p1a: Heracross
|
|-weather|SunnyDay|[upkeep]
|-message|dzc4627 forfeited.
|
|win|Monte73
|raw|Ladder updating...
|leave|dzc4627
|player|p1
|raw|dzc4627's rating: 1354 &rarr; <strong>1333<\/strong><br \/>(-21 for losing)
|raw|Monte73's rating: 1341 &rarr; <strong>1361<\/strong><br \/>(+20 for winning)