|join|Trollinator
|join|Hamderlei
|player|p1|Trollinator|68
|player|p2|Hamderlei|4
|gametype|singles
|gen|6
|tier|UU
|rated
|rule|Sleep Clause Mod: Limit one foe put to sleep
|rule|Species Clause: Limit one of each Pokémon
|rule|OHKO Clause: OHKO moves are banned
|rule|Moody Clause: Moody is banned
|rule|Evasion Moves Clause: Evasion moves are banned
|rule|Endless Battle Clause: Forcing endless battles is banned
|rule|HP Percentage Mod: HP is shown in percentages
|clearpoke
|poke|p1|Darmanitan, M
|poke|p1|Cloyster, M
|poke|p1|Espeon, M
|poke|p1|Absol, F
|poke|p1|Crobat, M
|poke|p1|Galvantula, F
|poke|p2|Jirachi
|poke|p2|Gallade, M
|poke|p2|Raikou
|poke|p2|Crobat, F
|poke|p2|Mienshao, F
|poke|p2|Slowking, M
|rule|Swagger Clause: Swagger is banned
|rule|Baton Pass Clause: Limit one Pokémon knowing Baton Pass
|teampreview
|
|start
|switch|p1a: Galvantula|Galvantula, F|282\/282
|switch|p2a: Mienshao|Mienshao, F|271\/271
|turn|1
|
|move|p2a: Mienshao|U-turn|p1a: Galvantula
|-damage|p1a: Galvantula|157\/282
|
|switch|p2a: Raikou|Raikou|322\/322
|-ability|p2a: Raikou|Pressure
|move|p1a: Galvantula|Sticky Web|p2a: Raikou
|-sidestart|p2: Hamderlei|move: Sticky Web
|
|turn|2
|
|move|p2a: Raikou|Volt Switch|p1a: Galvantula
|-resisted|p1a: Galvantula
|-damage|p1a: Galvantula|30\/282
|
|switch|p2a: Crobat|Crobat, F|373\/373
|move|p1a: Galvantula|Bug Buzz|p2a: Crobat
|-resisted|p2a: Crobat
|-damage|p2a: Crobat|334\/373
|-unboost|p2a: Crobat|spd|1
|
|turn|3
|
|move|p2a: Crobat|Defog|p1a: Galvantula
|-unboost|p1a: Galvantula|evasion|1
|-sideend|p2: Hamderlei|Sticky Web|[from] move: Defog|[of] p2a: Crobat
|move|p1a: Galvantula|Thunder|p2a: Crobat
|-supereffective|p2a: Crobat
|-damage|p2a: Crobat|0 fnt
|faint|p2a: Crobat
|
|c|★Trollinator|lol
|
|switch|p2a: Mienshao|Mienshao, F|271\/271
|turn|4
|c|★Trollinator|double volt switch garbage
|
|switch|p1a: Crobat|Crobat, M|311\/311
|move|p2a: Mienshao|U-turn|p1a: Crobat
|-crit|p1a: Crobat
|-resisted|p1a: Crobat
|-damage|p1a: Crobat|275\/311
|c|★Hamderlei|running sticky web and complaining abotu garbage
|c|★Hamderlei|you sure are something special
|
|switch|p2a: Raikou|Raikou|322\/322
|-ability|p2a: Raikou|Pressure
|
|-heal|p1a: Crobat|294\/311|[from] item: Black Sludge
|turn|5
|c|★Trollinator|ofcourse
|
|switch|p1a: Espeon|Espeon, M|287\/287
|move|p2a: Raikou|Volt Switch|p1a: Espeon
|-damage|p1a: Espeon|95\/287
|
|switch|p2a: Mienshao|Mienshao, F|271\/271
|
|-heal|p1a: Espeon|112\/287|[from] item: Leftovers
|turn|6
|
|move|p2a: Mienshao|U-turn|p1a: Espeon
|-crit|p1a: Espeon
|-supereffective|p1a: Espeon
|-damage|p1a: Espeon|0 fnt
|faint|p1a: Espeon
|c|★Trollinator|spam it more
|
|switch|p2a: Raikou|Raikou|322\/322
|-ability|p2a: Raikou|Pressure
|
|c|★Hamderlei|it's ok to be upset
|
|switch|p1a: Absol|Absol, F|272\/272
|-ability|p1a: Absol|Pressure
|turn|7
|c|★Trollinator|stfu garbage
|c|★Hamderlei|not everyone can be good at this game
|
|switch|p2a: Gallade|Gallade, M|340\/340
|detailschange|p1a: Absol|Absol-Mega, F
|message|Absol has Mega Evolved into Mega Absol!
|move|p1a: Absol|Protect|p1a: Absol
|-fail|p1a: Absol
|
|turn|8
|
|detailschange|p2a: Gallade|Gallade-Mega, M
|message|Gallade has Mega Evolved into Mega Gallade!
|move|p1a: Absol|Play Rough|p2a: Gallade
|-supereffective|p2a: Gallade
|-damage|p2a: Gallade|106\/340
|move|p2a: Gallade|Drain Punch|p1a: Absol
|-supereffective|p1a: Absol
|-damage|p1a: Absol|0 fnt
|-heal|p2a: Gallade|242\/340|[from] drain|[of] p1a: Absol
|faint|p1a: Absol
|
|
|switch|p1a: Crobat|Crobat, M|294\/311
|turn|9
|
|switch|p2a: Jirachi|Jirachi|341\/341
|move|p1a: Crobat|Confuse Ray|p2a: Jirachi
|-start|p2a: Jirachi|confusion
|
|-heal|p1a: Crobat|311\/311|[from] item: Black Sludge
|turn|10
|c|★Hamderlei|lmao and you even use
|c|★Hamderlei|Confuse Ray
|c|★Hamderlei|you sure are
|c|★Hamderlei|actual trash
|
|switch|p1a: Galvantula|Galvantula, F|30\/282
|-activate|p2a: Jirachi|confusion
|-damage|p2a: Jirachi|317\/341|[from] confusion
|
|turn|11
|c|★Trollinator|am sure
|
|switch|p2a: Raikou|Raikou|322\/322
|-ability|p2a: Raikou|Pressure
|move|p1a: Galvantula|Sticky Web|p2a: Raikou
|-sidestart|p2: Hamderlei|move: Sticky Web
|
|turn|12
|
|move|p2a: Raikou|Thunderbolt|p1a: Galvantula
|-resisted|p1a: Galvantula
|-damage|p1a: Galvantula|0 fnt
|faint|p1a: Galvantula
|
|
|switch|p1a: Darmanitan|Darmanitan, M|352\/352
|turn|13
|
|move|p2a: Raikou|Thunderbolt|p1a: Darmanitan
|-damage|p1a: Darmanitan|0 fnt
|faint|p1a: Darmanitan
|
|c|★Trollinator|gg
|
|switch|p1a: Crobat|Crobat, M|311\/311
|turn|14
|
|move|p2a: Raikou|Thunderbolt|p1a: Crobat
|-supereffective|p1a: Crobat
|-damage|p1a: Crobat|0 fnt
|faint|p1a: Crobat
|
|c|★Trollinator|trash double scarfer
|-message|Trollinator forfeited.
|
|win|Hamderlei
|raw|Ladder updating...
|leave|Trollinator
|player|p1
|raw|Trollinator's rating: 1161 &rarr; <strong>1139<\/strong><br \/>(-22 for losing)
|raw|Hamderlei's rating: 1203 &rarr; <strong>1225<\/strong><br \/>(+22 for winning)