|join|beardy man
|join|Arcanine is Regal
|player|p1|beardy man|1
|player|p2|Arcanine is Regal|126
|gametype|singles
|gen|6
|tier|OU
|rated
|clearpoke
|poke|p1|Salamence, M, shiny
|poke|p1|Magnezone
|poke|p1|Greninja, F
|poke|p1|Donphan, F
|poke|p1|Cresselia, F
|poke|p1|Wobbuffet, F, shiny
|poke|p2|Sableye, F
|poke|p2|Tentacruel, M
|poke|p2|Jirachi
|poke|p2|Gliscor, F
|poke|p2|Chansey, F
|poke|p2|Chesnaught, F
|rule|Swagger Clause: Swagger is banned
|rule|Baton Pass Clause: Limit one Pokémon knowing Baton Pass
|rule|Sleep Clause Mod: Limit one foe put to sleep
|rule|Species Clause: Limit one of each Pokémon
|rule|OHKO Clause: OHKO moves are banned
|rule|Moody Clause: Moody is banned
|rule|Evasion Moves Clause: Evasion moves are banned
|rule|Endless Battle Clause: Forcing endless battles is banned
|rule|HP Percentage Mod: HP is shown in percentages
|teampreview
|
|start
|switch|p1a: Magnezone|Magnezone|323\/323
|switch|p2a: Sableye|Sableye, F|304\/304
|turn|1
|
|detailschange|p2a: Sableye|Sableye-Mega, F
|message|Sableye has Mega Evolved into Mega Sableye!
|move|p2a: Sableye|Calm Mind|p2a: Sableye
|-boost|p2a: Sableye|spa|1
|-boost|p2a: Sableye|spd|1
|move|p1a: Magnezone|Thunderbolt|p2a: Sableye
|-damage|p2a: Sableye|144\/304
|
|turn|2
|
|switch|p1a: Greninja|Greninja, F|285\/285
|switch|p2a: Gliscor|Gliscor, F|352\/352
|
|-status|p2a: Gliscor|tox|[from] item: Toxic Orb
|turn|3
|
|switch|p2a: Chansey|Chansey, F|704\/704
|move|p1a: Greninja|Low Kick|p2a: Chansey
|-start|p1a: Greninja|typechange|Fighting|[from] Protean
|-supereffective|p2a: Chansey
|-damage|p2a: Chansey|483\/704
|-damage|p1a: Greninja|257\/285|[from] item: Life Orb
|
|turn|4
|
|move|p1a: Greninja|Gunk Shot|p2a: Chansey
|-start|p1a: Greninja|typechange|Poison|[from] Protean
|-damage|p2a: Chansey|253\/704
|-damage|p1a: Greninja|229\/285|[from] item: Life Orb
|move|p2a: Chansey|Toxic|p1a: Greninja
|-fail|p1a: Greninja
|
|turn|5
|
|switch|p1a: Salamence|Salamence, M, shiny|391\/391
|-ability|p1a: Salamence|Intimidate|[of] p2a: Chansey
|-unboost|p2a: Chansey|atk|1
|move|p2a: Chansey|Soft-Boiled|p2a: Chansey
|-heal|p2a: Chansey|605\/704
|
|turn|6
|
|detailschange|p1a: Salamence|Salamence-Mega, M, shiny
|message|Salamence has Mega Evolved into Mega Salamence!
|move|p1a: Salamence|Substitute|p1a: Salamence
|-start|p1a: Salamence|Substitute
|-damage|p1a: Salamence|294\/391
|move|p2a: Chansey|Seismic Toss|p1a: Salamence
|-end|p1a: Salamence|Substitute
|
|turn|7
|
|move|p1a: Salamence|Substitute|p1a: Salamence
|-start|p1a: Salamence|Substitute
|-damage|p1a: Salamence|197\/391
|move|p2a: Chansey|Seismic Toss|p1a: Salamence
|-end|p1a: Salamence|Substitute
|
|turn|8
|
|move|p1a: Salamence|Roost|p1a: Salamence
|-heal|p1a: Salamence|391\/391
|move|p2a: Chansey|Seismic Toss|p1a: Salamence
|-damage|p1a: Salamence|291\/391
|
|turn|9
|
|move|p1a: Salamence|Substitute|p1a: Salamence
|-start|p1a: Salamence|Substitute
|-damage|p1a: Salamence|194\/391
|move|p2a: Chansey|Seismic Toss|p1a: Salamence
|-end|p1a: Salamence|Substitute
|
|turn|10
|
|move|p1a: Salamence|Substitute|p1a: Salamence
|-start|p1a: Salamence|Substitute
|-damage|p1a: Salamence|97\/391
|move|p2a: Chansey|Seismic Toss|p1a: Salamence
|-end|p1a: Salamence|Substitute
|
|turn|11
|
|switch|p1a: Magnezone|Magnezone|323\/323
|move|p2a: Chansey|Toxic|p1a: Magnezone
|-fail|p1a: Magnezone
|
|turn|12
|
|move|p1a: Magnezone|Volt Switch|p2a: Chansey
|-damage|p2a: Chansey|485\/704
|
|switch|p1a: mega KFC|Wobbuffet, F, shiny|528\/528
|move|p2a: Chansey|Toxic|p1a: mega KFC
|-status|p1a: mega KFC|tox
|
|-damage|p1a: mega KFC|495\/528 tox|[from] psn
|turn|13
|
|move|p2a: Chansey|Soft-Boiled|p2a: Chansey
|-heal|p2a: Chansey|704\/704
|move|p1a: mega KFC|Safeguard|p1a: mega KFC
|-sidestart|p1: beardy man|Safeguard
|
|-damage|p1a: mega KFC|429\/528 tox|[from] psn
|turn|14
|
|move|p2a: Chansey|Seismic Toss|p1a: mega KFC
|-damage|p1a: mega KFC|329\/528 tox
|move|p1a: mega KFC|Encore|p2a: Chansey
|-start|p2a: Chansey|Encore
|
|-damage|p1a: mega KFC|230\/528 tox|[from] psn
|-enditem|p1a: mega KFC|Sitrus Berry|[eat]
|-heal|p1a: mega KFC|362\/528 tox|[from] item: Sitrus Berry
|turn|15
|
|move|p2a: Chansey|Seismic Toss|p1a: mega KFC
|-damage|p1a: mega KFC|262\/528 tox
|move|p1a: mega KFC|Counter|p2a: Chansey
|-damage|p2a: Chansey|504\/704
|
|-damage|p1a: mega KFC|130\/528 tox|[from] psn
|turn|16
|
|switch|p1a: Donphan|Donphan, F|383\/383
|move|p2a: Chansey|Seismic Toss|p1a: Donphan
|-damage|p1a: Donphan|283\/383
|
|-heal|p1a: Donphan|306\/383|[from] item: Leftovers
|turn|17
|join|SansNickel
|
|switch|p1a: Magnezone|Magnezone|323\/323
|switch|p2a: Gliscor|Gliscor, F|352\/352 tox
|
|-sideend|p1: beardy man|Safeguard
|turn|18
|
|switch|p1a: Donphan|Donphan, F|306\/383
|move|p2a: Gliscor|Toxic|p1a: Donphan
|-status|p1a: Donphan|tox
|
|-heal|p1a: Donphan|329\/383 tox|[from] item: Leftovers
|-damage|p1a: Donphan|306\/383 tox|[from] psn
|turn|19
|c| SansNickel|pl0ys
|
|move|p2a: Gliscor|Knock Off|p1a: Donphan
|-damage|p1a: Donphan|260\/383 tox
|-enditem|p1a: Donphan|Leftovers|[from] move: Knock Off|[of] p2a: Gliscor
|move|p1a: Donphan|Stealth Rock|p2a: Gliscor
|-sidestart|p2: Arcanine is Regal|move: Stealth Rock
|
|-damage|p1a: Donphan|214\/383 tox|[from] psn
|turn|20
|c|★Arcanine is Regal|ahh sans
|c|★Arcanine is Regal|whats up
|c| SansNickel|finals LOL
|
|move|p2a: Gliscor|Earthquake|p1a: Donphan
|-damage|p1a: Donphan|136\/383 tox
|move|p1a: Donphan|Roar|p2a: Gliscor
|drag|p2a: Tentacruel|Tentacruel, M|364\/364
|-damage|p2a: Tentacruel|319\/364|[from] Stealth Rock
|
|-heal|p2a: Tentacruel|341\/364|[from] item: Black Sludge
|-damage|p1a: Donphan|67\/383 tox|[from] psn
|turn|21
|
|move|p2a: Tentacruel|Rapid Spin|p1a: Donphan
|-damage|p1a: Donphan|60\/383 tox
|-sideend|p2: Arcanine is Regal|Stealth Rock|[from] move: Rapid Spin|[of] p2a: Tentacruel
|move|p1a: Donphan|Stealth Rock|p2a: Tentacruel
|-sidestart|p2: Arcanine is Regal|move: Stealth Rock
|
|-heal|p2a: Tentacruel|363\/364|[from] item: Black Sludge
|-damage|p1a: Donphan|0 fnt|[from] psn
|faint|p1a: Donphan
|
|switch|p1a: Salamence|Salamence-Mega, M, shiny|97\/391
|turn|22
|
|move|p1a: Salamence|Roost|p1a: Salamence
|-heal|p1a: Salamence|293\/391
|move|p2a: Tentacruel|Scald|p1a: Salamence
|-resisted|p1a: Salamence
|-damage|p1a: Salamence|251\/391
|
|-heal|p2a: Tentacruel|364\/364|[from] item: Black Sludge
|turn|23
|c|★Arcanine is Regal|lol
|c|★Arcanine is Regal|and thats game
|c| SansNickel|is that how good it is
|c| SansNickel|i've never seen
|c|★Arcanine is Regal|yeah
|c|★Arcanine is Regal|I can do nothing now
|
|switch|p2a: Jirachi|Jirachi|403\/403
|-damage|p2a: Jirachi|378\/403|[from] Stealth Rock
|move|p1a: Salamence|Substitute|p1a: Salamence
|-start|p1a: Salamence|Substitute
|-damage|p1a: Salamence|154\/391
|
|-heal|p2a: Jirachi|403\/403|[from] item: Leftovers
|turn|24
|
|move|p1a: Salamence|Roost|p1a: Salamence
|-heal|p1a: Salamence|350\/391
|move|p2a: Jirachi|Iron Head|p1a: Salamence
|-activate|p1a: Salamence|Substitute|[damage]
|
|turn|25
|join|The Rhythm of Life
|c| SansNickel|wtf
|
|move|p1a: Salamence|Dragon Dance|p1a: Salamence
|-boost|p1a: Salamence|atk|1
|-boost|p1a: Salamence|spe|1
|move|p2a: Jirachi|Iron Head|p1a: Salamence
|-end|p1a: Salamence|Substitute
|
|turn|26
|c| SansNickel|bulk
|c| The Rhythm of Life|its a powerful beat
|c| SansNickel|needs ice punch
|
|move|p1a: Salamence|Substitute|p1a: Salamence
|-start|p1a: Salamence|Substitute
|-damage|p1a: Salamence|253\/391
|move|p2a: Jirachi|Iron Head|p1a: Salamence
|-activate|p1a: Salamence|Substitute|[damage]
|
|turn|27
|c| The Rhythm of Life|puts a tingle in your fingers
|c| The Rhythm of Life|and a tingle in your feet
|
|move|p1a: Salamence|Dragon Dance|p1a: Salamence
|-boost|p1a: Salamence|atk|1
|-boost|p1a: Salamence|spe|1
|move|p2a: Jirachi|Iron Head|p1a: Salamence
|-end|p1a: Salamence|Substitute
|
|turn|28
|
|move|p1a: Salamence|Substitute|p1a: Salamence
|-start|p1a: Salamence|Substitute
|-damage|p1a: Salamence|156\/391
|move|p2a: Jirachi|Iron Head|p1a: Salamence
|-activate|p1a: Salamence|Substitute|[damage]
|
|turn|29
|c| SansNickel|yeah this is why i don't playl this game
|c|★Arcanine is Regal|yeah lol
|
|move|p1a: Salamence|Roost|p1a: Salamence
|-heal|p1a: Salamence|352\/391
|move|p2a: Jirachi|Iron Head|p1a: Salamence
|-end|p1a: Salamence|Substitute
|
|turn|30
|c|★Arcanine is Regal|its ok
|c|★Arcanine is Regal|these bad players wont get far soon
|
|move|p1a: Salamence|Substitute|p1a: Salamence
|-start|p1a: Salamence|Substitute
|-damage|p1a: Salamence|255\/391
|move|p2a: Jirachi|Iron Head|p1a: Salamence
|-activate|p1a: Salamence|Substitute|[damage]
|
|turn|31
|
|move|p1a: Salamence|Dragon Dance|p1a: Salamence
|-boost|p1a: Salamence|atk|1
|-boost|p1a: Salamence|spe|1
|move|p2a: Jirachi|Iron Head|p1a: Salamence
|-end|p1a: Salamence|Substitute
|
|turn|32
|c| The Rhythm of Life|rolling
|
|move|p1a: Salamence|Substitute|p1a: Salamence
|-start|p1a: Salamence|Substitute
|-damage|p1a: Salamence|158\/391
|move|p2a: Jirachi|Iron Head|p1a: Salamence
|-activate|p1a: Salamence|Substitute|[damage]
|
|turn|33
|
|move|p1a: Salamence|Roost|p1a: Salamence
|-heal|p1a: Salamence|354\/391
|move|p2a: Jirachi|Iron Head|p1a: Salamence
|-crit|p1a: Salamence
|-end|p1a: Salamence|Substitute
|
|turn|34
|c| The Rhythm of Life|so uh
|c| The Rhythm of Life|this is yuttt
|c| The Rhythm of Life|I'm wondering if stall is good rn
|
|move|p1a: Salamence|Substitute|p1a: Salamence
|-start|p1a: Salamence|Substitute
|-damage|p1a: Salamence|257\/391
|move|p2a: Jirachi|Body Slam|p1a: Salamence
|-activate|p1a: Salamence|Substitute|[damage]
|
|turn|35
|
|move|p1a: Salamence|Dragon Dance|p1a: Salamence
|-boost|p1a: Salamence|atk|1
|-boost|p1a: Salamence|spe|1
|move|p2a: Jirachi|Iron Head|p1a: Salamence
|-end|p1a: Salamence|Substitute
|
|turn|36
|c| SansNickel|lol
|
|move|p1a: Salamence|Substitute|p1a: Salamence
|-start|p1a: Salamence|Substitute
|-damage|p1a: Salamence|160\/391
|move|p2a: Jirachi|Body Slam|p1a: Salamence
|-activate|p1a: Salamence|Substitute|[damage]
|
|turn|37
|
|move|p1a: Salamence|Roost|p1a: Salamence
|-heal|p1a: Salamence|356\/391
|move|p2a: Jirachi|Iron Head|p1a: Salamence
|-end|p1a: Salamence|Substitute
|
|turn|38
|
|move|p1a: Salamence|Substitute|p1a: Salamence
|-start|p1a: Salamence|Substitute
|-damage|p1a: Salamence|259\/391
|move|p2a: Jirachi|Body Slam|p1a: Salamence
|-activate|p1a: Salamence|Substitute|[damage]
|
|turn|39
|
|move|p1a: Salamence|Dragon Dance|p1a: Salamence
|-boost|p1a: Salamence|atk|1
|-boost|p1a: Salamence|spe|1
|move|p2a: Jirachi|Iron Head|p1a: Salamence
|-end|p1a: Salamence|Substitute
|
|turn|40
|c| SansNickel|needs ice punch
|
|move|p1a: Salamence|Substitute|p1a: Salamence
|-start|p1a: Salamence|Substitute
|-damage|p1a: Salamence|162\/391
|move|p2a: Jirachi|Body Slam|p1a: Salamence
|-activate|p1a: Salamence|Substitute|[damage]
|
|turn|41
|
|move|p1a: Salamence|Roost|p1a: Salamence
|-heal|p1a: Salamence|358\/391
|move|p2a: Jirachi|Iron Head|p1a: Salamence
|-crit|p1a: Salamence
|-end|p1a: Salamence|Substitute
|
|turn|42
|c| The Rhythm of Life|needs hyper voice man
|c|★Arcanine is Regal|you know whats even funnier?
|c|★Arcanine is Regal|I only have 3 moves on this rachi
|c| SansNickel|LOL
|
|move|p1a: Salamence|Substitute|p1a: Salamence
|-start|p1a: Salamence|Substitute
|-damage|p1a: Salamence|261\/391
|move|p2a: Jirachi|Body Slam|p1a: Salamence
|-activate|p1a: Salamence|Substitute|[damage]
|
|turn|43
|c| SansNickel|wp
|
|move|p1a: Salamence|Dragon Dance|p1a: Salamence
|-boost|p1a: Salamence|atk|1
|-boost|p1a: Salamence|spe|1
|move|p2a: Jirachi|Iron Head|p1a: Salamence
|-end|p1a: Salamence|Substitute
|
|turn|44
|c| The Rhythm of Life|does doom destiney hit thru sub
|join|cyber overlord
|c| SansNickel|n
|
|move|p1a: Salamence|Substitute|p1a: Salamence
|-start|p1a: Salamence|Substitute
|-damage|p1a: Salamence|164\/391
|move|p2a: Jirachi|Body Slam|p1a: Salamence
|-activate|p1a: Salamence|Substitute|[damage]
|
|turn|45
|join|Dogeocalypse
|
|move|p1a: Salamence|Roost|p1a: Salamence
|-heal|p1a: Salamence|360\/391
|move|p2a: Jirachi|Iron Head|p1a: Salamence
|-end|p1a: Salamence|Substitute
|
|turn|46
|c| The Rhythm of Life|how is stall stop ignring me ;_;
|
|move|p1a: Salamence|Substitute|p1a: Salamence
|-start|p1a: Salamence|Substitute
|-damage|p1a: Salamence|263\/391
|move|p2a: Jirachi|Body Slam|p1a: Salamence
|-activate|p1a: Salamence|Substitute|[damage]
|
|turn|47
|c| SansNickel|idk
|
|move|p1a: Salamence|Frustration|p2a: Jirachi
|-resisted|p2a: Jirachi
|-damage|p2a: Jirachi|0 fnt
|faint|p2a: Jirachi
|
|c| SansNickel|wow
|
|switch|p2a: Chesnaught|Chesnaught, F|380\/380
|-damage|p2a: Chesnaught|357\/380|[from] Stealth Rock
|turn|48
|c| Dogeocalypse|jesus christ
|c| SansNickel|this salamence
|c|★beardy man|perfect, i ran outta subs
|c| SansNickel|is really frustrated
|c|★beardy man|lol
|
|move|p2a: Chesnaught|Spiky Shield|p2a: Chesnaught
|-singleturn|p2a: Chesnaught|move: Protect
|move|p1a: Salamence|Frustration|p2a: Chesnaught
|-activate|p2a: Chesnaught|move: Protect
|-damage|p1a: Salamence|215\/391|[from] Spiky Shield|[of] p2a: Chesnaught
|
|-heal|p2a: Chesnaught|380\/380|[from] item: Leftovers
|turn|49
|c| The Rhythm of Life|chesanught gonna pull thru
|
|switch|p2a: Sableye|Sableye-Mega, F|144\/304
|-damage|p2a: Sableye|106\/304|[from] Stealth Rock
|move|p1a: Salamence|Frustration|p2a: Sableye
|-crit|p2a: Sableye
|-damage|p2a: Sableye|0 fnt
|faint|p2a: Sableye
|
|c|★Arcanine is Regal|I got this
|c| The Rhythm of Life|get 5 in a row
|
|switch|p2a: Chesnaught|Chesnaught, F|380\/380
|-damage|p2a: Chesnaught|357\/380|[from] Stealth Rock
|turn|50
|
|move|p1a: Salamence|Frustration|p2a: Chesnaught
|-supereffective|p2a: Chesnaught
|-damage|p2a: Chesnaught|0 fnt
|faint|p2a: Chesnaught
|
|
|switch|p2a: Chansey|Chansey, F|504\/704
|-damage|p2a: Chansey|416\/704|[from] Stealth Rock
|turn|51
|c| SansNickel|> doesn't roost
|c| SansNickel|:(
|c|★Arcanine is Regal|lol bad game
|c|★Arcanine is Regal|retard
|-message|Arcanine is Regal forfeited.
|
|win|beardy man
|raw|Ladder updating...
|
|leave|Arcanine is Regal
|player|p2
|c| Dogeocalypse|lol
|raw|beardy man's rating: 1464 &rarr; <strong>1482<\/strong><br \/>(+18 for winning)
|raw|Arcanine is Regal's rating: 1429 &rarr; <strong>1411<\/strong><br \/>(-18 for losing)
|c| The Rhythm of Life|oh gottem
|c|★beardy man|sooo salty
|leave|The Rhythm of Life
|leave|SansNickel