|join|InnerGlow
|join|abcdefghitony
|player|p1|InnerGlow|124
|player|p2|abcdefghitony|1
|gametype|singles
|gen|6
|tier|OU
|rated
|clearpoke
|poke|p1|Smeargle, F
|poke|p1|Bisharp, M
|poke|p1|Medicham, M
|poke|p1|Gardevoir, M
|poke|p1|Rotom-Wash
|poke|p1|Celebi
|poke|p2|Altaria, M
|poke|p2|Magnezone
|poke|p2|Starmie
|poke|p2|Ferrothorn, M
|poke|p2|Landorus-Therian, M
|poke|p2|Gyarados, M
|rule|Swagger Clause: Swagger is banned
|rule|Baton Pass Clause: Limit one Pokémon knowing Baton Pass
|rule|Sleep Clause Mod: Limit one foe put to sleep
|rule|Species Clause: Limit one of each Pokémon
|rule|OHKO Clause: OHKO moves are banned
|rule|Moody Clause: Moody is banned
|rule|Evasion Moves Clause: Evasion moves are banned
|rule|Endless Battle Clause: Forcing endless battles is banned
|rule|HP Percentage Mod: HP is shown in percentages
|teampreview
|
|start
|switch|p1a: Gardevoir|Gardevoir, M|278\/278
|switch|p2a: Magnezone|Magnezone|281\/281
|-ability|p1a: Gardevoir|Magnet Pull|[from] ability: Trace|[of] p2a: Magnezone
|turn|1
|
|move|p1a: Gardevoir|Focus Blast|p2a: Magnezone|[miss]
|-miss|p1a: Gardevoir|p2a: Magnezone
|move|p2a: Magnezone|Volt Switch|p1a: Gardevoir
|-damage|p1a: Gardevoir|164\/278
|
|switch|p2a: Altaria|Altaria, M|311\/311
|
|turn|2
|
|switch|p1a: Rotom-Wash|Rotom-Wash|291\/291
|detailschange|p2a: Altaria|Altaria-Mega, M
|-mega|p2a: Altaria|Altaria|Altarianite
|move|p2a: Altaria|Hyper Voice|p1a: Rotom-Wash
|-damage|p1a: Rotom-Wash|98\/291
|
|-heal|p1a: Rotom-Wash|116\/291|[from] item: Leftovers
|turn|3
|
|switch|p1a: Celebi|Celebi|404\/404
|move|p2a: Altaria|Hyper Voice|p1a: Celebi
|-damage|p1a: Celebi|251\/404
|
|-heal|p1a: Celebi|276\/404|[from] item: Leftovers
|turn|4
|
|move|p1a: Celebi|Thunder Wave|p2a: Altaria
|-status|p2a: Altaria|par
|move|p2a: Altaria|Fire Blast|p1a: Celebi
|-supereffective|p1a: Celebi
|-damage|p1a: Celebi|86\/404
|
|-heal|p1a: Celebi|111\/404|[from] item: Leftovers
|turn|5
|
|move|p1a: Celebi|Recover|p1a: Celebi
|-heal|p1a: Celebi|313\/404
|move|p2a: Altaria|Heal Bell|p2a: Altaria
|-cureteam|p2a: Altaria|[from] move: HealBell
|
|-heal|p1a: Celebi|338\/404|[from] item: Leftovers
|turn|6
|
|switch|p2a: Landorus-Therian|Landorus-Therian, M|382\/382
|-ability|p2a: Landorus-Therian|Intimidate|[of] p1a: Celebi
|-unboost|p1a: Celebi|atk|1
|move|p1a: Celebi|Giga Drain|p2a: Landorus-Therian
|-damage|p2a: Landorus-Therian|285\/382
|-heal|p1a: Celebi|387\/404|[from] drain|[of] p2a: Landorus-Therian
|
|-heal|p1a: Celebi|404\/404|[from] item: Leftovers
|-heal|p2a: Landorus-Therian|308\/382|[from] item: Leftovers
|turn|7
|
|switch|p1a: Smeargle|Smeargle, F|313\/313
|move|p2a: Landorus-Therian|U-turn|p1a: Smeargle
|-damage|p1a: Smeargle|156\/313
|
|switch|p2a: Ferrothorn|Ferrothorn, M|352\/352
|
|turn|8
|
|move|p1a: Smeargle|Trick|p2a: Ferrothorn
|-activate|p1a: Smeargle|move: Trick|[of] p2a: Ferrothorn
|-item|p2a: Ferrothorn|Choice Scarf|[from] move: Trick
|-item|p1a: Smeargle|Leftovers|[from] move: Trick
|move|p2a: Ferrothorn|Spikes|p1a: Smeargle
|-sidestart|p1: InnerGlow|Spikes
|
|-heal|p1a: Smeargle|175\/313|[from] item: Leftovers
|turn|9
|
|move|p1a: Smeargle|Parting Shot|p2a: Ferrothorn
|-unboost|p2a: Ferrothorn|atk|1
|-unboost|p2a: Ferrothorn|spa|1
|
|switch|p1a: Medicham|Medicham, M|265\/265
|-damage|p1a: Medicham|232\/265|[from] Spikes
|move|p2a: Ferrothorn|Spikes|p1a: Medicham
|-sidestart|p1: InnerGlow|Spikes
|
|turn|10
|
|switch|p2a: Landorus-Therian|Landorus-Therian, M|308\/382
|-ability|p2a: Landorus-Therian|Intimidate|[of] p1a: Medicham
|-unboost|p1a: Medicham|atk|1
|detailschange|p1a: Medicham|Medicham-Mega, M
|-mega|p1a: Medicham|Medicham|Medichamite
|move|p1a: Medicham|Psycho Cut|p2a: Landorus-Therian
|-damage|p2a: Landorus-Therian|187\/382
|
|-heal|p2a: Landorus-Therian|210\/382|[from] item: Leftovers
|turn|11
|
|switch|p1a: Rotom-Wash|Rotom-Wash|116\/291
|move|p2a: Landorus-Therian|Stealth Rock|p1a: Rotom-Wash
|-sidestart|p1: InnerGlow|move: Stealth Rock
|
|-heal|p2a: Landorus-Therian|233\/382|[from] item: Leftovers
|-heal|p1a: Rotom-Wash|134\/291|[from] item: Leftovers
|turn|12
|
|move|p2a: Landorus-Therian|U-turn|p1a: Rotom-Wash
|-damage|p1a: Rotom-Wash|77\/291
|
|switch|p2a: Magnezone|Magnezone|281\/281
|move|p1a: Rotom-Wash|Volt Switch|p2a: Magnezone
|-resisted|p2a: Magnezone
|-damage|p2a: Magnezone|236\/281
|
|switch|p1a: Medicham|Medicham-Mega, M|232\/265
|-damage|p1a: Medicham|188\/265|[from] Spikes
|-damage|p1a: Medicham|172\/265|[from] Stealth Rock
|
|turn|13
|
|move|p2a: Magnezone|Volt Switch|p1a: Medicham
|-damage|p1a: Medicham|40\/265
|
|switch|p2a: Gyarados|Gyarados, M|353\/353
|-ability|p2a: Gyarados|Intimidate|[of] p1a: Medicham
|-unboost|p1a: Medicham|atk|1
|move|p1a: Medicham|Drain Punch|p2a: Gyarados
|-resisted|p2a: Gyarados
|-damage|p2a: Gyarados|254\/353
|-heal|p1a: Medicham|90\/265|[from] drain|[of] p2a: Gyarados
|
|-heal|p2a: Gyarados|276\/353|[from] item: Leftovers
|turn|14
|
|move|p1a: Medicham|Psycho Cut|p2a: Gyarados
|-crit|p2a: Gyarados
|-damage|p2a: Gyarados|0 fnt
|faint|p2a: Gyarados
|
|
|switch|p2a: Magnezone|Magnezone|236\/281
|turn|15
|
|switch|p1a: Rotom-Wash|Rotom-Wash|77\/291
|-damage|p1a: Rotom-Wash|41\/291|[from] Stealth Rock
|move|p2a: Magnezone|Volt Switch|p1a: Rotom-Wash
|-damage|p1a: Rotom-Wash|0 fnt
|faint|p1a: Rotom-Wash
|
|switch|p2a: Landorus-Therian|Landorus-Therian, M|233\/382
|
|-heal|p2a: Landorus-Therian|256\/382|[from] item: Leftovers
|
|switch|p1a: Smeargle|Smeargle, F|175\/313
|-damage|p1a: Smeargle|123\/313|[from] Spikes
|-damage|p1a: Smeargle|84\/313|[from] Stealth Rock
|turn|16
|
|switch|p2a: Ferrothorn|Ferrothorn, M|352\/352
|move|p1a: Smeargle|Lunar Dance|p1a: Smeargle
|faint|p1a: Smeargle
|
|c|★abcdefghitony|!data lunar dance
|c|~|\/data-move Lunar Dance

|
|switch|p1a: Medicham|Medicham-Mega, M|90\/265
|-heal|p1a: Medicham|265\/265|[from] move: Lunar Dance
|-damage|p1a: Medicham|221\/265|[from] Spikes
|-damage|p1a: Medicham|205\/265|[from] Stealth Rock
|turn|17
|
|move|p1a: Medicham|Drain Punch|p2a: Ferrothorn
|-supereffective|p2a: Ferrothorn
|-damage|p2a: Ferrothorn|32\/352
|-heal|p1a: Medicham|265\/265|[from] drain|[of] p2a: Ferrothorn
|-damage|p1a: Medicham|232\/265|[from] ability: Iron Barbs|[of] p2a: Ferrothorn
|move|p2a: Ferrothorn|Gyro Ball|p1a: Medicham
|-damage|p1a: Medicham|67\/265
|
|turn|18
|
|move|p1a: Medicham|Psycho Cut|p2a: Ferrothorn
|-resisted|p2a: Ferrothorn
|-damage|p2a: Ferrothorn|0 fnt
|faint|p2a: Ferrothorn
|
|
|switch|p2a: Magnezone|Magnezone|236\/281
|turn|19
|
|move|p1a: Medicham|Bullet Punch|p2a: Magnezone
|-resisted|p2a: Magnezone
|-damage|p2a: Magnezone|218\/281
|move|p2a: Magnezone|Volt Switch|p1a: Medicham
|-crit|p1a: Medicham
|-damage|p1a: Medicham|0 fnt
|faint|p1a: Medicham
|
|switch|p2a: Landorus-Therian|Landorus-Therian, M|256\/382
|
|-heal|p2a: Landorus-Therian|279\/382|[from] item: Leftovers
|
|switch|p1a: Gardevoir|Gardevoir, M|164\/278
|-damage|p1a: Gardevoir|118\/278|[from] Spikes
|-damage|p1a: Gardevoir|84\/278|[from] Stealth Rock
|-ability|p1a: Gardevoir|Intimidate|[from] ability: Trace|[of] p2a: Landorus-Therian
|-ability|p1a: Gardevoir|Intimidate|[of] p2a: Landorus-Therian
|-unboost|p2a: Landorus-Therian|atk|1
|turn|20
|
|switch|p2a: Starmie|Starmie|261\/261
|move|p1a: Gardevoir|Moonblast|p2a: Starmie
|-damage|p2a: Starmie|45\/261
|
|turn|21
|
|move|p1a: Gardevoir|Moonblast|p2a: Starmie
|-damage|p2a: Starmie|0 fnt
|faint|p2a: Starmie
|
|
|switch|p2a: Magnezone|Magnezone|218\/281
|turn|22
|
|switch|p1a: Celebi|Celebi|404\/404
|-damage|p1a: Celebi|354\/404|[from] Stealth Rock
|-damage|p1a: Celebi|287\/404|[from] Spikes
|move|p2a: Magnezone|Volt Switch|p1a: Celebi
|-resisted|p1a: Celebi
|-damage|p1a: Celebi|243\/404
|
|switch|p2a: Landorus-Therian|Landorus-Therian, M|279\/382
|-ability|p2a: Landorus-Therian|Intimidate|[of] p1a: Celebi
|-unboost|p1a: Celebi|atk|1
|
|-heal|p1a: Celebi|268\/404|[from] item: Leftovers
|-heal|p2a: Landorus-Therian|302\/382|[from] item: Leftovers
|turn|23
|
|move|p1a: Celebi|Giga Drain|p2a: Landorus-Therian
|-crit|p2a: Landorus-Therian
|-damage|p2a: Landorus-Therian|145\/382
|-heal|p1a: Celebi|347\/404|[from] drain|[of] p2a: Landorus-Therian
|move|p2a: Landorus-Therian|U-turn|p1a: Celebi
|-supereffective|p1a: Celebi
|-damage|p1a: Celebi|23\/404
|
|switch|p2a: Magnezone|Magnezone|218\/281
|
|-heal|p1a: Celebi|48\/404|[from] item: Leftovers
|turn|24
|
|move|p2a: Magnezone|Thunderbolt|p1a: Celebi
|-resisted|p1a: Celebi
|-damage|p1a: Celebi|0 fnt
|faint|p1a: Celebi
|
|
|switch|p1a: Bisharp|Bisharp, M|334\/334
|-damage|p1a: Bisharp|314\/334|[from] Stealth Rock
|-damage|p1a: Bisharp|259\/334|[from] Spikes
|turn|25
|
|move|p1a: Bisharp|Sucker Punch|p2a: Magnezone
|-damage|p2a: Magnezone|55\/281
|move|p2a: Magnezone|Thunderbolt|p1a: Bisharp
|-damage|p1a: Bisharp|57\/334
|
|turn|26
|
|move|p2a: Magnezone|Thunderbolt|p1a: Bisharp
|-damage|p1a: Bisharp|0 fnt
|faint|p1a: Bisharp
|
|
|switch|p1a: Gardevoir|Gardevoir, M|84\/278
|-damage|p1a: Gardevoir|38\/278|[from] Spikes
|-damage|p1a: Gardevoir|4\/278|[from] Stealth Rock
|-ability|p1a: Gardevoir|Magnet Pull|[from] ability: Trace|[of] p2a: Magnezone
|turn|27
|
|move|p1a: Gardevoir|Moonblast|p2a: Magnezone
|-resisted|p2a: Magnezone
|-damage|p2a: Magnezone|0 fnt
|faint|p2a: Magnezone
|
|
|switch|p2a: Altaria|Altaria-Mega, M|311\/311
|turn|28
|
|move|p1a: Gardevoir|Moonblast|p2a: Altaria
|-supereffective|p2a: Altaria
|-damage|p2a: Altaria|0 fnt
|faint|p2a: Altaria
|
|c|★abcdefghitony|damn it
|c|★abcdefghitony|gg
|
|switch|p2a: Landorus-Therian|Landorus-Therian, M|145\/382
|-ability|p2a: Landorus-Therian|Intimidate|[of] p1a: Gardevoir
|-unboost|p1a: Gardevoir|atk|1
|turn|29
|
|move|p1a: Gardevoir|Moonblast|p2a: Landorus-Therian
|-damage|p2a: Landorus-Therian|0 fnt
|faint|p2a: Landorus-Therian
|
|win|InnerGlow
|raw|Ladder updating...
|raw|InnerGlow's rating: 1573 &rarr; <strong>1592<\/strong><br \/>(+19 for winning)
|raw|abcdefghitony's rating: 1561 &rarr; <strong>1542<\/strong><br \/>(-19 for losing)