|join|NoKnuckles
|join|arceus1117
|player|p1|NoKnuckles|23
|player|p2|arceus1117|29
|gametype|singles
|gen|6
|tier|UU
|rated
|rule|Sleep Clause Mod: Limit one foe put to sleep
|rule|Species Clause: Limit one of each Pokémon
|rule|OHKO Clause: OHKO moves are banned
|rule|Moody Clause: Moody is banned
|rule|Evasion Moves Clause: Evasion moves are banned
|rule|Endless Battle Clause: Forcing endless battles is banned
|rule|HP Percentage Mod: HP is shown in percentages
|clearpoke
|poke|p1|Beedrill, F
|poke|p1|Crobat, M
|poke|p1|Rotom-Heat
|poke|p1|Nidoking, M
|poke|p1|Pangoro, M
|poke|p1|Cloyster, M
|poke|p2|Aerodactyl, M
|poke|p2|Crobat, M
|poke|p2|Chesnaught, M
|poke|p2|Empoleon, F
|poke|p2|Rotom-Heat
|poke|p2|Hydreigon, F
|rule|Swagger Clause: Swagger is banned
|rule|Baton Pass Clause: Limit one Pokémon knowing Baton Pass
|teampreview
|
|start
|switch|p1a: Rotom-Heat|Rotom-Heat|241\/241
|switch|p2a: Crobat|Crobat, M|315\/315
|turn|1
|
|move|p1a: Rotom-Heat|Volt Switch|p2a: Crobat
|-supereffective|p2a: Crobat
|-damage|p2a: Crobat|99\/315
|
|switch|p1a: Crobat|Crobat, M|349\/349
|move|p2a: Crobat|U-turn|p1a: Crobat
|-resisted|p1a: Crobat
|-damage|p1a: Crobat|318\/349
|
|switch|p2a: Empoleon|Empoleon, F|330\/330
|
|-heal|p1a: Crobat|339\/349|[from] item: Black Sludge
|turn|2
|
|move|p1a: Crobat|U-turn|p2a: Empoleon
|-resisted|p2a: Empoleon
|-damage|p2a: Empoleon|305\/330
|
|switch|p1a: Pangoro|Pangoro, M|394\/394
|move|p2a: Empoleon|Stealth Rock|p1a: Pangoro
|-sidestart|p1: NoKnuckles|move: Stealth Rock
|
|-heal|p2a: Empoleon|325\/330|[from] item: Leftovers
|turn|3
|
|switch|p2a: Chesnaught|Chesnaught, M|335\/335
|move|p1a: Pangoro|Knock Off|p2a: Chesnaught
|-resisted|p2a: Chesnaught
|-damage|p2a: Chesnaught|241\/335
|-enditem|p2a: Chesnaught|Big Root|[from] move: Knock Off|[of] p1a: Pangoro
|-damage|p1a: Pangoro|355\/394|[from] item: Life Orb
|
|turn|4
|
|move|p1a: Pangoro|Parting Shot|p2a: Chesnaught
|-unboost|p2a: Chesnaught|atk|1
|-unboost|p2a: Chesnaught|spa|1
|
|switch|p1a: Crobat|Crobat, M|339\/349
|-damage|p1a: Crobat|252\/349|[from] Stealth Rock
|move|p2a: Chesnaught|Drain Punch|p1a: Crobat
|-resisted|p1a: Crobat
|-damage|p1a: Crobat|233\/349
|-heal|p2a: Chesnaught|251\/335|[from] drain|[of] p1a: Crobat
|
|-heal|p1a: Crobat|254\/349|[from] item: Black Sludge
|turn|5
|
|switch|p2a: Rotom-Heat|Rotom-Heat|275\/275
|move|p1a: Crobat|Defog|p2a: Rotom-Heat
|-unboost|p2a: Rotom-Heat|evasion|1
|-sideend|p1: NoKnuckles|Stealth Rock|[from] move: Defog|[of] p1a: Crobat
|
|-heal|p1a: Crobat|275\/349|[from] item: Black Sludge
|turn|6
|
|switch|p1a: Nidoking|Nidoking, M|304\/304
|move|p2a: Rotom-Heat|Will-O-Wisp|p1a: Nidoking
|-status|p1a: Nidoking|brn
|
|-damage|p1a: Nidoking|266\/304 brn|[from] brn
|turn|7
|
|switch|p2a: Aerodactyl|Aerodactyl, M|325\/325
|move|p1a: Nidoking|Sludge Bomb|p2a: Aerodactyl
|-resisted|p2a: Aerodactyl
|-damage|p2a: Aerodactyl|185\/325
|
|-damage|p1a: Nidoking|228\/304 brn|[from] brn
|turn|8
|
|switch|p1a: Rotom-Heat|Rotom-Heat|241\/241
|detailschange|p2a: Aerodactyl|Aerodactyl-Mega, M
|message|Aerodactyl has Mega Evolved into Mega Aerodactyl!
|move|p2a: Aerodactyl|Earthquake|p1a: Rotom-Heat
|-immune|p1a: Rotom-Heat|[msg]
|
|turn|9
|
|move|p1a: Rotom-Heat|Volt Switch|p2a: Aerodactyl
|-supereffective|p2a: Aerodactyl
|-damage|p2a: Aerodactyl|0 fnt
|faint|p2a: Aerodactyl
|
|switch|p1a: Nidoking|Nidoking, M|228\/304 brn
|
|-damage|p1a: Nidoking|190\/304 brn|[from] brn
|
|switch|p2a: Hydreigon|Hydreigon, F|350\/350
|turn|10
|
|switch|p1a: Cloyster|Cloyster, M|241\/241
|move|p2a: Hydreigon|Dark Pulse|p1a: Cloyster
|-damage|p1a: Cloyster|0 fnt
|faint|p1a: Cloyster
|
|
|switch|p1a: Pangoro|Pangoro, M|355\/394
|turn|11
|
|move|p2a: Hydreigon|Flamethrower|p1a: Pangoro
|-damage|p1a: Pangoro|234\/394
|move|p1a: Pangoro|Parting Shot|p2a: Hydreigon
|-unboost|p2a: Hydreigon|atk|1
|-unboost|p2a: Hydreigon|spa|1
|
|switch|p1a: Beedrill|Beedrill, F|271\/271
|
|turn|12
|
|detailschange|p1a: Beedrill|Beedrill-Mega, F
|message|Beedrill has Mega Evolved into Mega Beedrill!
|move|p1a: Beedrill|Protect|p1a: Beedrill
|-singleturn|p1a: Beedrill|Protect
|move|p2a: Hydreigon|Flamethrower|p1a: Beedrill
|-activate|p1a: Beedrill|Protect
|
|turn|13
|
|move|p1a: Beedrill|U-turn|p2a: Hydreigon
|-supereffective|p2a: Hydreigon
|-damage|p2a: Hydreigon|0 fnt
|faint|p2a: Hydreigon
|
|switch|p1a: Rotom-Heat|Rotom-Heat|241\/241
|
|
|switch|p2a: Empoleon|Empoleon, F|325\/330
|turn|14
|
|move|p1a: Rotom-Heat|Volt Switch|p2a: Empoleon
|-supereffective|p2a: Empoleon
|-damage|p2a: Empoleon|151\/330
|
|switch|p1a: Nidoking|Nidoking, M|190\/304 brn
|move|p2a: Empoleon|Stealth Rock|p1a: Nidoking
|-sidestart|p1: NoKnuckles|move: Stealth Rock
|
|-heal|p2a: Empoleon|171\/330|[from] item: Leftovers
|-damage|p1a: Nidoking|152\/304 brn|[from] brn
|turn|15
|
|move|p1a: Nidoking|Earth Power|p2a: Empoleon
|-supereffective|p2a: Empoleon
|-damage|p2a: Empoleon|0 fnt
|faint|p2a: Empoleon
|
|-damage|p1a: Nidoking|114\/304 brn|[from] brn
|
|switch|p2a: Rotom-Heat|Rotom-Heat|275\/275
|turn|16
|
|move|p1a: Nidoking|Sludge Bomb|p2a: Rotom-Heat
|-damage|p2a: Rotom-Heat|123\/275
|move|p2a: Rotom-Heat|Hidden Power|p1a: Nidoking
|-damage|p1a: Nidoking|44\/304 brn
|
|-heal|p2a: Rotom-Heat|140\/275|[from] item: Leftovers
|-damage|p1a: Nidoking|6\/304 brn|[from] brn
|turn|17
|
|switch|p2a: Crobat|Crobat, M|99\/315
|move|p1a: Nidoking|Sludge Bomb|p2a: Crobat
|-crit|p2a: Crobat
|-resisted|p2a: Crobat
|-damage|p2a: Crobat|0 fnt
|faint|p2a: Crobat
|
|-damage|p1a: Nidoking|0 fnt|[from] brn
|faint|p1a: Nidoking
|
|switch|p1a: Crobat|Crobat, M|275\/349
|switch|p2a: Rotom-Heat|Rotom-Heat|140\/275
|-damage|p1a: Crobat|188\/349|[from] Stealth Rock
|turn|18
|
|move|p1a: Crobat|Roost|p1a: Crobat
|-heal|p1a: Crobat|349\/349
|move|p2a: Rotom-Heat|Volt Switch|p1a: Crobat
|-damage|p1a: Crobat|225\/349
|
|switch|p2a: Chesnaught|Chesnaught, M|251\/335
|
|-heal|p1a: Crobat|246\/349|[from] item: Black Sludge
|turn|19
|
|switch|p2a: Rotom-Heat|Rotom-Heat|140\/275
|move|p1a: Crobat|Brave Bird|p2a: Rotom-Heat
|-resisted|p2a: Rotom-Heat
|-damage|p2a: Rotom-Heat|80\/275
|-damage|p1a: Crobat|226\/349|[from] recoil|[of] p2a: Rotom-Heat
|
|-heal|p1a: Crobat|247\/349|[from] item: Black Sludge
|-heal|p2a: Rotom-Heat|97\/275|[from] item: Leftovers
|turn|20
|
|move|p1a: Crobat|Defog|p2a: Rotom-Heat
|-unboost|p2a: Rotom-Heat|evasion|1
|-sideend|p1: NoKnuckles|Stealth Rock|[from] move: Defog|[of] p1a: Crobat
|move|p2a: Rotom-Heat|Will-O-Wisp|p1a: Crobat
|-status|p1a: Crobat|brn
|
|-heal|p1a: Crobat|268\/349 brn|[from] item: Black Sludge
|-heal|p2a: Rotom-Heat|114\/275|[from] item: Leftovers
|-damage|p1a: Crobat|225\/349 brn|[from] brn
|turn|21
|
|move|p1a: Crobat|Brave Bird|p2a: Rotom-Heat
|-resisted|p2a: Rotom-Heat
|-damage|p2a: Rotom-Heat|84\/275
|-damage|p1a: Crobat|215\/349 brn|[from] recoil|[of] p2a: Rotom-Heat
|move|p2a: Rotom-Heat|Hidden Power|p1a: Crobat
|-resisted|p1a: Crobat
|-damage|p1a: Crobat|199\/349 brn
|
|-heal|p1a: Crobat|220\/349 brn|[from] item: Black Sludge
|-heal|p2a: Rotom-Heat|101\/275|[from] item: Leftovers
|-damage|p1a: Crobat|177\/349 brn|[from] brn
|turn|22
|
|move|p1a: Crobat|Brave Bird|p2a: Rotom-Heat
|-resisted|p2a: Rotom-Heat
|-damage|p2a: Rotom-Heat|71\/275
|-damage|p1a: Crobat|167\/349 brn|[from] recoil|[of] p2a: Rotom-Heat
|move|p2a: Rotom-Heat|Volt Switch|p1a: Crobat
|-supereffective|p1a: Crobat
|-damage|p1a: Crobat|0 fnt
|faint|p1a: Crobat
|
|switch|p2a: Chesnaught|Chesnaught, M|251\/335
|
|
|switch|p1a: Rotom-Heat|Rotom-Heat|241\/241
|turn|23
|
|move|p1a: Rotom-Heat|Overheat|p2a: Chesnaught
|-supereffective|p2a: Chesnaught
|-damage|p2a: Chesnaught|0 fnt
|-unboost|p1a: Rotom-Heat|spa|2
|faint|p2a: Chesnaught
|
|
|switch|p2a: Rotom-Heat|Rotom-Heat|71\/275
|turn|24
|
|switch|p1a: Pangoro|Pangoro, M|234\/394
|move|p2a: Rotom-Heat|Volt Switch|p1a: Pangoro
|-damage|p1a: Pangoro|110\/394
|
|-heal|p2a: Rotom-Heat|88\/275|[from] item: Leftovers
|turn|25
|
|move|p2a: Rotom-Heat|Volt Switch|p1a: Pangoro
|-damage|p1a: Pangoro|0 fnt
|faint|p1a: Pangoro
|
|-heal|p2a: Rotom-Heat|105\/275|[from] item: Leftovers
|
|switch|p1a: Beedrill|Beedrill-Mega, F|271\/271
|turn|26
|
|move|p1a: Beedrill|Poison Jab|p2a: Rotom-Heat
|-damage|p2a: Rotom-Heat|0 fnt
|faint|p2a: Rotom-Heat
|
|win|NoKnuckles
|raw|Ladder updating...
|c|★arceus1117|gg
|c|★NoKnuckles|gg