|join|NoKnuckles
|join|Donfantastic
|player|p1|NoKnuckles|23
|player|p2|Donfantastic|290
|gametype|singles
|gen|6
|tier|UU
|rated
|rule|Sleep Clause Mod: Limit one foe put to sleep
|rule|Species Clause: Limit one of each Pokémon
|rule|OHKO Clause: OHKO moves are banned
|rule|Moody Clause: Moody is banned
|rule|Evasion Moves Clause: Evasion moves are banned
|rule|Endless Battle Clause: Forcing endless battles is banned
|rule|HP Percentage Mod: HP is shown in percentages
|clearpoke
|poke|p1|Beedrill, F
|poke|p1|Crobat, F
|poke|p1|Rotom-Heat
|poke|p1|Nidoking, M
|poke|p1|Vaporeon, F
|poke|p1|Shaymin
|poke|p2|Alakazam, F
|poke|p2|Swampert, F
|poke|p2|Entei, shiny
|poke|p2|Vaporeon, F
|poke|p2|Whimsicott, F
|poke|p2|Crobat, M
|rule|Swagger Clause: Swagger is banned
|rule|Baton Pass Clause: Limit one Pokémon knowing Baton Pass
|teampreview
|
|start
|switch|p1a: Shaymin|Shaymin|341\/341
|switch|p2a: Crobat|Crobat, M|373\/373
|turn|1
|
|switch|p1a: Rotom-Heat|Rotom-Heat|241\/241
|move|p2a: Crobat|Toxic|p1a: Rotom-Heat
|-status|p1a: Rotom-Heat|tox
|
|-damage|p1a: Rotom-Heat|226\/241 tox|[from] psn
|turn|2
|
|switch|p2a: Swampert|Swampert, F|403\/403
|move|p1a: Rotom-Heat|Hidden Power|p2a: Swampert
|-supereffective|p2a: Swampert
|-damage|p2a: Swampert|207\/403
|
|-heal|p2a: Swampert|232\/403|[from] item: Leftovers
|-damage|p1a: Rotom-Heat|196\/241 tox|[from] psn
|turn|3
|
|switch|p1a: Nidoking|Nidoking, M|304\/304
|move|p2a: Swampert|Stealth Rock|p1a: Nidoking
|-sidestart|p1: NoKnuckles|move: Stealth Rock
|
|-heal|p2a: Swampert|257\/403|[from] item: Leftovers
|turn|4
|
|switch|p1a: Shaymin|Shaymin|341\/341
|-damage|p1a: Shaymin|299\/341|[from] Stealth Rock
|move|p2a: Swampert|Earthquake|p1a: Shaymin
|-resisted|p1a: Shaymin
|-damage|p1a: Shaymin|233\/341
|
|-heal|p2a: Swampert|282\/403|[from] item: Leftovers
|turn|5
|
|switch|p2a: Crobat|Crobat, M|373\/373
|move|p1a: Shaymin|Seed Flare|p2a: Crobat
|-resisted|p2a: Crobat
|-damage|p2a: Crobat|305\/373
|-unboost|p2a: Crobat|spd|2
|-damage|p1a: Shaymin|199\/341|[from] item: Life Orb
|
|turn|6
|
|switch|p1a: Vaporeon|Vaporeon, F|451\/451
|-damage|p1a: Vaporeon|395\/451|[from] Stealth Rock
|move|p2a: Crobat|Acrobatics|p1a: Vaporeon
|-damage|p1a: Vaporeon|287\/451
|
|-heal|p1a: Vaporeon|315\/451|[from] item: Leftovers
|turn|7
|
|switch|p2a: Alakazam|Alakazam, F|251\/251
|move|p1a: Vaporeon|Wish|p1a: Vaporeon
|
|-heal|p1a: Vaporeon|343\/451|[from] item: Leftovers
|turn|8
|
|detailschange|p2a: Alakazam|Alakazam-Mega, F
|-mega|p2a: Alakazam|Alakazam|Alakazite
|-ability|p2a: Alakazam|Water Absorb|[from] ability: Trace|[of] p1a: Vaporeon
|move|p2a: Alakazam|Calm Mind|p2a: Alakazam
|-boost|p2a: Alakazam|spa|1
|-boost|p2a: Alakazam|spd|1
|move|p1a: Vaporeon|Scald|p2a: Alakazam
|-immune|p2a: Alakazam|[msg]
|
|-heal|p1a: Vaporeon|451\/451|[from] move: Wish|[wisher] Vaporeon
|turn|9
|
|move|p2a: Alakazam|Encore|p1a: Vaporeon
|-start|p1a: Vaporeon|Encore
|move|p1a: Vaporeon|Scald|p2a: Alakazam
|-immune|p2a: Alakazam|[msg]
|
|turn|10
|
|switch|p1a: Beedrill|Beedrill, F|271\/271
|-damage|p1a: Beedrill|204\/271|[from] Stealth Rock
|move|p2a: Alakazam|Calm Mind|p2a: Alakazam
|-boost|p2a: Alakazam|spa|1
|-boost|p2a: Alakazam|spd|1
|
|turn|11
|
|detailschange|p1a: Beedrill|Beedrill-Mega, F
|-mega|p1a: Beedrill|Beedrill|Beedrillite
|move|p1a: Beedrill|Protect|p1a: Beedrill
|-singleturn|p1a: Beedrill|Protect
|move|p2a: Alakazam|Psychic|p1a: Beedrill
|-activate|p1a: Beedrill|Protect
|
|turn|12
|join|Volbeatdown
|
|move|p2a: Alakazam|Psychic|p1a: Beedrill
|-supereffective|p1a: Beedrill
|-damage|p1a: Beedrill|0 fnt
|faint|p1a: Beedrill
|
|
|switch|p1a: Rotom-Heat|Rotom-Heat|196\/241 tox
|-damage|p1a: Rotom-Heat|136\/241 tox|[from] Stealth Rock
|turn|13
|
|move|p1a: Rotom-Heat|Volt Switch|p2a: Alakazam
|-damage|p2a: Alakazam|196\/251
|join|Meowiekins
|
|switch|p1a: Shaymin|Shaymin|199\/341
|-damage|p1a: Shaymin|157\/341|[from] Stealth Rock
|move|p2a: Alakazam|Psychic|p1a: Shaymin
|-damage|p1a: Shaymin|0 fnt
|faint|p1a: Shaymin
|
|
|switch|p1a: Rotom-Heat|Rotom-Heat|136\/241 tox
|-damage|p1a: Rotom-Heat|76\/241 tox|[from] Stealth Rock
|turn|14
|join|OGWanka
|
|move|p1a: Rotom-Heat|Overheat|p2a: Alakazam
|-damage|p2a: Alakazam|88\/251
|-unboost|p1a: Rotom-Heat|spa|2
|move|p2a: Alakazam|Psychic|p1a: Rotom-Heat
|-damage|p1a: Rotom-Heat|0 fnt
|faint|p1a: Rotom-Heat
|
|c|★NoKnuckles|that water absorb is just wow
|c|★NoKnuckles|gg
|
|switch|p1a: Crobat|Crobat, F|349\/349
|-damage|p1a: Crobat|262\/349|[from] Stealth Rock
|turn|15
|
|move|p2a: Alakazam|Psychic|p1a: Crobat
|-supereffective|p1a: Crobat
|-damage|p1a: Crobat|0 fnt
|faint|p1a: Crobat
|
|
|switch|p1a: Nidoking|Nidoking, M|304\/304
|-damage|p1a: Nidoking|285\/304|[from] Stealth Rock
|turn|16
|
|move|p2a: Alakazam|Psychic|p1a: Nidoking
|-supereffective|p1a: Nidoking
|-damage|p1a: Nidoking|0 fnt
|faint|p1a: Nidoking
|
|
|switch|p1a: Vaporeon|Vaporeon, F|451\/451
|-damage|p1a: Vaporeon|395\/451|[from] Stealth Rock
|turn|17
|
|move|p2a: Alakazam|Psychic|p1a: Vaporeon
|-damage|p1a: Vaporeon|0 fnt
|faint|p1a: Vaporeon
|
|win|Donfantastic
|raw|Ladder updating...
|raw|NoKnuckles's rating: 1412 &rarr; <strong>1395<\/strong><br \/>(-17 for losing)
|raw|Donfantastic's rating: 1459 &rarr; <strong>1476<\/strong><br \/>(+17 for winning)
|leave|NoKnuckles
|player|p1
|leave|Volbeatdown
|leave|OGWanka