|join|shartruce2
|join|scotti
|player|p1|shartruce2|43
|player|p2|scotti|181
|gametype|singles
|gen|6
|tier|OU
|clearpoke
|poke|p1|Landorus-Therian, M
|poke|p1|Greninja, M
|poke|p1|Keldeo
|poke|p1|Thundurus, M
|poke|p1|Metagross
|poke|p1|Latios, M
|poke|p2|Greninja, M
|poke|p2|Latias, F
|poke|p2|Sceptile, M
|poke|p2|Mamoswine, M
|poke|p2|Heatran, M
|poke|p2|Thundurus, M
|rule|Swagger Clause: Swagger is banned
|rule|Baton Pass Clause: Limit one Pokémon knowing Baton Pass
|rule|Sleep Clause Mod: Limit one foe put to sleep
|rule|Species Clause: Limit one of each Pokémon
|rule|OHKO Clause: OHKO moves are banned
|rule|Moody Clause: Moody is banned
|rule|Evasion Moves Clause: Evasion moves are banned
|rule|Endless Battle Clause: Forcing endless battles is banned
|rule|HP Percentage Mod: HP is shown in percentages
|teampreview
|c|★scotti|gl
|c|★shartruce2|u2
|
|start
|switch|p1a: WHY R U S RANK|Landorus-Therian, M|338\/338
|switch|p2a: Mamoswine|Mamoswine, M|361\/361
|-ability|p1a: WHY R U S RANK|Intimidate|[of] p2a: Mamoswine
|-unboost|p2a: Mamoswine|atk|1
|turn|1
|
|move|p1a: WHY R U S RANK|Stealth Rock|p2a: Mamoswine
|-sidestart|p2: scotti|move: Stealth Rock
|move|p2a: Mamoswine|Earthquake|p1a: WHY R U S RANK
|-immune|p1a: WHY R U S RANK|[msg]
|
|turn|2
|c|★scotti|aww
|join|Yuttt.ttttt
|
|move|p1a: WHY R U S RANK|Earthquake|p2a: Mamoswine
|-damage|p2a: Mamoswine|93\/361
|move|p2a: Mamoswine|Earthquake|p1a: WHY R U S RANK
|-immune|p1a: WHY R U S RANK|[msg]
|
|turn|3
|c|★scotti|fuq
|c| Yuttt.ttttt|.
|c|★scotti|shut up yuttt
|c| Yuttt.ttttt|griound is immune to eq...
|c| Yuttt.ttttt|nub...
|c|★scotti|lemme try and be cool
|
|move|p2a: Mamoswine|Ice Shard|p1a: WHY R U S RANK
|-crit|p1a: WHY R U S RANK
|-supereffective|p1a: WHY R U S RANK
|-damage|p1a: WHY R U S RANK|0 fnt
|-damage|p2a: Mamoswine|57\/361|[from] item: Life Orb
|faint|p1a: WHY R U S RANK
|
|c|★scotti|oh
|c| Yuttt.ttttt|cool
|c|★scotti|nice
|c|★scotti|see
|c|★scotti|no one can lie
|c|★scotti|the coolness
|c|★scotti|was that moment
|
|switch|p1a: S RANK BLUE MEGA|Metagross|302\/302
|turn|4
|
|switch|p2a: Heatran|Heatran, M|323\/323
|-damage|p2a: Heatran|283\/323|[from] Stealth Rock
|detailschange|p1a: S RANK BLUE MEGA|Metagross-Mega
|message|Metagross has Mega Evolved into Mega Metagross!
|move|p1a: S RANK BLUE MEGA|Ice Punch|p2a: Heatran
|-resisted|p2a: Heatran
|-damage|p2a: Heatran|253\/323
|
|turn|5
|c|★scotti|hmm does it have quake
|c| Yuttt.ttttt|yes
|c|★scotti|i hope not :3
|
|switch|p1a: S RANK BLUE DRAGON|Latios, M|302\/302
|move|p2a: Heatran|Fire Blast|p1a: S RANK BLUE DRAGON
|-resisted|p1a: S RANK BLUE DRAGON
|-damage|p1a: S RANK BLUE DRAGON|209\/302
|
|turn|6
|c|★scotti|hmm i see
|
|switch|p2a: Greninja|Greninja, M|285\/285
|-damage|p2a: Greninja|250\/285|[from] Stealth Rock
|move|p1a: S RANK BLUE DRAGON|Surf|p2a: Greninja
|-resisted|p2a: Greninja
|-damage|p2a: Greninja|140\/285
|-damage|p1a: S RANK BLUE DRAGON|179\/302|[from] item: Life Orb
|
|turn|7
|c|★scotti|ah
|
|switch|p1a: not s rank but blu|Keldeo|335\/335
|move|p2a: Greninja|Gunk Shot|p1a: not s rank but blu
|-start|p2a: Greninja|typechange|Poison|[from] Protean
|-damage|p1a: not s rank but blu|108\/335
|-damage|p2a: Greninja|112\/285|[from] item: Life Orb
|
|turn|8
|c| Yuttt.ttttt|lmao
|c| Yuttt.ttttt|i get it
|c| Yuttt.ttttt|6 s rank mons
|
|move|p1a: not s rank but blu|Scald|p2a: Greninja
|-crit|p2a: Greninja
|-damage|p2a: Greninja|0 fnt
|faint|p2a: Greninja
|
|c|★scotti|fuq
|
|switch|p2a: Sceptile|Sceptile, M|281\/281
|-damage|p2a: Sceptile|246\/281|[from] Stealth Rock
|turn|9
|c|★scotti|hey there all s rank
|c|★scotti|thats cool
|c| Yuttt.ttttt|...
|c|★scotti|well
|c|★scotti|accept keldeo but it is blue and was s rank
|
|switch|p1a: S RANK BLUE GENIE|Thundurus, M|299\/299
|detailschange|p2a: Sceptile|Sceptile-Mega, M
|message|Sceptile has Mega Evolved into Mega Sceptile!
|move|p2a: Sceptile|Earthquake|p1a: S RANK BLUE GENIE
|-immune|p1a: S RANK BLUE GENIE|[msg]
|
|turn|10
|c|★scotti|fuq
|c| Yuttt.ttttt|>accept
|c| Yuttt.ttttt|wtf
|
|switch|p2a: Latias|Latias, F|301\/301
|-damage|p2a: Latias|264\/301|[from] Stealth Rock
|move|p1a: S RANK BLUE GENIE|Hidden Power|p2a: Latias
|-supereffective|p2a: Latias
|-damage|p2a: Latias|131\/301
|-damage|p1a: S RANK BLUE GENIE|270\/299|[from] item: Life Orb
|
|turn|11
|c| Yuttt.ttttt|i hop that is on purpose
|c|★scotti|bruh yutt watch this
|
|move|p2a: Latias|Healing Wish|p2a: Latias
|faint|p2a: Latias
|move|p1a: S RANK BLUE GENIE|Hidden Power|p2: Latias|[notarget]
|-notarget
|
|
|switch|p2a: Mamoswine|Mamoswine, M|57\/361
|-heal|p2a: Mamoswine|361\/361|[from] move: Healing Wish
|-damage|p2a: Mamoswine|316\/361|[from] Stealth Rock
|turn|12
|c|★scotti|bam
|
|move|p2a: Mamoswine|Ice Shard|p1a: S RANK BLUE GENIE
|-crit|p1a: S RANK BLUE GENIE
|-supereffective|p1a: S RANK BLUE GENIE
|-damage|p1a: S RANK BLUE GENIE|0 fnt
|-damage|p2a: Mamoswine|280\/361|[from] item: Life Orb
|faint|p1a: S RANK BLUE GENIE
|
|c|★scotti|yes
|c| Yuttt.ttttt|crits
|c| Yuttt.ttttt|for days
|c|★scotti|:*(
|
|switch|p1a: S RANK BLUE FROG|Greninja, M|286\/286
|turn|13
|
|move|p1a: S RANK BLUE FROG|Low Kick|p2a: Mamoswine
|-start|p1a: S RANK BLUE FROG|typechange|Fighting|[from] Protean
|-supereffective|p2a: Mamoswine
|-damage|p2a: Mamoswine|0 fnt
|-damage|p1a: S RANK BLUE FROG|258\/286|[from] item: Life Orb
|faint|p2a: Mamoswine
|
|c|★scotti|fuq
|c|★scotti|there goes mah cool play
|
|switch|p2a: Sceptile|Sceptile-Mega, M|246\/281
|-damage|p2a: Sceptile|211\/281|[from] Stealth Rock
|turn|14
|c|★scotti|I am pretty sure i can win if i get really lucky
|c| Yuttt.ttttt|luck
|c| Yuttt.ttttt|ez
|
|move|p2a: Sceptile|Leaf Storm|p1a: S RANK BLUE FROG
|-damage|p1a: S RANK BLUE FROG|0 fnt
|-unboost|p2a: Sceptile|spa|2
|faint|p1a: S RANK BLUE FROG
|
|c|★scotti|hmm
|
|switch|p1a: S RANK BLUE MEGA|Metagross-Mega|302\/302
|turn|15
|
|switch|p2a: Heatran|Heatran, M|253\/323
|-damage|p2a: Heatran|213\/323|[from] Stealth Rock
|move|p1a: S RANK BLUE MEGA|Hammer Arm|p2a: Heatran
|-supereffective|p2a: Heatran
|-enditem|p2a: Heatran|Chople Berry|[eat]
|-damage|p2a: Heatran|44\/323
|-unboost|p1a: S RANK BLUE MEGA|spe|1
|
|turn|16
|c|★scotti|ah nice
|c|★scotti|it came through
|c|★shartruce2|dam
|c|★scotti|that chople berry
|c|★scotti|hmm
|
|switch|p2a: Sceptile|Sceptile-Mega, M|211\/281
|-damage|p2a: Sceptile|176\/281|[from] Stealth Rock
|switch|p1a: S RANK BLUE DRAGON|Latios, M|179\/302
|
|turn|17
|
|move|p2a: Sceptile|Dragon Pulse|p1a: S RANK BLUE DRAGON
|-supereffective|p1a: S RANK BLUE DRAGON
|-damage|p1a: S RANK BLUE DRAGON|0 fnt
|faint|p1a: S RANK BLUE DRAGON
|
|c|★scotti|ah yes
|join|Snoop Doggg
|
|switch|p1a: not s rank but blu|Keldeo|108\/335
|turn|18
|c|★scotti|ah not bad
|
|move|p1a: not s rank but blu|Hidden Power|p2a: Sceptile
|-supereffective|p2a: Sceptile
|-damage|p2a: Sceptile|0 fnt
|faint|p2a: Sceptile
|
|
|switch|p2a: Thundurus|Thundurus, M|299\/299
|-damage|p2a: Thundurus|225\/299|[from] Stealth Rock
|turn|19
|c| Yuttt.ttttt|>still going
|c| Yuttt.ttttt|this aint spl
|c|★scotti|yuttt your bad
|c|★scotti|you can't understand a good player like shart
|
|move|p1a: not s rank but blu|Hidden Power|p2a: Thundurus
|-supereffective|p2a: Thundurus
|-damage|p2a: Thundurus|61\/299
|move|p2a: Thundurus|Thunderbolt|p1a: not s rank but blu
|-supereffective|p1a: not s rank but blu
|-damage|p1a: not s rank but blu|0 fnt
|-damage|p2a: Thundurus|32\/299|[from] item: Life Orb
|faint|p1a: not s rank but blu
|
|
|switch|p1a: S RANK BLUE MEGA|Metagross-Mega|302\/302
|turn|20
|c|★scotti|bruh if he has bullet punch i lose
|c| Yuttt.ttttt|shart = shit
|c| Yuttt.ttttt|imo tbh
|c|★shartruce2|nah
|c| Yuttt.ttttt|just twave
|c|★scotti|yuttt = gtfo
|c| Yuttt.ttttt|.....
|
|move|p2a: Thundurus|Thunder Wave|p1a: S RANK BLUE MEGA
|-status|p1a: S RANK BLUE MEGA|par
|cant|p1a: S RANK BLUE MEGA|par
|
|turn|21
|c|★scotti|or that
|c| Yuttt.ttttt|gottem
|
|move|p2a: Thundurus|Thunderbolt|p1a: S RANK BLUE MEGA
|-damage|p1a: S RANK BLUE MEGA|106\/302 par
|-damage|p2a: Thundurus|3\/299|[from] item: Life Orb
|move|p1a: S RANK BLUE MEGA|Ice Punch|p2a: Thundurus
|-supereffective|p2a: Thundurus
|-damage|p2a: Thundurus|0 fnt
|faint|p2a: Thundurus
|
|
|switch|p2a: Heatran|Heatran, M|44\/323
|-damage|p2a: Heatran|4\/323|[from] Stealth Rock
|turn|22
|c|★scotti|bruh should i fireblast
|c| Yuttt.ttttt|just para
|c| Yuttt.ttttt|ez
|c|★scotti|i will fire blast
|
|move|p2a: Heatran|Fire Blast|p1a: S RANK BLUE MEGA
|-supereffective|p1a: S RANK BLUE MEGA
|-damage|p1a: S RANK BLUE MEGA|0 fnt
|faint|p1a: S RANK BLUE MEGA
|
|win|scotti
|c| Yuttt.ttttt|rood
|c|★scotti|gg
|c|★scotti|nah
|c|★shartruce2|gg
|c|★scotti|was testin if i would miss
|leave|shartruce2
|player|p1