|join|klos
|join|xMarth
|player|p1|klos|102
|player|p2|xMarth|153
|gametype|singles
|gen|6
|tier|UU
|rated
|rule|Sleep Clause Mod: Limit one foe put to sleep
|rule|Species Clause: Limit one of each Pokémon
|rule|OHKO Clause: OHKO moves are banned
|rule|Moody Clause: Moody is banned
|rule|Evasion Moves Clause: Evasion moves are banned
|rule|Endless Battle Clause: Forcing endless battles is banned
|rule|HP Percentage Mod: HP is shown in percentages
|clearpoke
|poke|p1|Gallade, M
|poke|p1|Yanmega, M
|poke|p1|Noivern, F
|poke|p1|Darmanitan, M
|poke|p1|Vaporeon, F
|poke|p1|Gligar, M
|poke|p2|Zygarde
|poke|p2|Lopunny, M
|poke|p2|Hydreigon, M
|poke|p2|Tentacruel, F
|poke|p2|Bronzong
|poke|p2|Florges, F
|rule|Swagger Clause: Swagger is banned
|rule|Baton Pass Clause: Limit one Pokémon knowing Baton Pass
|teampreview
|join|Cell in a Hell
|c|★klos|hf marth
|c|★xMarth|u2
|
|start
|switch|p1a: Mega|Yanmega, M|314\/314
|switch|p2a: Hydreigon|Hydreigon, M|325\/325
|turn|1
|
|move|p1a: Mega|Protect|p1a: Mega
|-singleturn|p1a: Mega|Protect
|move|p2a: Hydreigon|Draco Meteor|p1a: Mega
|-activate|p1a: Mega|Protect
|
|-boost|p1a: Mega|spe|1|[from] ability: Speed Boost
|turn|2
|
|move|p2a: Hydreigon|Draco Meteor|p1a: Mega
|-damage|p1a: Mega|0 fnt
|-unboost|p2a: Hydreigon|spa|2
|faint|p1a: Mega
|
|c|★klos|wat
|c|★klos|oh sure
|c|★xMarth|scarf dre
|
|switch|p1a: Gal|Gallade, M|278\/278
|turn|3
|
|switch|p2a: Florges|Florges, F|360\/360
|detailschange|p1a: Gal|Gallade-Mega, M
|message|Gallade has Mega Evolved into Mega Gallade!
|move|p1a: Gal|Swords Dance|p1a: Gal
|-boost|p1a: Gal|atk|2
|
|turn|4
|join|asxas
|
|move|p1a: Gal|Psycho Cut|p2a: Florges
|-damage|p2a: Florges|99\/360
|move|p2a: Florges|Moonblast|p1a: Gal
|-supereffective|p1a: Gal
|-damage|p1a: Gal|74\/278
|-unboost|p1a: Gal|spa|1
|
|-heal|p2a: Florges|121\/360|[from] item: Leftovers
|turn|5
|c|★xMarth|nice spa
|c|★klos|no investment
|
|move|p1a: Gal|Close Combat|p2a: Florges
|-resisted|p2a: Florges
|-damage|p2a: Florges|0 fnt
|-unboost|p1a: Gal|def|1
|-unboost|p1a: Gal|spd|1
|faint|p2a: Florges
|
|
|switch|p2a: Hydreigon|Hydreigon, M|325\/325
|turn|6
|
|switch|p1a: Vap|Vaporeon, F|451\/451
|move|p2a: Hydreigon|U-turn|p1a: Vap
|-damage|p1a: Vap|390\/451
|
|switch|p2a: Tentacruel|Tentacruel, F|364\/364
|
|-heal|p1a: Vap|418\/451|[from] item: Leftovers
|turn|7
|
|move|p2a: Tentacruel|Toxic Spikes|p1a: Vap
|-sidestart|p1: klos|move: Toxic Spikes
|move|p1a: Vap|Wish|p1a: Vap
|
|-heal|p1a: Vap|446\/451|[from] item: Leftovers
|turn|8
|
|switch|p1a: Gal|Gallade-Mega, M|74\/278
|-status|p1a: Gal|psn
|move|p2a: Tentacruel|Scald|p1a: Gal
|-damage|p1a: Gal|1\/278 psn
|
|-heal|p1a: Gal|226\/278 psn|[from] move: Wish|[wisher] Vap
|-damage|p1a: Gal|192\/278 psn|[from] psn
|turn|9
|
|switch|p2a: Hydreigon|Hydreigon, M|325\/325
|move|p1a: Gal|Psycho Cut|p2a: Hydreigon
|-immune|p2a: Hydreigon|[msg]
|
|-damage|p1a: Gal|158\/278 psn|[from] psn
|turn|10
|join|ImSNT
|
|move|p2a: Hydreigon|U-turn|p1a: Gal
|-damage|p1a: Gal|108\/278 psn
|
|switch|p2a: Tentacruel|Tentacruel, F|364\/364
|move|p1a: Gal|Close Combat|p2a: Tentacruel
|-resisted|p2a: Tentacruel
|-damage|p2a: Tentacruel|241\/364
|-unboost|p1a: Gal|def|1
|-unboost|p1a: Gal|spd|1
|
|-heal|p2a: Tentacruel|263\/364|[from] item: Black Sludge
|-damage|p1a: Gal|74\/278 psn|[from] psn
|turn|11
|
|move|p1a: Gal|Psycho Cut|p2a: Tentacruel
|-supereffective|p2a: Tentacruel
|-damage|p2a: Tentacruel|0 fnt
|faint|p2a: Tentacruel
|
|-damage|p1a: Gal|40\/278 psn|[from] psn
|
|switch|p2a: Hydreigon|Hydreigon, M|325\/325
|turn|12
|
|switch|p1a: Robin|Gligar, M|334\/334
|move|p2a: Hydreigon|U-turn|p1a: Robin
|-resisted|p1a: Robin
|-damage|p1a: Robin|317\/334
|
|switch|p2a: Bronzong|Bronzong|338\/338
|
|turn|13
|
|move|p1a: Robin|Defog|p2a: Bronzong
|-unboost|p2a: Bronzong|evasion|1
|-sideend|p1: klos|Toxic Spikes|[from] move: Defog|[of] p1a: Robin
|move|p2a: Bronzong|Stealth Rock|p1a: Robin
|-sidestart|p1: klos|move: Stealth Rock
|
|turn|14
|
|move|p1a: Robin|Defog|p2a: Bronzong
|-unboost|p2a: Bronzong|evasion|1
|-sideend|p1: klos|Stealth Rock|[from] move: Defog|[of] p1a: Robin
|move|p2a: Bronzong|Toxic|p1a: Robin
|-status|p1a: Robin|tox
|
|-damage|p1a: Robin|297\/334 tox|[from] psn
|turn|15
|
|switch|p1a: Noivern|Noivern, F|311\/311
|move|p2a: Bronzong|Stealth Rock|p1a: Noivern
|-sidestart|p1: klos|move: Stealth Rock
|
|turn|16
|
|move|p1a: Noivern|Flamethrower|p2a: Bronzong
|-supereffective|p2a: Bronzong
|-damage|p2a: Bronzong|108\/338
|move|p2a: Bronzong|Iron Head|p1a: Noivern
|-damage|p1a: Noivern|215\/311
|
|-heal|p2a: Bronzong|129\/338|[from] item: Leftovers
|turn|17
|
|switch|p1a: Vap|Vaporeon, F|446\/451
|-damage|p1a: Vap|390\/451|[from] Stealth Rock
|switch|p2a: Hydreigon|Hydreigon, M|325\/325
|
|-heal|p1a: Vap|418\/451|[from] item: Leftovers
|turn|18
|
|move|p2a: Hydreigon|U-turn|p1a: Vap
|-damage|p1a: Vap|365\/451
|
|switch|p2a: Lopunny|Lopunny, M|271\/271
|move|p1a: Vap|Heal Bell|p1a: Vap
|-cureteam|p1a: Vap|[from] move: HealBell
|
|-heal|p1a: Vap|393\/451|[from] item: Leftovers
|turn|19
|
|detailschange|p2a: Lopunny|Lopunny-Mega, M
|message|Lopunny has Mega Evolved into Mega Lopunny!
|move|p1a: Vap|Protect|p1a: Vap
|-singleturn|p1a: Vap|Protect
|move|p2a: Lopunny|Frustration|p1a: Vap
|-activate|p1a: Vap|Protect
|
|-heal|p1a: Vap|421\/451|[from] item: Leftovers
|turn|20
|join|Tipsy Russian
|
|move|p2a: Lopunny|Encore|p1a: Vap
|-start|p1a: Vap|Encore
|move|p1a: Vap|Protect|p1a: Vap
|-fail|p1a: Vap
|
|-heal|p1a: Vap|449\/451|[from] item: Leftovers
|turn|21
|
|move|p1a: Vap|Protect|p1a: Vap
|-singleturn|p1a: Vap|Protect
|move|p2a: Lopunny|Frustration|p1a: Vap
|-activate|p1a: Vap|Protect
|
|-heal|p1a: Vap|451\/451|[from] item: Leftovers
|turn|22
|
|switch|p1a: Gal|Gallade-Mega, M|40\/278
|-damage|p1a: Gal|23\/278|[from] Stealth Rock
|move|p2a: Lopunny|Frustration|p1a: Gal
|-damage|p1a: Gal|0 fnt
|faint|p1a: Gal
|
|
|switch|p1a: Robin|Gligar, M|297\/334
|-damage|p1a: Robin|256\/334|[from] Stealth Rock
|turn|23
|
|move|p2a: Lopunny|Substitute|p2a: Lopunny
|-start|p2a: Lopunny|Substitute
|-damage|p2a: Lopunny|204\/271
|move|p1a: Robin|Defog|p2a: Lopunny
|-sideend|p1: klos|Stealth Rock|[from] move: Defog|[of] p1a: Robin
|
|turn|24
|
|move|p2a: Lopunny|Encore|p1a: Robin
|-start|p1a: Robin|Encore
|move|p1a: Robin|Defog|p2a: Lopunny
|
|turn|25
|
|switch|p1a: Vap|Vaporeon, F|451\/451
|move|p2a: Lopunny|Frustration|p1a: Vap
|-damage|p1a: Vap|234\/451
|
|-heal|p1a: Vap|262\/451|[from] item: Leftovers
|turn|26
|
|move|p2a: Lopunny|Frustration|p1a: Vap
|-damage|p1a: Vap|73\/451
|move|p1a: Vap|Scald|p2a: Lopunny
|-end|p2a: Lopunny|Substitute
|
|-heal|p1a: Vap|101\/451|[from] item: Leftovers
|turn|27
|join|Marco Esquandolas
|
|move|p2a: Lopunny|Frustration|p1a: Vap
|-damage|p1a: Vap|0 fnt
|faint|p1a: Vap
|
|
|switch|p1a: Noivern|Noivern, F|215\/311
|turn|28
|
|move|p2a: Lopunny|Frustration|p1a: Noivern
|-damage|p1a: Noivern|0 fnt
|faint|p1a: Noivern
|
|c|★klos|gg m8
|c|★xMarth|gg
|-message|klos forfeited.
|
|win|xMarth
|raw|Ladder updating...
|leave|klos
|player|p1
|raw|klos's rating: 1456 &rarr; <strong>1446<\/strong><br \/>(-10 for losing)
|raw|xMarth's rating: 1649 &rarr; <strong>1659<\/strong><br \/>(+10 for winning)
|leave|xMarth
|player|p2
|leave|ImSNT
|leave|Tipsy Russian
|leave|Cell in a Hell
|leave|Marco Esquandolas