|join|HollowHead
|join|renzulli
|player|p1|HollowHead|80
|player|p2|renzulli|10
|gametype|singles
|gen|6
|tier|OU
|rated
|clearpoke
|poke|p1|Klefki, F
|poke|p1|Bisharp, M
|poke|p1|Alakazam, M
|poke|p1|Trevenant, M
|poke|p1|Thundurus, M
|poke|p1|Garchomp, F
|poke|p2|Manectric, M
|poke|p2|Clefable, F
|poke|p2|Aegislash, M
|poke|p2|Alomomola, M
|poke|p2|Skarmory, F
|poke|p2|Breloom, M
|rule|Swagger Clause: Swagger is banned
|rule|Baton Pass Clause: Limit one Pokémon knowing Baton Pass
|rule|Sleep Clause Mod: Limit one foe put to sleep
|rule|Species Clause: Limit one of each Pokémon
|rule|OHKO Clause: OHKO moves are banned
|rule|Moody Clause: Moody is banned
|rule|Evasion Moves Clause: Evasion moves are banned
|rule|Endless Battle Clause: Forcing endless battles is banned
|rule|HP Percentage Mod: HP is reported as percentages
|teampreview
|
|start
|switch|p1a: Trevenant|Trevenant, M|374\/374
|switch|p2a: Manectric|Manectric, M|282\/282
|turn|1
|
|detailschange|p2a: Manectric|Manectric-Mega, M
|message|Manectric has Mega Evolved into Mega Manectric!
|-ability|p2a: Manectric|Intimidate|[of] p1a: Trevenant
|-unboost|p1a: Trevenant|atk|1
|move|p2a: Manectric|Flamethrower|p1a: Trevenant
|-supereffective|p1a: Trevenant
|-damage|p1a: Trevenant|104\/374
|-enditem|p1a: Trevenant|Sitrus Berry|[eat]
|-heal|p1a: Trevenant|197\/374|[from] item: Sitrus Berry
|move|p1a: Trevenant|Horn Leech|p2a: Manectric
|-damage|p2a: Manectric|212\/282
|-heal|p1a: Trevenant|232\/374|[from] drain|[of] p2a: Manectric
|
|turn|2
|
|switch|p1a: Garchomp|Garchomp, F|357\/357
|move|p2a: Manectric|Volt Switch|p1a: Garchomp
|-immune|p1a: Garchomp|[msg]
|
|turn|3
|
|switch|p2a: Skarmory|Skarmory, F|331\/331
|move|p1a: Garchomp|Earthquake|p2a: Skarmory
|-immune|p2a: Skarmory|[msg]
|
|turn|4
|
|move|p1a: Garchomp|Fire Blast|p2a: Skarmory
|-supereffective|p2a: Skarmory
|-damage|p2a: Skarmory|139\/331
|move|p2a: Skarmory|Stealth Rock|p1a: Garchomp
|-sidestart|p1: HollowHead|move: Stealth Rock
|
|-heal|p2a: Skarmory|159\/331|[from] item: Leftovers
|turn|5
|
|switch|p2a: Alomomola|Alomomola, M|534\/534
|move|p1a: Garchomp|Stealth Rock|p2a: Alomomola
|-sidestart|p2: renzulli|move: Stealth Rock
|
|turn|6
|
|move|p1a: Garchomp|Outrage|p2a: Alomomola
|-damage|p2a: Alomomola|263\/534
|move|p2a: Alomomola|Wish|p2a: Alomomola
|
|-heal|p2a: Alomomola|296\/534|[from] item: Leftovers
|turn|7
|
|switch|p2a: Aegislash|Aegislash, M|324\/324
|-damage|p2a: Aegislash|304\/324|[from] Stealth Rock
|move|p1a: Garchomp|Outrage|p2a: Aegislash
|-resisted|p2a: Aegislash
|-damage|p2a: Aegislash|225\/324
|
|-end|p1a: Garchomp|rampage
|-start|p1a: Garchomp|confusion
|-heal|p2a: Aegislash|324\/324|[from] move: Wish|[wisher] Alomomola
|turn|8
|
|switch|p1a: Bisharp|Bisharp, M|272\/272
|-damage|p1a: Bisharp|255\/272|[from] Stealth Rock
|switch|p2a: Clefable|Clefable, F|391\/391
|
|turn|9
|
|switch|p2a: Skarmory|Skarmory, F|159\/331
|-damage|p2a: Skarmory|118\/331|[from] Stealth Rock
|move|p1a: Bisharp|Iron Head|p2a: Skarmory
|-resisted|p2a: Skarmory
|-damage|p2a: Skarmory|72\/331
|
|-heal|p2a: Skarmory|92\/331|[from] item: Leftovers
|turn|10
|
|move|p1a: Bisharp|Knock Off|p2a: Skarmory
|-damage|p2a: Skarmory|0 fnt
|-enditem|p2a: Skarmory|Leftovers|[from] move: Knock Off|[of] p1a: Bisharp
|faint|p2a: Skarmory
|
|
|switch|p2a: Aegislash|Aegislash, M|324\/324
|-damage|p2a: Aegislash|304\/324|[from] Stealth Rock
|turn|11
|
|switch|p1a: Klefki|Klefki, F|318\/318
|-damage|p1a: Klefki|299\/318|[from] Stealth Rock
|move|p2a: Aegislash|Substitute|p2a: Aegislash
|-start|p2a: Aegislash|Substitute
|-damage|p2a: Aegislash|223\/324
|
|-heal|p1a: Klefki|318\/318|[from] item: Leftovers
|-heal|p2a: Aegislash|243\/324|[from] item: Leftovers
|turn|12
|
|move|p1a: Klefki|Spikes|p2a: Aegislash
|-sidestart|p2: renzulli|Spikes
|-formechange|p2a: Aegislash|Aegislash-Blade
|move|p2a: Aegislash|Shadow Ball|p1a: Klefki
|-damage|p1a: Klefki|129\/318
|
|-heal|p1a: Klefki|148\/318|[from] item: Leftovers
|-heal|p2a: Aegislash|263\/324|[from] item: Leftovers
|turn|13
|
|move|p1a: Klefki|Foul Play|p2a: Aegislash
|-supereffective|p2a: Aegislash
|-end|p2a: Aegislash|Substitute
|move|p2a: Aegislash|Shadow Ball|p1a: Klefki
|-damage|p1a: Klefki|0 fnt
|faint|p1a: Klefki
|
|-heal|p2a: Aegislash|283\/324|[from] item: Leftovers
|
|switch|p1a: Bisharp|Bisharp, M|255\/272
|-damage|p1a: Bisharp|238\/272|[from] Stealth Rock
|turn|14
|
|move|p1a: Bisharp|Pursuit|p2a: Aegislash
|-supereffective|p2a: Aegislash
|-damage|p2a: Aegislash|0 fnt
|faint|p2a: Aegislash
|
|
|switch|p2a: Breloom|Breloom, M|261\/261
|-damage|p2a: Breloom|229\/261|[from] Spikes
|-damage|p2a: Breloom|213\/261|[from] Stealth Rock
|turn|15
|
|switch|p2a: Manectric|Manectric-Mega, M|212\/282
|-damage|p2a: Manectric|177\/282|[from] Stealth Rock
|-damage|p2a: Manectric|142\/282|[from] Spikes
|-ability|p2a: Manectric|Intimidate|[of] p1a: Bisharp
|-unboost|p1a: Bisharp|atk|1
|-boost|p1a: Bisharp|atk|2|[from] ability: Defiant
|switch|p1a: Trevenant|Trevenant, M|232\/374
|-damage|p1a: Trevenant|186\/374|[from] Stealth Rock
|
|-item|p1a: Trevenant|Sitrus Berry|[from] ability: Harvest
|-enditem|p1a: Trevenant|Sitrus Berry|[eat]
|-heal|p1a: Trevenant|279\/374|[from] item: Sitrus Berry
|turn|16
|
|move|p2a: Manectric|Flamethrower|p1a: Trevenant
|-supereffective|p1a: Trevenant
|-damage|p1a: Trevenant|35\/374
|-status|p1a: Trevenant|brn
|move|p1a: Trevenant|Horn Leech|p2a: Manectric
|-damage|p2a: Manectric|81\/282
|-heal|p1a: Trevenant|66\/374 brn|[from] drain|[of] p2a: Manectric
|
|-damage|p1a: Trevenant|20\/374 brn|[from] brn
|-item|p1a: Trevenant|Sitrus Berry|[from] ability: Harvest
|-enditem|p1a: Trevenant|Sitrus Berry|[eat]
|-heal|p1a: Trevenant|113\/374 brn|[from] item: Sitrus Berry
|turn|17
|
|move|p2a: Manectric|Flamethrower|p1a: Trevenant
|-supereffective|p1a: Trevenant
|-damage|p1a: Trevenant|0 fnt
|faint|p1a: Trevenant
|
|
|switch|p1a: Bisharp|Bisharp, M|238\/272
|-damage|p1a: Bisharp|221\/272|[from] Stealth Rock
|turn|18
|
|switch|p2a: Alomomola|Alomomola, M|474\/534
|-damage|p2a: Alomomola|408\/534|[from] Spikes
|-damage|p2a: Alomomola|342\/534|[from] Stealth Rock
|move|p1a: Bisharp|Sucker Punch|p2a: Alomomola
|-fail|p2a: Alomomola
|
|-heal|p2a: Alomomola|375\/534|[from] item: Leftovers
|turn|19
|
|switch|p1a: Alakazam|Alakazam, M|252\/252
|move|p2a: Alomomola|Wish|p2a: Alomomola
|
|-heal|p2a: Alomomola|408\/534|[from] item: Leftovers
|turn|20
|
|detailschange|p1a: Alakazam|Alakazam-Mega, M
|message|Alakazam has Mega Evolved into Mega Alakazam!
|-ability|p1a: Alakazam|Regenerator|[from] ability: Trace|[of] p2a: Alomomola
|move|p1a: Alakazam|Psychic|p2a: Alomomola
|-damage|p2a: Alomomola|152\/534
|-unboost|p2a: Alomomola|spd|1
|move|p2a: Alomomola|Mirror Coat|p1a: Alakazam
|-damage|p1a: Alakazam|0 fnt
|faint|p1a: Alakazam
|
|-heal|p2a: Alomomola|419\/534|[from] move: Wish|[wisher] Alomomola
|-heal|p2a: Alomomola|452\/534|[from] item: Leftovers
|
|switch|p1a: Thundurus|Thundurus, M|299\/299
|-damage|p1a: Thundurus|225\/299|[from] Stealth Rock
|turn|21
|
|move|p2a: Alomomola|Protect|p2a: Alomomola
|-singleturn|p2a: Alomomola|Protect
|move|p1a: Thundurus|Thunderbolt|p2a: Alomomola
|-activate|p2a: Alomomola|Protect
|
|-heal|p2a: Alomomola|485\/534|[from] item: Leftovers
|turn|22
|
|move|p1a: Thundurus|Thunderbolt|p2a: Alomomola
|-supereffective|p2a: Alomomola
|-damage|p2a: Alomomola|0 fnt
|-damage|p1a: Thundurus|196\/299|[from] item: Life Orb
|faint|p2a: Alomomola
|
|
|switch|p2a: Manectric|Manectric-Mega, M|81\/282
|-damage|p2a: Manectric|46\/282|[from] Stealth Rock
|-damage|p2a: Manectric|11\/282|[from] Spikes
|-ability|p2a: Manectric|Intimidate|[of] p1a: Thundurus
|-unboost|p1a: Thundurus|atk|1
|-boost|p1a: Thundurus|atk|2|[from] ability: Defiant
|turn|23
|
|switch|p1a: Garchomp|Garchomp, F|357\/357
|-damage|p1a: Garchomp|335\/357|[from] Stealth Rock
|move|p2a: Manectric|Thunderbolt|p1a: Garchomp
|-immune|p1a: Garchomp|[msg]
|
|turn|24
|
|move|p2a: Manectric|Hidden Power|p1a: Garchomp
|-supereffective|p1a: Garchomp
|-damage|p1a: Garchomp|0 fnt
|faint|p1a: Garchomp
|
|
|switch|p1a: Bisharp|Bisharp, M|221\/272
|-damage|p1a: Bisharp|204\/272|[from] Stealth Rock
|turn|25
|
|move|p1a: Bisharp|Sucker Punch|p2a: Manectric
|-damage|p2a: Manectric|0 fnt
|faint|p2a: Manectric
|
|
|switch|p2a: Breloom|Breloom, M|213\/261
|-damage|p2a: Breloom|181\/261|[from] Spikes
|-damage|p2a: Breloom|165\/261|[from] Stealth Rock
|turn|26
|
|move|p2a: Breloom|Spore|p1a: Bisharp
|-status|p1a: Bisharp|slp
|cant|p1a: Bisharp|slp
|
|-status|p2a: Breloom|tox|[from] item: Toxic Orb
|turn|27
|
|switch|p1a: Thundurus|Thundurus, M|196\/299
|-damage|p1a: Thundurus|122\/299|[from] Stealth Rock
|move|p2a: Breloom|Substitute|p2a: Breloom
|-start|p2a: Breloom|Substitute
|-damage|p2a: Breloom|100\/261 tox
|
|-heal|p2a: Breloom|132\/261 tox|[from] ability: Poison Heal
|turn|28
|
|move|p1a: Thundurus|Hidden Power|p2a: Breloom
|-supereffective|p2a: Breloom
|-end|p2a: Breloom|Substitute
|-damage|p1a: Thundurus|93\/299|[from] item: Life Orb
|move|p2a: Breloom|Drain Punch|p1a: Thundurus
|-resisted|p1a: Thundurus
|-damage|p1a: Thundurus|18\/299
|-heal|p2a: Breloom|170\/261 tox|[from] drain|[of] p1a: Thundurus
|
|-heal|p2a: Breloom|202\/261 tox|[from] ability: Poison Heal
|turn|29
|
|switch|p2a: Clefable|Clefable, F|391\/391
|move|p1a: Thundurus|Thunderbolt|p2a: Clefable
|-damage|p2a: Clefable|173\/391
|-damage|p1a: Thundurus|0 fnt|[from] item: Life Orb
|faint|p1a: Thundurus
|
|-heal|p2a: Clefable|197\/391|[from] item: Leftovers
|
|switch|p1a: Bisharp|Bisharp, M|204\/272 slp
|-damage|p1a: Bisharp|187\/272 slp|[from] Stealth Rock
|turn|30
|chat|HollowHead|gg
|chat|renzulli|gg
|
|cant|p1a: Bisharp|slp
|move|p2a: Clefable|Hidden Power|p1a: Bisharp
|-supereffective|p1a: Bisharp
|-damage|p1a: Bisharp|75\/272 slp
|
|-heal|p2a: Clefable|221\/391|[from] item: Leftovers
|turn|31
|chat|HollowHead|Mirror coat on alomola surprised me, much respect.
|
|-curestatus|p1a: Bisharp|slp
|move|p1a: Bisharp|Iron Head|p2a: Clefable
|-supereffective|p2a: Clefable
|-damage|p2a: Clefable|0 fnt
|faint|p2a: Clefable
|
|
|switch|p2a: Breloom|Breloom, M|202\/261 tox
|-damage|p2a: Breloom|186\/261 tox|[from] Stealth Rock
|-damage|p2a: Breloom|154\/261 tox|[from] Spikes
|turn|32
|
|move|p2a: Breloom|Spore|p1a: Bisharp
|-status|p1a: Bisharp|slp
|cant|p1a: Bisharp|slp
|
|-heal|p2a: Breloom|186\/261 tox|[from] ability: Poison Heal
|turn|33
|
|move|p2a: Breloom|Substitute|p2a: Breloom
|-start|p2a: Breloom|Substitute
|-damage|p2a: Breloom|121\/261 tox
|cant|p1a: Bisharp|slp
|
|-heal|p2a: Breloom|153\/261 tox|[from] ability: Poison Heal
|turn|34
|
|-curestatus|p1a: Bisharp|slp
|move|p1a: Bisharp|Sucker Punch|p2a: Breloom
|-resisted|p2a: Breloom
|-end|p2a: Breloom|Substitute
|move|p2a: Breloom|Drain Punch|p1a: Bisharp
|-supereffective|p1a: Bisharp
|-damage|p1a: Bisharp|0 fnt
|-heal|p2a: Breloom|191\/261 tox|[from] drain|[of] p1a: Bisharp
|faint|p1a: Bisharp
|
|win|renzulli
|raw|Ladder updating...
|raw|HollowHead's rating: 1806 &rarr; <strong>1781<\/strong><br \/>(-25 for losing)
|raw|renzulli's rating: 1718 &rarr; <strong>1742<\/strong><br \/>(+24 for winning)
|leave|HollowHead
|player|p1