|join|N!ggersby Tho?
|join|HollowHead
|player|p1|N!ggersby Tho?|154
|player|p2|HollowHead|80
|gametype|singles
|gen|6
|tier|OU
|rated
|clearpoke
|poke|p1|Latias, F
|poke|p1|Politoed, F
|poke|p1|Manaphy, shiny
|poke|p1|Skarmory, F, shiny
|poke|p1|Heracross, F
|poke|p1|Aegislash, F, shiny
|poke|p2|Charizard, F
|poke|p2|Ninetales, M
|poke|p2|Latias, F
|poke|p2|Hippowdon, F
|poke|p2|Venusaur, F
|poke|p2|Diancie
|rule|Swagger Clause: Swagger is banned
|rule|Baton Pass Clause: Limit one Pokémon knowing Baton Pass
|rule|Sleep Clause Mod: Limit one foe put to sleep
|rule|Species Clause: Limit one of each Pokémon
|rule|OHKO Clause: OHKO moves are banned
|rule|Moody Clause: Moody is banned
|rule|Evasion Moves Clause: Evasion moves are banned
|rule|Endless Battle Clause: Forcing endless battles is banned
|rule|HP Percentage Mod: HP is reported as percentages
|teampreview
|
|start
|switch|p1a: Politoed|Politoed, F|384\/384
|switch|p2a: Latias|Latias, F|302\/302
|-weather|RainDance
|turn|1
|
|switch|p1a: Aegislash|Aegislash, F, shiny|323\/323
|move|p2a: Latias|Thunderbolt|p1a: Aegislash
|-damage|p1a: Aegislash|254\/323
|-damage|p2a: Latias|272\/302|[from] item: Life Orb
|
|-weather|RainDance|[upkeep]
|-heal|p1a: Aegislash|274\/323|[from] item: Leftovers
|turn|2
|
|switch|p2a: Ninetales|Ninetales, M|349\/349
|-weather|SunnyDay
|move|p1a: Aegislash|Substitute|p1a: Aegislash
|-start|p1a: Aegislash|Substitute
|-damage|p1a: Aegislash|194\/323
|
|-weather|SunnyDay|[upkeep]
|-heal|p1a: Aegislash|214\/323|[from] item: Leftovers
|turn|3
|
|move|p2a: Ninetales|Flamethrower|p1a: Aegislash
|-supereffective|p1a: Aegislash
|-end|p1a: Aegislash|Substitute
|move|p1a: Aegislash|Toxic|p2a: Ninetales
|-status|p2a: Ninetales|tox
|
|-weather|SunnyDay|[upkeep]
|-heal|p1a: Aegislash|234\/323|[from] item: Leftovers
|-damage|p2a: Ninetales|328\/349 tox|[from] psn
|turn|4
|
|move|p1a: Aegislash|King's Shield|p1a: Aegislash
|-singleturn|p1a: Aegislash|Protect
|move|p2a: Ninetales|Will-O-Wisp|p1a: Aegislash
|-status|p1a: Aegislash|brn
|
|-weather|SunnyDay|[upkeep]
|-heal|p1a: Aegislash|254\/323 brn|[from] item: Leftovers
|-damage|p2a: Ninetales|286\/349 tox|[from] psn
|-damage|p1a: Aegislash|214\/323 brn|[from] brn
|turn|5
|chat|N!ggersby Tho?|really cool team dude
|chat|HollowHead|Thanks man. I like that you have rain side
|
|switch|p2a: Charizard|Charizard, F|297\/297
|switch|p1a: Politoed|Politoed, F|384\/384
|-weather|RainDance
|
|-weather|RainDance|[upkeep]
|turn|6
|
|switch|p1a: Latias|Latias, F|319\/319
|detailschange|p2a: Charizard|Charizard-Mega-Y, F
|message|Charizard has Mega Evolved into Mega Charizard!
|-weather|SunnyDay
|move|p2a: Charizard|Solar Beam|p1a: Latias|[still]
|-prepare|p2a: Charizard|Solar Beam|p1a: Latias
|-anim|p2a: Charizard|Solar Beam|p1a: Latias
|-resisted|p1a: Latias
|-damage|p1a: Latias|249\/319
|
|-weather|SunnyDay|[upkeep]
|-heal|p1a: Latias|268\/319|[from] item: Leftovers
|turn|7
|
|switch|p2a: Diancie|Diancie|304\/304
|switch|p1a: Politoed|Politoed, F|384\/384
|-weather|RainDance
|
|-weather|RainDance|[upkeep]
|turn|8
|
|switch|p2a: Latias|Latias, F|272\/302
|move|p1a: Politoed|Scald|p2a: Latias
|-resisted|p2a: Latias
|-damage|p2a: Latias|221\/302
|
|-weather|RainDance|[upkeep]
|turn|9
|
|switch|p1a: Aegislash|Aegislash, F, shiny|214\/323 brn
|move|p2a: Latias|Draco Meteor|p1a: Aegislash
|-resisted|p1a: Aegislash
|-damage|p1a: Aegislash|140\/323 brn
|-unboost|p2a: Latias|spa|2
|-damage|p2a: Latias|191\/302|[from] item: Life Orb
|
|-weather|RainDance|[upkeep]
|-heal|p1a: Aegislash|160\/323 brn|[from] item: Leftovers
|-damage|p1a: Aegislash|120\/323 brn|[from] brn
|turn|10
|
|switch|p2a: Diancie|Diancie|304\/304
|-formechange|p1a: Aegislash|Aegislash-Blade
|move|p1a: Aegislash|Shadow Ball|p2a: Diancie
|-damage|p2a: Diancie|235\/304
|
|-weather|RainDance|[upkeep]
|-heal|p1a: Aegislash|140\/323 brn|[from] item: Leftovers
|-damage|p1a: Aegislash|100\/323 brn|[from] brn
|turn|11
|
|switch|p1a: Skarmory|Skarmory, F, shiny|333\/333
|move|p2a: Diancie|Diamond Storm|p1a: Skarmory
|-damage|p1a: Skarmory|264\/333
|-boost|p2a: Diancie|def|1
|
|-weather|RainDance|[upkeep]
|turn|12
|
|switch|p2a: Charizard|Charizard-Mega-Y, F|297\/297
|-weather|SunnyDay
|move|p1a: Skarmory|Stealth Rock|p2a: Charizard
|-sidestart|p2: HollowHead|move: Stealth Rock
|
|-weather|SunnyDay|[upkeep]
|turn|13
|
|switch|p1a: Politoed|Politoed, F|384\/384
|-weather|RainDance
|move|p2a: Charizard|Focus Blast|p1a: Politoed
|-damage|p1a: Politoed|214\/384
|
|-weather|RainDance|[upkeep]
|turn|14
|
|switch|p2a: Latias|Latias, F|191\/302
|-damage|p2a: Latias|154\/302|[from] Stealth Rock
|move|p1a: Politoed|Toxic|p2a: Latias|[miss]
|-miss|p1a: Politoed|p2a: Latias
|
|-weather|RainDance|[upkeep]
|turn|15
|chat|N!ggersby Tho?|sigh
|
|switch|p1a: Aegislash|Aegislash, F, shiny|100\/323 brn
|move|p2a: Latias|Defog|p1a: Aegislash
|-unboost|p1a: Aegislash|evasion|1
|-sideend|p2: HollowHead|Stealth Rock|[from] move: Defog|[of] p2a: Latias
|
|-weather|RainDance|[upkeep]
|-heal|p1a: Aegislash|120\/323 brn|[from] item: Leftovers
|-damage|p1a: Aegislash|80\/323 brn|[from] brn
|turn|16
|
|switch|p2a: Diancie|Diancie|235\/304
|-formechange|p1a: Aegislash|Aegislash-Blade
|move|p1a: Aegislash|Shadow Ball|p2a: Diancie
|-crit|p2a: Diancie
|-damage|p2a: Diancie|138\/304
|
|-weather|RainDance|[upkeep]
|-heal|p1a: Aegislash|100\/323 brn|[from] item: Leftovers
|-damage|p1a: Aegislash|60\/323 brn|[from] brn
|turn|17
|
|move|p1a: Aegislash|Toxic|p2a: Diancie
|-status|p2a: Diancie|tox
|move|p2a: Diancie|Diamond Storm|p1a: Aegislash
|-resisted|p1a: Aegislash
|-damage|p1a: Aegislash|0 fnt
|-boost|p2a: Diancie|def|1
|faint|p1a: Aegislash
|
|-weather|RainDance|[upkeep]
|-damage|p2a: Diancie|119\/304 tox|[from] psn
|
|switch|p1a: Skarmory|Skarmory, F, shiny|264\/333
|turn|18
|
|switch|p2a: Charizard|Charizard-Mega-Y, F|297\/297
|-weather|SunnyDay
|move|p1a: Skarmory|Stealth Rock|p2a: Charizard
|-sidestart|p2: HollowHead|move: Stealth Rock
|
|-weather|SunnyDay|[upkeep]
|turn|19
|
|switch|p1a: Politoed|Politoed, F|214\/384
|-weather|RainDance
|move|p2a: Charizard|Dragon Pulse|p1a: Politoed
|-damage|p1a: Politoed|104\/384
|
|-weather|RainDance|[upkeep]
|turn|20
|
|switch|p1a: Manaphy|Manaphy, shiny|404\/404
|move|p2a: Charizard|Focus Blast|p1a: Manaphy
|-damage|p1a: Manaphy|248\/404
|
|-weather|RainDance|[upkeep]
|-heal|p1a: Manaphy|273\/404|[from] item: Leftovers
|turn|21
|
|switch|p2a: Ninetales|Ninetales, M|286\/349 tox
|-damage|p2a: Ninetales|199\/349 tox|[from] Stealth Rock
|-weather|SunnyDay
|move|p1a: Manaphy|Scald|p2a: Ninetales
|-supereffective|p2a: Ninetales
|-damage|p2a: Ninetales|113\/349 tox
|
|-weather|SunnyDay|[upkeep]
|-heal|p1a: Manaphy|298\/404|[from] item: Leftovers
|-damage|p2a: Ninetales|92\/349 tox|[from] psn
|turn|22
|
|move|p2a: Ninetales|Rest|p2a: Ninetales
|-status|p2a: Ninetales|slp
|-heal|p2a: Ninetales|349\/349 slp|[silent]
|-status|p2a: Ninetales|slp|[from] move: Rest
|move|p1a: Manaphy|Rain Dance|p1a: Manaphy
|-weather|RainDance
|
|-weather|RainDance|[upkeep]
|-heal|p1a: Manaphy|323\/404|[from] item: Leftovers
|turn|23
|
|cant|p2a: Ninetales|slp
|move|p2a: Ninetales|Sleep Talk|p2a: Ninetales
|move|p2a: Ninetales|Flamethrower|p1a: Manaphy|[from]Sleep Talk
|-resisted|p1a: Manaphy
|-damage|p1a: Manaphy|302\/404
|move|p1a: Manaphy|Calm Mind|p1a: Manaphy
|-boost|p1a: Manaphy|spa|1
|-boost|p1a: Manaphy|spd|1
|
|-weather|RainDance|[upkeep]
|-heal|p1a: Manaphy|327\/404|[from] item: Leftovers
|turn|24
|
|cant|p2a: Ninetales|slp
|move|p2a: Ninetales|Sleep Talk|p2a: Ninetales
|move|p2a: Ninetales|Rest|p2a: Ninetales|[from]Sleep Talk
|-fail|p2a: Ninetales
|move|p1a: Manaphy|Scald|p2a: Ninetales
|-supereffective|p2a: Ninetales
|-damage|p2a: Ninetales|11\/349 slp
|
|-weather|RainDance|[upkeep]
|-heal|p1a: Manaphy|352\/404|[from] item: Leftovers
|turn|25
|
|switch|p2a: Charizard|Charizard-Mega-Y, F|297\/297
|-damage|p2a: Charizard|149\/297|[from] Stealth Rock
|-weather|SunnyDay
|move|p1a: Manaphy|Calm Mind|p1a: Manaphy
|-boost|p1a: Manaphy|spa|1
|-boost|p1a: Manaphy|spd|1
|
|-weather|SunnyDay|[upkeep]
|-heal|p1a: Manaphy|377\/404|[from] item: Leftovers
|turn|26
|
|move|p2a: Charizard|Solar Beam|p1a: Manaphy|[still]
|-prepare|p2a: Charizard|Solar Beam|p1a: Manaphy
|-anim|p2a: Charizard|Solar Beam|p1a: Manaphy
|-supereffective|p1a: Manaphy
|-damage|p1a: Manaphy|209\/404
|move|p1a: Manaphy|Scald|p2a: Charizard
|-supereffective|p2a: Charizard
|-damage|p2a: Charizard|0 fnt
|faint|p2a: Charizard
|
|-weather|SunnyDay|[upkeep]
|-heal|p1a: Manaphy|234\/404|[from] item: Leftovers
|
|switch|p2a: Venusaur|Venusaur, F|301\/301
|-damage|p2a: Venusaur|264\/301|[from] Stealth Rock
|turn|27
|
|switch|p1a: Politoed|Politoed, F|104\/384
|-weather|RainDance
|move|p2a: Venusaur|Giga Drain|p1a: Politoed
|-crit|p1a: Politoed
|-supereffective|p1a: Politoed
|-damage|p1a: Politoed|0 fnt
|-heal|p2a: Venusaur|301\/301|[from] drain|[of] p1a: Politoed
|-damage|p2a: Venusaur|271\/301|[from] item: Life Orb
|faint|p1a: Politoed
|
|-weather|RainDance|[upkeep]
|
|switch|p1a: Heracross|Heracross, F|311\/311
|turn|28
|leave|HollowHead
|player|p2
|join|HollowHead
|player|p2|HollowHead|80
|
|detailschange|p1a: Heracross|Heracross-Mega, F
|message|Heracross has Mega Evolved into Mega Heracross!
|move|p1a: Heracross|Pin Missile|p2a: Venusaur
|-damage|p2a: Venusaur|186\/301
|-damage|p2a: Venusaur|104\/301
|-damage|p2a: Venusaur|25\/301
|-crit|p2a: Venusaur
|-damage|p2a: Venusaur|0 fnt
|-hitcount|p2a: Venusaur|4
|faint|p2a: Venusaur
|
|-weather|RainDance|[upkeep]
|
|switch|p2a: Latias|Latias, F|154\/302
|-damage|p2a: Latias|117\/302|[from] Stealth Rock
|turn|29
|
|switch|p1a: Skarmory|Skarmory, F, shiny|264\/333
|move|p2a: Latias|Healing Wish|p2a: Latias
|faint|p2a: Latias
|
|-weather|RainDance|[upkeep]
|
|switch|p2a: Ninetales|Ninetales, M|11\/349 slp
|-heal|p2a: Ninetales|349\/349|[from] move: Healing Wish
|-damage|p2a: Ninetales|262\/349|[from] Stealth Rock
|-weather|SunnyDay
|turn|30
|
|switch|p1a: Latias|Latias, F|268\/319
|move|p2a: Ninetales|Flamethrower|p1a: Latias
|-resisted|p1a: Latias
|-damage|p1a: Latias|214\/319
|
|-weather|SunnyDay|[upkeep]
|-heal|p1a: Latias|233\/319|[from] item: Leftovers
|turn|31
|
|switch|p2a: Diancie|Diancie|119\/304 tox
|-damage|p2a: Diancie|81\/304 tox|[from] Stealth Rock
|move|p1a: Latias|Psyshock|p2a: Diancie
|-damage|p2a: Diancie|15\/304 tox
|
|-weather|SunnyDay|[upkeep]
|-heal|p1a: Latias|252\/319|[from] item: Leftovers
|-damage|p2a: Diancie|0 fnt|[from] psn
|faint|p2a: Diancie
|
|switch|p2a: Hippowdon|Hippowdon, F|420\/420
|-damage|p2a: Hippowdon|394\/420|[from] Stealth Rock
|turn|32
|
|move|p1a: Latias|Dragon Pulse|p2a: Hippowdon
|-damage|p2a: Hippowdon|274\/420
|move|p2a: Hippowdon|Rock Slide|p1a: Latias
|-damage|p1a: Latias|184\/319
|
|-weather|SunnyDay|[upkeep]
|-heal|p1a: Latias|203\/319|[from] item: Leftovers
|-heal|p2a: Hippowdon|300\/420|[from] item: Leftovers
|turn|33
|
|switch|p1a: Manaphy|Manaphy, shiny|234\/404
|move|p2a: Hippowdon|Rock Slide|p1a: Manaphy
|-damage|p1a: Manaphy|185\/404
|
|-weather|SunnyDay|[upkeep]
|-heal|p1a: Manaphy|210\/404|[from] item: Leftovers
|-heal|p2a: Hippowdon|326\/420|[from] item: Leftovers
|turn|34
|
|move|p1a: Manaphy|Rain Dance|p1a: Manaphy
|-weather|RainDance
|move|p2a: Hippowdon|Earthquake|p1a: Manaphy
|-damage|p1a: Manaphy|114\/404
|
|-weather|RainDance|[upkeep]
|-heal|p1a: Manaphy|139\/404|[from] item: Leftovers
|-heal|p2a: Hippowdon|352\/420|[from] item: Leftovers
|turn|35
|
|move|p1a: Manaphy|Rest|p1a: Manaphy
|-status|p1a: Manaphy|slp
|-heal|p1a: Manaphy|404\/404 slp|[silent]
|-status|p1a: Manaphy|slp|[from] move: Rest
|move|p2a: Hippowdon|Earthquake|p1a: Manaphy
|-damage|p1a: Manaphy|302\/404 slp
|
|-weather|RainDance|[upkeep]
|-curestatus|p1a: Manaphy|slp
|-heal|p1a: Manaphy|327\/404|[from] item: Leftovers
|-heal|p2a: Hippowdon|378\/420|[from] item: Leftovers
|turn|36
|
|move|p1a: Manaphy|Calm Mind|p1a: Manaphy
|-boost|p1a: Manaphy|spa|1
|-boost|p1a: Manaphy|spd|1
|move|p2a: Hippowdon|Earthquake|p1a: Manaphy
|-damage|p1a: Manaphy|237\/404
|
|-weather|RainDance|[upkeep]
|-heal|p1a: Manaphy|262\/404|[from] item: Leftovers
|-heal|p2a: Hippowdon|404\/420|[from] item: Leftovers
|turn|37
|
|move|p1a: Manaphy|Scald|p2a: Hippowdon
|-supereffective|p2a: Hippowdon
|-damage|p2a: Hippowdon|20\/420
|move|p2a: Hippowdon|Earthquake|p1a: Manaphy
|-damage|p1a: Manaphy|172\/404
|
|-weather|RainDance|[upkeep]
|-heal|p1a: Manaphy|197\/404|[from] item: Leftovers
|-heal|p2a: Hippowdon|46\/420|[from] item: Leftovers
|turn|38
|
|switch|p2a: Ninetales|Ninetales, M|262\/349
|-damage|p2a: Ninetales|175\/349|[from] Stealth Rock
|-weather|SunnyDay
|move|p1a: Manaphy|Rest|p1a: Manaphy
|-status|p1a: Manaphy|slp
|-heal|p1a: Manaphy|404\/404 slp|[silent]
|-status|p1a: Manaphy|slp|[from] move: Rest
|
|-weather|SunnyDay|[upkeep]
|turn|39
|
|move|p2a: Ninetales|Will-O-Wisp|p1a: Manaphy
|-fail|p1a: Manaphy
|cant|p1a: Manaphy|slp
|
|-weather|SunnyDay|[upkeep]
|turn|40
|chat|HollowHead|Not that it matters. gg.
|
|move|p2a: Ninetales|Flamethrower|p1a: Manaphy
|-resisted|p1a: Manaphy
|-damage|p1a: Manaphy|360\/404 slp
|cant|p1a: Manaphy|slp
|
|-weather|SunnyDay|[upkeep]
|-heal|p1a: Manaphy|385\/404 slp|[from] item: Leftovers
|turn|41
|chat|N!ggersby Tho?|gg love the team tho
|
|move|p2a: Ninetales|Flamethrower|p1a: Manaphy
|-resisted|p1a: Manaphy
|-damage|p1a: Manaphy|338\/404 slp
|-curestatus|p1a: Manaphy|slp
|move|p1a: Manaphy|Rain Dance|p1a: Manaphy
|-weather|RainDance
|
|-weather|RainDance|[upkeep]
|-heal|p1a: Manaphy|363\/404|[from] item: Leftovers
|turn|42
|
|move|p2a: Ninetales|Flamethrower|p1a: Manaphy
|-resisted|p1a: Manaphy
|-damage|p1a: Manaphy|349\/404
|move|p1a: Manaphy|Scald|p2a: Ninetales
|-supereffective|p2a: Ninetales
|-damage|p2a: Ninetales|0 fnt
|faint|p2a: Ninetales
|
|-weather|RainDance|[upkeep]
|-heal|p1a: Manaphy|374\/404|[from] item: Leftovers
|
|switch|p2a: Hippowdon|Hippowdon, F|46\/420
|-damage|p2a: Hippowdon|20\/420|[from] Stealth Rock
|turn|43
|chat|HollowHead|Thanks. It just needs something with a little more oomph. Can't wait until mega diancie comes out - might even be worth getting rid of Mega Char for it.
|
|move|p1a: Manaphy|Scald|p2a: Hippowdon
|-supereffective|p2a: Hippowdon
|-damage|p2a: Hippowdon|0 fnt
|faint|p2a: Hippowdon
|
|win|N!ggersby Tho?
|raw|Ladder updating...
|chat|HollowHead|gg.
|raw|N!ggersby Tho?'s rating: 1566 &rarr; <strong>1589<\/strong><br \/>(+23 for winning)
|raw|HollowHead's rating: 1612 &rarr; <strong>1589<\/strong><br \/>(-23 for losing)
|leave|HollowHead
|player|p2
|chat|N!ggersby Tho?|gg