|join|HollowHead
|join|Jiban123
|player|p1|HollowHead|80
|player|p2|Jiban123|99
|gametype|singles
|gen|6
|tier|OU
|rated
|clearpoke
|poke|p1|Klefki, F
|poke|p1|Quagsire, F
|poke|p1|Alakazam, M
|poke|p1|Gengar, M
|poke|p1|Mamoswine, F
|poke|p1|Bisharp, M
|poke|p2|Haxorus, M, shiny
|poke|p2|Blastoise, M
|poke|p2|Arcanine, M
|poke|p2|Talonflame, M
|poke|p2|Lucario, M
|poke|p2|Jolteon, M
|rule|Swagger Clause: Swagger is banned
|rule|Baton Pass Clause: Limit one Pokémon knowing Baton Pass
|rule|Sleep Clause Mod: Limit one foe put to sleep
|rule|Species Clause: Limit one of each Pokémon
|rule|OHKO Clause: OHKO moves are banned
|rule|Moody Clause: Moody is banned
|rule|Evasion Moves Clause: Evasion moves are banned
|rule|Endless Battle Clause: Forcing endless battles is banned
|rule|HP Percentage Mod: HP is shown in percentages
|teampreview
|
|start
|switch|p1a: Mamoswine|Mamoswine, F|362\/362
|switch|p2a: Arcanine|Arcanine, M|339\/339
|-ability|p2a: Arcanine|Intimidate|[of] p1a: Mamoswine
|-unboost|p1a: Mamoswine|atk|1
|turn|1
|
|move|p1a: Mamoswine|Earthquake|p2a: Arcanine
|-supereffective|p2a: Arcanine
|-damage|p2a: Arcanine|51\/339
|move|p2a: Arcanine|Flare Blitz|p1a: Mamoswine
|-supereffective|p1a: Mamoswine
|-damage|p1a: Mamoswine|16\/362
|-damage|p2a: Arcanine|0 fnt|[from] recoil|[of] p1a: Mamoswine
|faint|p2a: Arcanine
|
|
|switch|p2a: Jolteon|Jolteon, M|271\/271
|turn|2
|
|switch|p1a: Quagsire|Quagsire, F|394\/394
|move|p2a: Jolteon|Shadow Ball|p1a: Quagsire
|-damage|p1a: Quagsire|265\/394
|
|-heal|p1a: Quagsire|289\/394|[from] item: Leftovers
|turn|3
|
|switch|p2a: Lucario|Lucario, M|282\/282
|move|p1a: Quagsire|Scald|p2a: Lucario
|-damage|p2a: Lucario|200\/282
|-status|p2a: Lucario|brn
|
|-heal|p1a: Quagsire|313\/394|[from] item: Leftovers
|-damage|p2a: Lucario|165\/282 brn|[from] brn
|turn|4
|
|switch|p1a: Klefki|Klefki, F|318\/318
|move|p2a: Lucario|Ice Punch|p1a: Klefki
|-crit|p1a: Klefki
|-resisted|p1a: Klefki
|-damage|p1a: Klefki|290\/318
|
|-heal|p1a: Klefki|309\/318|[from] item: Leftovers
|-damage|p2a: Lucario|130\/282 brn|[from] brn
|turn|5
|
|move|p1a: Klefki|Spikes|p2a: Lucario
|-sidestart|p2: Jiban123|Spikes
|move|p2a: Lucario|Ice Punch|p1a: Klefki
|-resisted|p1a: Klefki
|-damage|p1a: Klefki|291\/318
|
|-heal|p1a: Klefki|310\/318|[from] item: Leftovers
|-damage|p2a: Lucario|95\/282 brn|[from] brn
|turn|6
|
|switch|p2a: Blastoise|Blastoise, M|356\/356
|-damage|p2a: Blastoise|312\/356|[from] Spikes
|move|p1a: Klefki|Spikes|p2a: Blastoise
|-sidestart|p2: Jiban123|Spikes
|
|-heal|p1a: Klefki|318\/318|[from] item: Leftovers
|turn|7
|
|switch|p1a: Gengar|Gengar, M|262\/262
|detailschange|p2a: Blastoise|Blastoise-Mega, M
|message|Blastoise has Mega Evolved into Mega Blastoise!
|move|p2a: Blastoise|Dark Pulse|p1a: Gengar
|-crit|p1a: Gengar
|-supereffective|p1a: Gengar
|-damage|p1a: Gengar|0 fnt
|faint|p1a: Gengar
|
|
|switch|p1a: Alakazam|Alakazam, M|252\/252
|turn|8
|
|switch|p2a: Lucario|Lucario, M|95\/282 brn
|-damage|p2a: Lucario|48\/282 brn|[from] Spikes
|detailschange|p1a: Alakazam|Alakazam-Mega, M
|message|Alakazam has Mega Evolved into Mega Alakazam!
|-ability|p1a: Alakazam|Justified|[from] ability: Trace|[of] p2a: Lucario
|move|p1a: Alakazam|Psychic|p2a: Lucario
|-damage|p2a: Lucario|0 fnt
|faint|p2a: Lucario
|
|
|switch|p2a: Talonflame|Talonflame, M|309\/309
|turn|9
|
|switch|p1a: Klefki|Klefki, F|318\/318
|move|p2a: Talonflame|Flare Blitz|p1a: Klefki
|-supereffective|p1a: Klefki
|-damage|p1a: Klefki|64\/318
|-damage|p2a: Talonflame|225\/309|[from] recoil|[of] p1a: Klefki
|
|-heal|p1a: Klefki|83\/318|[from] item: Leftovers
|turn|10
|
|move|p1a: Klefki|Thunder Wave|p2a: Talonflame
|-status|p2a: Talonflame|par
|cant|p2a: Talonflame|par
|
|-heal|p1a: Klefki|102\/318|[from] item: Leftovers
|turn|11
|
|move|p1a: Klefki|Spikes|p2a: Talonflame
|-sidestart|p2: Jiban123|Spikes
|cant|p2a: Talonflame|par
|
|-heal|p1a: Klefki|121\/318|[from] item: Leftovers
|turn|12
|
|move|p1a: Klefki|Foul Play|p2a: Talonflame
|-damage|p2a: Talonflame|122\/309 par
|move|p2a: Talonflame|Flare Blitz|p1a: Klefki
|-supereffective|p1a: Klefki
|-damage|p1a: Klefki|0 fnt
|-damage|p2a: Talonflame|82\/309 par|[from] recoil|[of] p1a: Klefki
|faint|p1a: Klefki
|
|
|switch|p1a: Mamoswine|Mamoswine, F|16\/362
|turn|13
|
|move|p1a: Mamoswine|Ice Shard|p2a: Talonflame
|-damage|p2a: Talonflame|0 fnt
|faint|p2a: Talonflame
|
|
|switch|p2a: Jolteon|Jolteon, M|271\/271
|-damage|p2a: Jolteon|204\/271|[from] Spikes
|turn|14
|
|move|p1a: Mamoswine|Ice Shard|p2a: Jolteon
|-damage|p2a: Jolteon|96\/271
|move|p2a: Jolteon|Shadow Ball|p1a: Mamoswine
|-damage|p1a: Mamoswine|0 fnt
|faint|p1a: Mamoswine
|
|
|switch|p1a: Bisharp|Bisharp, M|272\/272
|turn|15
|
|move|p2a: Jolteon|Thunder Wave|p1a: Bisharp
|-status|p1a: Bisharp|par
|move|p1a: Bisharp|Swords Dance|p1a: Bisharp
|-boost|p1a: Bisharp|atk|2
|
|turn|16
|
|move|p1a: Bisharp|Sucker Punch|p2a: Jolteon
|-damage|p2a: Jolteon|0 fnt
|-damage|p1a: Bisharp|245\/272 par|[from] item: Life Orb
|faint|p2a: Jolteon
|
|
|switch|p2a: Blastoise|Blastoise-Mega, M|312\/356
|-damage|p2a: Blastoise|223\/356|[from] Spikes
|turn|17
|
|move|p1a: Bisharp|Sucker Punch|p2a: Blastoise
|-fail|p2a: Blastoise
|move|p2a: Blastoise|Roar|p1a: Bisharp
|drag|p1a: Quagsire|Quagsire, F|313\/394
|
|-heal|p1a: Quagsire|337\/394|[from] item: Leftovers
|turn|18
|
|move|p2a: Blastoise|Scald|p1a: Quagsire
|-damage|p1a: Quagsire|145\/394
|move|p1a: Quagsire|Toxic|p2a: Blastoise
|-status|p2a: Blastoise|tox
|
|-heal|p1a: Quagsire|169\/394|[from] item: Leftovers
|-damage|p2a: Blastoise|201\/356 tox|[from] psn
|turn|19
|
|switch|p1a: Bisharp|Bisharp, M|245\/272 par
|move|p2a: Blastoise|Scald|p1a: Bisharp
|-damage|p1a: Bisharp|89\/272 par
|
|-damage|p2a: Blastoise|157\/356 tox|[from] psn
|turn|20
|
|cant|p1a: Bisharp|par
|move|p2a: Blastoise|Rapid Spin|p1a: Bisharp
|-resisted|p1a: Bisharp
|-damage|p1a: Bisharp|82\/272 par
|-sideend|p2: Jiban123|Spikes|[from] move: Rapid Spin|[of] p2a: Blastoise
|
|-damage|p2a: Blastoise|91\/356 tox|[from] psn
|turn|21
|
|move|p1a: Bisharp|Sucker Punch|p2a: Blastoise
|-damage|p2a: Blastoise|0 fnt
|-damage|p1a: Bisharp|55\/272 par|[from] item: Life Orb
|faint|p2a: Blastoise
|
|
|switch|p2a: Haxorus|Haxorus, M, shiny|294\/294
|-ability|p2a: Haxorus|Mold Breaker
|turn|22
|
|move|p2a: Haxorus|Dragon Dance|p2a: Haxorus
|-boost|p2a: Haxorus|atk|1
|-boost|p2a: Haxorus|spe|1
|move|p1a: Bisharp|Knock Off|p2a: Haxorus
|-crit|p2a: Haxorus
|-enditem|p2a: Haxorus|Focus Sash
|-damage|p2a: Haxorus|1\/294
|-damage|p1a: Bisharp|28\/272 par|[from] item: Life Orb
|
|turn|23
|
|move|p1a: Bisharp|Sucker Punch|p2a: Haxorus
|-fail|p2a: Haxorus
|move|p2a: Haxorus|Dragon Dance|p2a: Haxorus
|-boost|p2a: Haxorus|atk|1
|-boost|p2a: Haxorus|spe|1
|
|turn|24
|
|cant|p1a: Bisharp|par
|move|p2a: Haxorus|Earthquake|p1a: Bisharp
|-supereffective|p1a: Bisharp
|-damage|p1a: Bisharp|0 fnt
|faint|p1a: Bisharp
|
|
|switch|p1a: Quagsire|Quagsire, F|169\/394
|turn|25
|c|★HollowHead|gg
|
|move|p2a: Haxorus|Dragon Claw|p1a: Quagsire
|-damage|p1a: Quagsire|0 fnt
|faint|p1a: Quagsire
|
|c|★Jiban123|gg
|
|switch|p1a: Alakazam|Alakazam-Mega, M|252\/252
|-ability|p1a: Alakazam|Mold Breaker|[from] ability: Trace|[of] p2a: Haxorus
|-ability|p1a: Alakazam|Mold Breaker
|turn|26
|
|move|p2a: Haxorus|Dragon Claw|p1a: Alakazam
|-damage|p1a: Alakazam|0 fnt
|faint|p1a: Alakazam
|
|win|Jiban123
|raw|Ladder updating...
|raw|HollowHead's rating: 1578 &rarr; <strong>1559<\/strong><br \/>(-19 for losing)
|raw|Jiban123's rating: 1587 &rarr; <strong>1607<\/strong><br \/>(+20 for winning)