|join|HollowHead
|join|Nsoldier21
|player|p1|HollowHead|80
|player|p2|Nsoldier21|169
|gametype|singles
|gen|6
|tier|OU
|rated
|clearpoke
|poke|p1|Klefki, F
|poke|p1|Thundurus, M
|poke|p1|Alakazam, M
|poke|p1|Gengar, M
|poke|p1|Mamoswine, M
|poke|p1|Bisharp, M
|poke|p2|Pinsir, M
|poke|p2|Mandibuzz, F
|poke|p2|Heatran, F
|poke|p2|Amoonguss, M
|poke|p2|Rotom-Wash
|poke|p2|Garchomp, M
|rule|Swagger Clause: Swagger is banned
|rule|Baton Pass Clause: Limit one Pokémon knowing Baton Pass
|rule|Sleep Clause Mod: Limit one foe put to sleep
|rule|Species Clause: Limit one of each Pokémon
|rule|OHKO Clause: OHKO moves are banned
|rule|Moody Clause: Moody is banned
|rule|Evasion Moves Clause: Evasion moves are banned
|rule|Endless Battle Clause: Forcing endless battles is banned
|rule|HP Percentage Mod: HP is reported as percentages
|teampreview
|
|start
|switch|p1a: Gengar|Gengar, M|262\/262
|switch|p2a: Rotom-Wash|Rotom-Wash|304\/304
|turn|1
|
|move|p1a: Gengar|Shadow Ball|p2a: Rotom-Wash
|-crit|p2a: Rotom-Wash
|-damage|p2a: Rotom-Wash|154\/304
|move|p2a: Rotom-Wash|Volt Switch|p1a: Gengar
|-damage|p1a: Gengar|159\/262
|
|switch|p2a: Mandibuzz|Mandibuzz, F|424\/424
|
|-heal|p1a: Gengar|175\/262|[from] item: Black Sludge
|turn|2
|
|move|p1a: Gengar|Will-O-Wisp|p2a: Mandibuzz|[miss]
|-miss|p1a: Gengar|p2a: Mandibuzz
|move|p2a: Mandibuzz|Knock Off|p1a: Gengar
|-supereffective|p1a: Gengar
|-damage|p1a: Gengar|0 fnt
|-enditem|p1a: Gengar|Black Sludge|[from] move: Knock Off|[of] p2a: Mandibuzz
|faint|p1a: Gengar
|
|
|switch|p1a: Mamoswine|Mamoswine, M|362\/362
|turn|3
|
|move|p1a: Mamoswine|Icicle Crash|p2a: Mandibuzz
|-supereffective|p2a: Mandibuzz
|-damage|p2a: Mandibuzz|176\/424
|move|p2a: Mandibuzz|Knock Off|p1a: Mamoswine
|-damage|p1a: Mamoswine|271\/362
|-enditem|p1a: Mamoswine|Focus Sash|[from] move: Knock Off|[of] p2a: Mandibuzz
|
|-heal|p2a: Mandibuzz|202\/424|[from] item: Leftovers
|turn|4
|
|switch|p2a: Rotom-Wash|Rotom-Wash|154\/304
|move|p1a: Mamoswine|Stealth Rock|p2a: Rotom-Wash
|-sidestart|p2: Nsoldier21|move: Stealth Rock
|
|-heal|p2a: Rotom-Wash|173\/304|[from] item: Leftovers
|turn|5
|
|switch|p1a: Klefki|Klefki, F|318\/318
|move|p2a: Rotom-Wash|Hydro Pump|p1a: Klefki
|-damage|p1a: Klefki|174\/318
|
|-heal|p2a: Rotom-Wash|192\/304|[from] item: Leftovers
|-heal|p1a: Klefki|193\/318|[from] item: Leftovers
|turn|6
|
|move|p1a: Klefki|Spikes|p2a: Rotom-Wash
|-sidestart|p2: Nsoldier21|Spikes
|move|p2a: Rotom-Wash|Volt Switch|p1a: Klefki
|-damage|p1a: Klefki|105\/318
|
|switch|p2a: Mandibuzz|Mandibuzz, F|202\/424
|-damage|p2a: Mandibuzz|96\/424|[from] Stealth Rock
|
|-heal|p2a: Mandibuzz|122\/424|[from] item: Leftovers
|-heal|p1a: Klefki|124\/318|[from] item: Leftovers
|turn|7
|
|move|p2a: Mandibuzz|Defog|p1a: Klefki
|-unboost|p1a: Klefki|evasion|1
|-sideend|p2: Nsoldier21|Spikes|[from] move: Defog|[of] p2a: Mandibuzz
|-sideend|p2: Nsoldier21|Stealth Rock|[from] move: Defog|[of] p2a: Mandibuzz
|move|p1a: Klefki|Dazzling Gleam|p2a: Mandibuzz
|-supereffective|p2a: Mandibuzz
|-damage|p2a: Mandibuzz|0 fnt
|faint|p2a: Mandibuzz
|
|-heal|p1a: Klefki|143\/318|[from] item: Leftovers
|
|switch|p2a: Heatran|Heatran, F|386\/386
|-item|p2a: Heatran|Air Balloon
|turn|8
|
|move|p1a: Klefki|Spikes|p2a: Heatran
|-sidestart|p2: Nsoldier21|Spikes
|move|p2a: Heatran|Lava Plume|p1a: Klefki
|-supereffective|p1a: Klefki
|-damage|p1a: Klefki|0 fnt
|faint|p1a: Klefki
|
|
|switch|p1a: Alakazam|Alakazam, M|252\/252
|turn|9
|
|detailschange|p1a: Alakazam|Alakazam-Mega, M
|message|Alakazam has Mega Evolved into Mega Alakazam!
|-ability|p1a: Alakazam|Flash Fire|[from] ability: Trace|[of] p2a: Heatran
|move|p1a: Alakazam|Focus Blast|p2a: Heatran
|-supereffective|p2a: Heatran
|-damage|p2a: Heatran|42\/386
|-enditem|p2a: Heatran|Air Balloon
|move|p2a: Heatran|Lava Plume|p1a: Alakazam
|-start|p1a: Alakazam|ability: Flash Fire
|
|turn|10
|
|move|p1a: Alakazam|Psychic|p2a: Heatran
|-resisted|p2a: Heatran
|-damage|p2a: Heatran|0 fnt
|faint|p2a: Heatran
|
|
|switch|p2a: Garchomp|Garchomp, M|358\/358
|-damage|p2a: Garchomp|314\/358|[from] Spikes
|turn|11
|
|move|p2a: Garchomp|Stone Edge|p1a: Alakazam
|-damage|p1a: Alakazam|79\/252
|move|p1a: Alakazam|Psychic|p2a: Garchomp
|-crit|p2a: Garchomp
|-damage|p2a: Garchomp|0 fnt
|faint|p2a: Garchomp
|
|
|switch|p2a: Pinsir|Pinsir, M|271\/271
|-damage|p2a: Pinsir|238\/271|[from] Spikes
|-ability|p2a: Pinsir|Mold Breaker
|turn|12
|
|detailschange|p2a: Pinsir|Pinsir-Mega, M
|message|Pinsir has Mega Evolved into Mega Pinsir!
|move|p2a: Pinsir|Quick Attack|p1a: Alakazam
|-damage|p1a: Alakazam|0 fnt
|faint|p1a: Alakazam
|
|
|switch|p1a: Thundurus|Thundurus, M|299\/299
|turn|13
|
|switch|p2a: Amoonguss|Amoonguss, M|432\/432
|-damage|p2a: Amoonguss|378\/432|[from] Spikes
|move|p1a: Thundurus|Thunderbolt|p2a: Amoonguss
|-crit|p2a: Amoonguss
|-resisted|p2a: Amoonguss
|-damage|p2a: Amoonguss|210\/432
|-damage|p1a: Thundurus|270\/299|[from] item: Life Orb
|
|-heal|p2a: Amoonguss|237\/432|[from] item: Black Sludge
|turn|14
|
|switch|p1a: Bisharp|Bisharp, M|272\/272
|move|p2a: Amoonguss|Spore|p1a: Bisharp
|-status|p1a: Bisharp|slp
|
|-heal|p2a: Amoonguss|264\/432|[from] item: Black Sludge
|turn|15
|
|switch|p1a: Thundurus|Thundurus, M|270\/299
|move|p2a: Amoonguss|Foul Play|p1a: Thundurus
|-damage|p1a: Thundurus|176\/299
|
|-heal|p2a: Amoonguss|291\/432|[from] item: Black Sludge
|turn|16
|
|move|p1a: Thundurus|Hidden Power|p2a: Amoonguss
|-supereffective|p2a: Amoonguss
|-damage|p2a: Amoonguss|0 fnt
|-damage|p1a: Thundurus|147\/299|[from] item: Life Orb
|faint|p2a: Amoonguss
|
|
|switch|p2a: Rotom-Wash|Rotom-Wash|192\/304
|turn|17
|
|move|p1a: Thundurus|Thunderbolt|p2a: Rotom-Wash
|-damage|p2a: Rotom-Wash|46\/304
|-damage|p1a: Thundurus|118\/299|[from] item: Life Orb
|move|p2a: Rotom-Wash|Hydro Pump|p1a: Thundurus
|-damage|p1a: Thundurus|0 fnt
|faint|p1a: Thundurus
|
|-heal|p2a: Rotom-Wash|65\/304|[from] item: Leftovers
|
|switch|p1a: Mamoswine|Mamoswine, M|271\/362
|turn|18
|
|move|p1a: Mamoswine|Icicle Crash|p2a: Rotom-Wash
|-resisted|p2a: Rotom-Wash
|-damage|p2a: Rotom-Wash|0 fnt
|faint|p2a: Rotom-Wash
|
|
|switch|p2a: Pinsir|Pinsir-Mega, M|238\/271
|turn|19
|
|move|p1a: Mamoswine|Ice Shard|p2a: Pinsir
|-supereffective|p2a: Pinsir
|-damage|p2a: Pinsir|104\/271
|move|p2a: Pinsir|Close Combat|p1a: Mamoswine
|-supereffective|p1a: Mamoswine
|-damage|p1a: Mamoswine|0 fnt
|-unboost|p2a: Pinsir|def|1
|-unboost|p2a: Pinsir|spd|1
|faint|p1a: Mamoswine
|
|
|switch|p1a: Bisharp|Bisharp, M|272\/272 slp
|turn|20
|
|cant|p1a: Bisharp|slp
|move|p2a: Pinsir|Close Combat|p1a: Bisharp
|-supereffective|p1a: Bisharp
|-damage|p1a: Bisharp|0 fnt
|-unboost|p2a: Pinsir|def|1
|-unboost|p2a: Pinsir|spd|1
|faint|p1a: Bisharp
|
|win|Nsoldier21
|raw|Ladder updating...
|raw|HollowHead's rating: 1653 &rarr; <strong>1631<\/strong><br \/>(-22 for losing)
|raw|Nsoldier21's rating: 1608 &rarr; <strong>1631<\/strong><br \/>(+23 for winning)
|chat|Nsoldier21|gg