|join|Excess Logic
|join|Time2GetBopped
|player|p1|Excess Logic|163
|player|p2|Time2GetBopped|138
|gametype|singles
|gen|6
|tier|OU
|rated
|clearpoke
|poke|p1|Greninja, M
|poke|p1|Talonflame, F
|poke|p1|Rotom-Wash
|poke|p1|Heatran, M
|poke|p1|Excadrill, M
|poke|p1|Gardevoir, M
|poke|p2|Tyranitar, F
|poke|p2|Excadrill, M
|poke|p2|Pinsir, M
|poke|p2|Talonflame, F
|poke|p2|Dragonite, M
|poke|p2|Greninja, M
|rule|Swagger Clause: Swagger is banned
|rule|Baton Pass Clause: Limit one Pokémon knowing Baton Pass
|rule|Sleep Clause Mod: Limit one foe put to sleep
|rule|Species Clause: Limit one of each Pokémon
|rule|OHKO Clause: OHKO moves are banned
|rule|Moody Clause: Moody is banned
|rule|Evasion Moves Clause: Evasion moves are banned
|rule|Endless Battle Clause: Forcing endless battles is banned
|rule|HP Percentage Mod: HP is shown in percentages
|teampreview
|
|start
|switch|p1a: Talonflame|Talonflame, F|309\/309
|switch|p2a: Diabetes|Greninja, M|285\/285
|turn|1
|
|switch|p2a: AIDS|Tyranitar, F|341\/341
|-weather|Sandstorm
|move|p1a: Talonflame|U-turn|p2a: AIDS
|-supereffective|p2a: AIDS
|-damage|p2a: AIDS|213\/341
|
|switch|p1a: Excadrill|Excadrill, M|361\/361
|-ability|p1a: Excadrill|Mold Breaker
|-item|p1a: Excadrill|Air Balloon
|
|-weather|Sandstorm|[upkeep]
|turn|2
|
|switch|p2a: Polio|Dragonite, M|330\/330
|move|p1a: Excadrill|Stealth Rock|p2a: Polio
|-sidestart|p2: Time2GetBopped|move: Stealth Rock
|
|-weather|Sandstorm|[upkeep]
|-damage|p2a: Polio|310\/330|[from] sandstorm
|turn|3
|
|move|p1a: Excadrill|Iron Head|p2a: Polio
|-damage|p2a: Polio|153\/330
|move|p2a: Polio|Fire Punch|p1a: Excadrill
|-supereffective|p1a: Excadrill
|-damage|p1a: Excadrill|0 fnt
|-enditem|p1a: Excadrill|Air Balloon
|faint|p1a: Excadrill
|
|-weather|Sandstorm|[upkeep]
|-damage|p2a: Polio|133\/330|[from] sandstorm
|
|switch|p1a: Heatran|Heatran, M|386\/386
|turn|4
|
|switch|p2a: AIDS|Tyranitar, F|213\/341
|-damage|p2a: AIDS|171\/341|[from] Stealth Rock
|switch|p1a: Talonflame|Talonflame, F|309\/309
|
|-weather|Sandstorm|[upkeep]
|-damage|p1a: Talonflame|290\/309|[from] sandstorm
|turn|5
|
|move|p1a: Talonflame|U-turn|p2a: AIDS
|-supereffective|p2a: AIDS
|-damage|p2a: AIDS|43\/341
|
|switch|p1a: Greninja|Greninja, M|286\/286
|move|p2a: AIDS|Stealth Rock|p1a: Greninja
|-sidestart|p1: Excess Logic|move: Stealth Rock
|
|-weather|none
|turn|6
|
|move|p1a: Greninja|Surf|p2a: AIDS
|-start|p1a: Greninja|typechange|Water|[from] Protean
|-supereffective|p2a: AIDS
|-damage|p2a: AIDS|0 fnt
|-damage|p1a: Greninja|258\/286|[from] item: Life Orb
|faint|p2a: AIDS
|
|
|switch|p2a: Polio|Dragonite, M|133\/330
|-damage|p2a: Polio|51\/330|[from] Stealth Rock
|turn|7
|
|switch|p1a: Heatran|Heatran, M|386\/386
|-damage|p1a: Heatran|338\/386|[from] Stealth Rock
|move|p2a: Polio|Extreme Speed|p1a: Heatran
|-resisted|p1a: Heatran
|-damage|p1a: Heatran|264\/386
|
|-heal|p1a: Heatran|288\/386|[from] item: Leftovers
|turn|8
|
|move|p2a: Polio|Extreme Speed|p1a: Heatran
|-resisted|p1a: Heatran
|-damage|p1a: Heatran|209\/386
|move|p1a: Heatran|Substitute|p1a: Heatran
|-start|p1a: Heatran|Substitute
|-damage|p1a: Heatran|113\/386
|
|-heal|p1a: Heatran|137\/386|[from] item: Leftovers
|turn|9
|
|move|p2a: Polio|Extreme Speed|p1a: Heatran
|-resisted|p1a: Heatran
|-activate|p1a: Heatran|Substitute|[damage]
|move|p1a: Heatran|Hidden Power|p2a: Polio
|-supereffective|p2a: Polio
|-damage|p2a: Polio|0 fnt
|faint|p2a: Polio
|
|-heal|p1a: Heatran|161\/386|[from] item: Leftovers
|
|switch|p2a: Diabetes|Greninja, M|285\/285
|-damage|p2a: Diabetes|250\/285|[from] Stealth Rock
|turn|10
|
|move|p2a: Diabetes|Ice Beam|p1a: Heatran
|-start|p2a: Diabetes|typechange|Ice|[from] Protean
|-resisted|p1a: Heatran
|-end|p1a: Heatran|Substitute
|-damage|p2a: Diabetes|222\/285|[from] item: Life Orb
|move|p1a: Heatran|Earth Power|p2a: Diabetes
|-damage|p2a: Diabetes|65\/285
|
|-heal|p1a: Heatran|185\/386|[from] item: Leftovers
|turn|11
|
|switch|p1a: Rotom-Wash|Rotom-Wash|304\/304
|-damage|p1a: Rotom-Wash|266\/304|[from] Stealth Rock
|move|p2a: Diabetes|Hydro Pump|p1a: Rotom-Wash
|-start|p2a: Diabetes|typechange|Water|[from] Protean
|-resisted|p1a: Rotom-Wash
|-damage|p1a: Rotom-Wash|191\/304
|-damage|p2a: Diabetes|37\/285|[from] item: Life Orb
|
|-heal|p1a: Rotom-Wash|210\/304|[from] item: Leftovers
|turn|12
|
|move|p2a: Diabetes|Hidden Power|p1a: Rotom-Wash
|-start|p2a: Diabetes|typechange|Grass|[from] Protean
|-supereffective|p1a: Rotom-Wash
|-damage|p1a: Rotom-Wash|46\/304
|-damage|p2a: Diabetes|9\/285|[from] item: Life Orb
|move|p1a: Rotom-Wash|Hydro Pump|p2a: Diabetes
|-resisted|p2a: Diabetes
|-damage|p2a: Diabetes|0 fnt
|faint|p2a: Diabetes
|
|-heal|p1a: Rotom-Wash|65\/304|[from] item: Leftovers
|
|switch|p2a: Gonorrhea|Excadrill, M|361\/361
|-damage|p2a: Gonorrhea|350\/361|[from] Stealth Rock
|turn|13
|
|move|p2a: Gonorrhea|Rapid Spin|p1a: Rotom-Wash
|-damage|p1a: Rotom-Wash|29\/304
|-sideend|p2: Time2GetBopped|Stealth Rock|[from] move: Rapid Spin|[of] p2a: Gonorrhea
|-damage|p2a: Gonorrhea|314\/361|[from] item: Life Orb
|move|p1a: Rotom-Wash|Hydro Pump|p2a: Gonorrhea
|-supereffective|p2a: Gonorrhea
|-damage|p2a: Gonorrhea|0 fnt
|faint|p2a: Gonorrhea
|
|-heal|p1a: Rotom-Wash|48\/304|[from] item: Leftovers
|
|switch|p2a: Ass Cancer|Pinsir, M|289\/289
|turn|14
|
|detailschange|p2a: Ass Cancer|Pinsir-Mega, M
|message|Pinsir has Mega Evolved into Mega Pinsir!
|move|p2a: Ass Cancer|Return|p1a: Rotom-Wash
|-resisted|p1a: Rotom-Wash
|-damage|p1a: Rotom-Wash|0 fnt
|faint|p1a: Rotom-Wash
|
|
|switch|p1a: Talonflame|Talonflame, F|290\/309
|-damage|p1a: Talonflame|136\/309|[from] Stealth Rock
|turn|15
|
|move|p1a: Talonflame|Brave Bird|p2a: Ass Cancer
|-supereffective|p2a: Ass Cancer
|-damage|p2a: Ass Cancer|0 fnt
|-damage|p1a: Talonflame|41\/309|[from] recoil|[of] p2a: Ass Cancer
|faint|p2a: Ass Cancer
|
|
|switch|p2a: Bird Flu|Talonflame, F|297\/297
|turn|16
|
|move|p2a: Bird Flu|Brave Bird|p1a: Talonflame
|-damage|p1a: Talonflame|0 fnt
|-damage|p2a: Bird Flu|283\/297|[from] recoil|[of] p1a: Talonflame
|faint|p1a: Talonflame
|
|
|switch|p1a: Heatran|Heatran, M|185\/386
|-damage|p1a: Heatran|137\/386|[from] Stealth Rock
|turn|17
|
|move|p2a: Bird Flu|Brave Bird|p1a: Heatran
|-resisted|p1a: Heatran
|-damage|p1a: Heatran|20\/386
|-damage|p2a: Bird Flu|244\/297|[from] recoil|[of] p1a: Heatran
|move|p1a: Heatran|Fire Blast|p2a: Bird Flu
|-crit|p2a: Bird Flu
|-resisted|p2a: Bird Flu
|-damage|p2a: Bird Flu|44\/297
|
|-heal|p1a: Heatran|44\/386|[from] item: Leftovers
|turn|18
|
|move|p2a: Bird Flu|Brave Bird|p1a: Heatran
|-resisted|p1a: Heatran
|-damage|p1a: Heatran|0 fnt
|-damage|p2a: Bird Flu|29\/297|[from] recoil|[of] p1a: Heatran
|faint|p1a: Heatran
|
|
|switch|p1a: Greninja|Greninja, M|258\/286
|-damage|p1a: Greninja|223\/286|[from] Stealth Rock
|turn|19
|c|★Time2GetBopped|omg ur gonna win cuz of the crit
|
|move|p2a: Bird Flu|Brave Bird|p1a: Greninja
|-damage|p1a: Greninja|0 fnt
|-damage|p2a: Bird Flu|0 fnt|[from] recoil|[of] p1a: Greninja
|faint|p1a: Greninja
|faint|p2a: Bird Flu
|
|win|Excess Logic
|raw|Ladder updating...
|raw|Excess Logic's rating: 1675 &rarr; <strong>1694<\/strong><br \/>(+19 for winning)
|raw|Time2GetBopped's rating: 1657 &rarr; <strong>1638<\/strong><br \/>(-19 for losing)
|c|★Excess Logic|yup
|c|★Time2GetBopped|fucking bullshit