|join|Hallucination
|join|hpareS
|player|p1|Hallucination|169
|player|p2|hpareS|223
|gametype|singles
|gen|6
|tier|OU
|clearpoke
|poke|p1|Sableye, F
|poke|p1|Gengar, F
|poke|p1|Drifblim, M
|poke|p1|Avalugg, F
|poke|p1|Garchomp, M
|poke|p1|Pawniard, F
|poke|p2|Munchlax, M
|poke|p2|Charizard, M
|poke|p2|Avalugg, M
|poke|p2|Doublade, M
|poke|p2|Gengar, F
|poke|p2|Trevenant, F
|rule|Swagger Clause: Swagger is banned
|rule|Baton Pass Clause: Limit one Pokémon knowing Baton Pass
|rule|Sleep Clause Mod: Limit one foe put to sleep
|rule|Species Clause: Limit one of each Pokémon
|rule|OHKO Clause: OHKO moves are banned
|rule|Moody Clause: Moody is banned
|rule|Evasion Moves Clause: Evasion moves are banned
|rule|Endless Battle Clause: Forcing endless battles is banned
|rule|HP Percentage Mod: HP is shown in percentages
|teampreview
|c|★Hallucination|munchlax tho
|c|★hpareS|lol
|c|★hpareS|Avalugg tho
|
|start
|switch|p1a: Pawniard|Pawniard, F|231\/231
|switch|p2a: Munchlax|Munchlax, M|411\/411
|turn|1
|c|★Hallucination|AHH PREDICTED
|
|move|p1a: Pawniard|Knock Off|p2a: Munchlax
|-damage|p2a: Munchlax|255\/411
|-enditem|p2a: Munchlax|Eviolite|[from] move: Knock Off|[of] p1a: Pawniard
|move|p2a: Munchlax|Curse|p2a: Munchlax
|-boost|p2a: Munchlax|atk|1
|-boost|p2a: Munchlax|def|1
|-unboost|p2a: Munchlax|spe|1
|
|turn|2
|
|switch|p1a: Sableye|Sableye, F|303\/303
|move|p2a: Munchlax|Fire Punch|p1a: Sableye
|-damage|p1a: Sableye|184\/303
|
|turn|3
|
|move|p1a: Sableye|Will-O-Wisp|p2a: Munchlax
|-status|p2a: Munchlax|brn
|move|p2a: Munchlax|Fire Punch|p1a: Sableye
|-damage|p1a: Sableye|127\/303
|
|-damage|p2a: Munchlax|204\/411 brn|[from] brn
|turn|4
|
|move|p1a: Sableye|Recover|p1a: Sableye
|-heal|p1a: Sableye|279\/303
|move|p2a: Munchlax|Fire Punch|p1a: Sableye
|-damage|p1a: Sableye|212\/303
|
|-damage|p2a: Munchlax|153\/411 brn|[from] brn
|turn|5
|
|move|p1a: Sableye|Calm Mind|p1a: Sableye
|-boost|p1a: Sableye|spa|1
|-boost|p1a: Sableye|spd|1
|move|p2a: Munchlax|Fire Punch|p1a: Sableye
|-damage|p1a: Sableye|149\/303
|
|-damage|p2a: Munchlax|102\/411 brn|[from] brn
|turn|6
|
|move|p1a: Sableye|Recover|p1a: Sableye
|-heal|p1a: Sableye|301\/303
|move|p2a: Munchlax|Whirlwind|p1a: Sableye
|drag|p1a: Drifblim|Drifblim, M|441\/441
|
|-damage|p2a: Munchlax|51\/411 brn|[from] brn
|turn|7
|
|move|p1a: Drifblim|Stockpile|p1a: Drifblim
|-start|p1a: Drifblim|stockpile1
|-boost|p1a: Drifblim|def|1
|-boost|p1a: Drifblim|spd|1
|move|p2a: Munchlax|Fire Punch|p1a: Drifblim
|-damage|p1a: Drifblim|401\/441
|
|-heal|p1a: Drifblim|428\/441|[from] item: Leftovers
|-damage|p2a: Munchlax|0 fnt|[from] brn
|faint|p2a: Munchlax
|
|switch|p2a: Doublade|Doublade, M|322\/322
|turn|8
|
|move|p1a: Drifblim|Baton Pass|p1a: Drifblim
|
|switch|p1a: Sableye|Sableye, F|301\/303
|move|p2a: Doublade|Pursuit|p1a: Sableye
|-damage|p1a: Sableye|270\/303
|
|turn|9
|
|switch|p2a: Avalugg|Avalugg, M|393\/393
|move|p1a: Sableye|Calm Mind|p1a: Sableye
|-boost|p1a: Sableye|spa|1
|-boost|p1a: Sableye|spd|1
|
|turn|10
|
|detailschange|p1a: Sableye|Sableye-Mega, F
|-mega|p1a: Sableye|Sableye|Sablenite
|move|p1a: Sableye|Will-O-Wisp|p2a: Avalugg
|-status|p2a: Avalugg|brn
|move|p2a: Avalugg|Roar|p1a: Sableye
|move|p1a: Sableye|Roar|p2a: Avalugg|[from]Magic Bounce
|drag|p2a: Gengar|Gengar, F|263\/263
|
|turn|11
|
|move|p2a: Gengar|Hex|p1a: Sableye
|-damage|p1a: Sableye|234\/303
|move|p1a: Sableye|Calm Mind|p1a: Sableye
|-boost|p1a: Sableye|spa|1
|-boost|p1a: Sableye|spd|1
|
|turn|12
|c|★hpareS|Yeah this is a terrible meta
|c|★hpareS|Lol
|c|★Hallucination|XD
|c|★hpareS|Fun idea
|c|★Hallucination|I cant believe this worked
|c|★hpareS|But not practical
|c|★Hallucination|i was certain
|c|★Hallucination|i would never get a bp off
|c|★hpareS|Meh
|c|★hpareS|I'll blame it being 2am and me not battling in a week
|
|move|p2a: Gengar|Sludge Wave|p1a: Sableye
|-resisted|p1a: Sableye
|-damage|p1a: Sableye|211\/303
|-status|p1a: Sableye|psn
|move|p1a: Sableye|Calm Mind|p1a: Sableye
|-boost|p1a: Sableye|spa|1
|-boost|p1a: Sableye|spd|1
|
|-damage|p1a: Sableye|174\/303 psn|[from] psn
|turn|13
|c|★Hallucination|its 2 am for me too
|join|Viiolite
|c|★Hallucination|O.o
|
|move|p2a: Gengar|Hex|p1a: Sableye
|-damage|p1a: Sableye|120\/303 psn
|move|p1a: Sableye|Recover|p1a: Sableye
|-heal|p1a: Sableye|272\/303 psn
|
|-damage|p1a: Sableye|235\/303 psn|[from] psn
|turn|14
|
|move|p2a: Gengar|Hex|p1a: Sableye
|-damage|p1a: Sableye|186\/303 psn
|move|p1a: Sableye|Recover|p1a: Sableye
|-heal|p1a: Sableye|303\/303 psn
|
|-damage|p1a: Sableye|266\/303 psn|[from] psn
|turn|15
|
|switch|p2a: Charizard|Charizard, M|333\/333
|move|p1a: Sableye|Dark Pulse|p2a: Charizard
|-damage|p2a: Charizard|80\/333
|
|-damage|p1a: Sableye|229\/303 psn|[from] psn
|turn|16
|
|detailschange|p2a: Charizard|Charizard-Mega-X, M
|-mega|p2a: Charizard|Charizard|Charizardite X
|move|p2a: Charizard|Dragon Claw|p1a: Sableye
|-damage|p1a: Sableye|108\/303 psn
|move|p1a: Sableye|Dark Pulse|p2a: Charizard
|-damage|p2a: Charizard|0 fnt
|faint|p2a: Charizard
|
|-damage|p1a: Sableye|71\/303 psn|[from] psn
|c|★hpareS|That did shit lol
|c|★Hallucination|im 1.5
|c|★hpareS|Yeah
|c|★hpareS|Plus I can't remove you from battle
|c|★Hallucination|nope
|
|switch|p2a: Trevenant|Trevenant, F|374\/374
|turn|17
|
|move|p2a: Trevenant|Shadow Claw|p1a: Sableye
|-damage|p1a: Sableye|20\/303 psn
|move|p1a: Sableye|Recover|p1a: Sableye
|-heal|p1a: Sableye|172\/303 psn
|
|-damage|p1a: Sableye|135\/303 psn|[from] psn
|turn|18
|
|move|p2a: Trevenant|Shadow Claw|p1a: Sableye
|-damage|p1a: Sableye|86\/303 psn
|move|p1a: Sableye|Recover|p1a: Sableye
|-heal|p1a: Sableye|238\/303 psn
|
|-damage|p1a: Sableye|201\/303 psn|[from] psn
|turn|19
|
|move|p2a: Trevenant|Leech Seed|p1a: Sableye
|move|p1a: Sableye|Leech Seed|p2a: Trevenant|[from]Magic Bounce|[miss]
|-miss|p1a: Sableye|p2a: Trevenant
|move|p1a: Sableye|Recover|p1a: Sableye
|-heal|p1a: Sableye|303\/303 psn
|
|-damage|p1a: Sableye|266\/303 psn|[from] psn
|turn|20
|c|★hpareS|lol
|c|★hpareS|I wasn't sure
|
|move|p2a: Trevenant|Shadow Claw|p1a: Sableye
|-damage|p1a: Sableye|211\/303 psn
|move|p1a: Sableye|Dark Pulse|p2a: Trevenant
|-supereffective|p2a: Trevenant
|-damage|p2a: Trevenant|38\/374
|
|-heal|p2a: Trevenant|61\/374|[from] item: Leftovers
|-damage|p1a: Sableye|174\/303 psn|[from] psn
|turn|21
|
|move|p2a: Trevenant|Rest|p2a: Trevenant
|-status|p2a: Trevenant|slp
|-heal|p2a: Trevenant|374\/374 slp|[silent]
|-status|p2a: Trevenant|slp|[from] move: Rest
|move|p1a: Sableye|Recover|p1a: Sableye
|-heal|p1a: Sableye|303\/303 psn
|
|-damage|p1a: Sableye|266\/303 psn|[from] psn
|turn|22
|
|switch|p2a: Doublade|Doublade, M|322\/322
|move|p1a: Sableye|Dark Pulse|p2a: Doublade
|-supereffective|p2a: Doublade
|-damage|p2a: Doublade|46\/322
|
|-damage|p1a: Sableye|229\/303 psn|[from] psn
|turn|23
|
|move|p1a: Sableye|Dark Pulse|p2a: Doublade
|-supereffective|p2a: Doublade
|-damage|p2a: Doublade|0 fnt
|faint|p2a: Doublade
|
|-damage|p1a: Sableye|192\/303 psn|[from] psn
|c|★hpareS|I believe I lost
|c|★hpareS|Not mad though
|c|★Hallucination|gg
|
|switch|p2a: Trevenant|Trevenant, F|374\/374
|turn|24
|c|★hpareS|The team options were VERY limited
|c|★Hallucination|yeah
|
|move|p2a: Trevenant|Shadow Claw|p1a: Sableye
|-damage|p1a: Sableye|138\/303 psn
|move|p1a: Sableye|Recover|p1a: Sableye
|-heal|p1a: Sableye|290\/303 psn
|
|-damage|p1a: Sableye|253\/303 psn|[from] psn
|turn|25
|
|move|p2a: Trevenant|Shadow Claw|p1a: Sableye
|-damage|p1a: Sableye|201\/303 psn
|move|p1a: Sableye|Dark Pulse|p2a: Trevenant
|-supereffective|p2a: Trevenant
|-damage|p2a: Trevenant|14\/374
|
|-heal|p2a: Trevenant|37\/374|[from] item: Leftovers
|-damage|p1a: Sableye|164\/303 psn|[from] psn
|turn|26
|c|★hpareS|Three pokes weak to dark
|c|★hpareS|Then there is mega sableye
|
|move|p2a: Trevenant|Rest|p2a: Trevenant
|-status|p2a: Trevenant|slp
|-heal|p2a: Trevenant|374\/374 slp|[silent]
|-status|p2a: Trevenant|slp|[from] move: Rest
|move|p1a: Sableye|Recover|p1a: Sableye
|-heal|p1a: Sableye|303\/303 psn
|
|-damage|p1a: Sableye|266\/303 psn|[from] psn
|turn|27
|
|switch|p2a: Avalugg|Avalugg, M|393\/393 brn
|move|p1a: Sableye|Calm Mind|p1a: Sableye
|-boost|p1a: Sableye|spa|1
|-boost|p1a: Sableye|spd|1
|
|-damage|p2a: Avalugg|344\/393 brn|[from] brn
|-damage|p1a: Sableye|229\/303 psn|[from] psn
|turn|28
|
|move|p1a: Sableye|Dark Pulse|p2a: Avalugg
|-damage|p2a: Avalugg|43\/393 brn
|move|p2a: Avalugg|Avalanche|p1a: Sableye
|-damage|p1a: Sableye|183\/303 psn
|
|-heal|p2a: Avalugg|67\/393 brn|[from] item: Leftovers
|-damage|p2a: Avalugg|18\/393 brn|[from] brn
|-damage|p1a: Sableye|146\/303 psn|[from] psn
|turn|29
|
|move|p1a: Sableye|Recover|p1a: Sableye
|-heal|p1a: Sableye|298\/303 psn
|move|p2a: Avalugg|Avalanche|p1a: Sableye
|-damage|p1a: Sableye|274\/303 psn
|
|-heal|p2a: Avalugg|42\/393 brn|[from] item: Leftovers
|-damage|p2a: Avalugg|0 fnt|[from] brn
|-damage|p1a: Sableye|237\/303 psn|[from] psn
|faint|p2a: Avalugg
|c|★hpareS|Tbh roar should go through magic bounce e.e
|
|switch|p2a: Gengar|Gengar, F|263\/263
|turn|30
|c|★Hallucination|nah
|c|★hpareS|Well in this situation it'd be nice lol
|c|★hpareS|In the normal meta you have based clef
|
|move|p2a: Gengar|Hex|p1a: Sableye
|-damage|p1a: Sableye|195\/303 psn
|move|p1a: Sableye|Dark Pulse|p2a: Gengar
|-supereffective|p2a: Gengar
|-damage|p2a: Gengar|0 fnt
|faint|p2a: Gengar
|
|-damage|p1a: Sableye|158\/303 psn|[from] psn
|c|★Hallucination|gg
|
|switch|p2a: Trevenant|Trevenant, F|374\/374
|turn|31
|c|★hpareS|gg
|c|★hpareS|Want to have a real battle?
|c|★Hallucination|nah im tired
|c|★hpareS|With real teams?
|c|★hpareS|k
|
|move|p2a: Trevenant|Shadow Claw|p1a: Sableye
|-damage|p1a: Sableye|109\/303 psn
|move|p1a: Sableye|Dark Pulse|p2a: Trevenant
|-supereffective|p2a: Trevenant
|-damage|p2a: Trevenant|0 fnt
|faint|p2a: Trevenant
|
|win|Hallucination
|leave|hpareS
|player|p2
|leave|Viiolite