|join|Hallucination
|join|kingari
|player|p1|Hallucination|276
|player|p2|kingari|265
|gametype|singles
|gen|6
|tier|OU
|rated
|clearpoke
|poke|p1|Gallade, M
|poke|p1|Bisharp, F
|poke|p1|Landorus-Therian, M
|poke|p1|Talonflame, F
|poke|p1|Latias, F
|poke|p1|Empoleon, F
|poke|p2|Aggron, M
|poke|p2|Camerupt, M
|poke|p2|Greninja, F
|poke|p2|Gallade, M
|poke|p2|Zapdos
|poke|p2|Kyurem
|rule|Swagger Clause: Swagger is banned
|rule|Baton Pass Clause: Limit one Pokémon knowing Baton Pass
|rule|Sleep Clause Mod: Limit one foe put to sleep
|rule|Species Clause: Limit one of each Pokémon
|rule|OHKO Clause: OHKO moves are banned
|rule|Moody Clause: Moody is banned
|rule|Evasion Moves Clause: Evasion moves are banned
|rule|Endless Battle Clause: Forcing endless battles is banned
|rule|HP Percentage Mod: HP is shown in percentages
|teampreview
|
|start
|switch|p1a: Landorus-Therian|Landorus-Therian, M|320\/320
|switch|p2a: Aggron|Aggron, M|344\/344
|-ability|p1a: Landorus-Therian|Intimidate|[of] p2a: Aggron
|-unboost|p2a: Aggron|atk|1
|turn|1
|
|move|p1a: Landorus-Therian|Earthquake|p2a: Aggron
|-supereffective|p2a: Aggron
|-activate|p2a: Aggron|Sturdy
|-damage|p2a: Aggron|1\/344
|move|p2a: Aggron|Stealth Rock|p1a: Landorus-Therian
|-sidestart|p1: Hallucination|move: Stealth Rock
|
|turn|2
|
|switch|p1a: Latias|Latias, F|302\/302
|-damage|p1a: Latias|265\/302|[from] Stealth Rock
|move|p2a: Aggron|Iron Head|p1a: Latias
|-damage|p1a: Latias|171\/302
|
|-heal|p1a: Latias|189\/302|[from] item: Leftovers
|turn|3
|
|move|p1a: Latias|Defog|p2a: Aggron
|-unboost|p2a: Aggron|evasion|1
|-sideend|p1: Hallucination|Stealth Rock|[from] move: Defog|[of] p1a: Latias
|move|p2a: Aggron|Thunder Wave|p1a: Latias
|-status|p1a: Latias|par
|
|-heal|p1a: Latias|207\/302 par|[from] item: Leftovers
|turn|4
|
|move|p2a: Aggron|Iron Head|p1a: Latias
|-damage|p1a: Latias|101\/302 par
|cant|p1a: Latias|par
|
|-heal|p1a: Latias|119\/302 par|[from] item: Leftovers
|turn|5
|
|move|p2a: Aggron|Stealth Rock|p1a: Latias
|-sidestart|p1: Hallucination|move: Stealth Rock
|cant|p1a: Latias|par
|
|-heal|p1a: Latias|137\/302 par|[from] item: Leftovers
|turn|6
|
|move|p2a: Aggron|Iron Head|p1a: Latias
|-damage|p1a: Latias|35\/302 par
|move|p1a: Latias|Defog|p2a: Aggron
|-unboost|p2a: Aggron|evasion|1
|-sideend|p1: Hallucination|Stealth Rock|[from] move: Defog|[of] p1a: Latias
|
|-heal|p1a: Latias|53\/302 par|[from] item: Leftovers
|turn|7
|
|move|p2a: Aggron|Stealth Rock|p1a: Latias
|-sidestart|p1: Hallucination|move: Stealth Rock
|move|p1a: Latias|Roost|p1a: Latias
|-heal|p1a: Latias|204\/302 par
|
|-heal|p1a: Latias|222\/302 par|[from] item: Leftovers
|turn|8
|
|move|p2a: Aggron|Iron Head|p1a: Latias
|-damage|p1a: Latias|120\/302 par
|cant|p1a: Latias|flinch
|
|-heal|p1a: Latias|138\/302 par|[from] item: Leftovers
|turn|9
|
|move|p2a: Aggron|Iron Head|p1a: Latias
|-damage|p1a: Latias|44\/302 par
|cant|p1a: Latias|par
|
|-heal|p1a: Latias|62\/302 par|[from] item: Leftovers
|turn|10
|c|★Hallucination|thats not cool
|
|move|p2a: Aggron|Iron Head|p1a: Latias
|-damage|p1a: Latias|0 fnt
|faint|p1a: Latias
|
|
|switch|p1a: Landorus-Therian|Landorus-Therian, M|320\/320
|-damage|p1a: Landorus-Therian|280\/320|[from] Stealth Rock
|-ability|p1a: Landorus-Therian|Intimidate|[of] p2a: Aggron
|-unboost|p2a: Aggron|atk|1
|turn|11
|
|move|p1a: Landorus-Therian|U-turn|p2a: Aggron
|-resisted|p2a: Aggron
|-damage|p2a: Aggron|0 fnt
|faint|p2a: Aggron
|c|★kingari|defog isn't cool neither but I shouldn't be talking cause I'm testing a zapdos
|
|switch|p1a: Gallade|Gallade, M|277\/277
|-damage|p1a: Gallade|260\/277|[from] Stealth Rock
|
|c|★Hallucination|no i meant the absurd amount of paras
|
|switch|p2a: Gallade|Gallade, M|340\/340
|turn|12
|c|★Hallucination|PS is fucking broken with that shit
|c|★kingari|lol yea
|
|detailschange|p1a: Gallade|Gallade-Mega, M
|message|Gallade has Mega Evolved into Mega Gallade!
|move|p1a: Gallade|Psycho Cut|p2a: Gallade
|-damage|p2a: Gallade|123\/340
|move|p2a: Gallade|Knock Off|p1a: Gallade
|-damage|p1a: Gallade|176\/277
|
|turn|13
|
|switch|p2a: Zapdos|Zapdos|384\/384
|-ability|p2a: Zapdos|Pressure
|move|p1a: Gallade|Swords Dance|p1a: Gallade
|-boost|p1a: Gallade|atk|2
|
|turn|14
|
|move|p1a: Gallade|Psycho Cut|p2a: Zapdos
|-damage|p2a: Zapdos|138\/384
|move|p2a: Zapdos|Thunderbolt|p1a: Gallade
|-damage|p1a: Gallade|52\/277
|
|-heal|p2a: Zapdos|162\/384|[from] item: Leftovers
|turn|15
|
|switch|p2a: Gallade|Gallade, M|123\/340
|move|p1a: Gallade|Psycho Cut|p2a: Gallade
|-damage|p2a: Gallade|0 fnt
|faint|p2a: Gallade
|
|
|switch|p2a: Greninja|Greninja, F|286\/286
|turn|16
|
|move|p2a: Greninja|Night Slash|p1a: Gallade
|-damage|p1a: Gallade|0 fnt
|-damage|p2a: Greninja|258\/286|[from] item: Life Orb
|faint|p1a: Gallade
|
|c|★kingari|oops forgot protean lolz
|
|switch|p1a: Empoleon|Empoleon, F|372\/372
|-damage|p1a: Empoleon|349\/372|[from] Stealth Rock
|turn|17
|
|move|p2a: Greninja|U-turn|p1a: Empoleon
|-resisted|p1a: Empoleon
|-damage|p1a: Empoleon|315\/372
|-damage|p2a: Greninja|230\/286|[from] item: Life Orb
|
|switch|p2a: Kyurem|Kyurem|392\/392
|-ability|p2a: Kyurem|Pressure
|move|p1a: Empoleon|Stealth Rock|p2a: Kyurem
|-sidestart|p2: kingari|move: Stealth Rock
|
|-heal|p1a: Empoleon|338\/372|[from] item: Leftovers
|turn|18
|
|move|p2a: Kyurem|Focus Blast|p1a: Empoleon|[miss]
|-miss|p2a: Kyurem|p1a: Empoleon
|move|p1a: Empoleon|Roar|p2a: Kyurem
|drag|p2a: Zapdos|Zapdos|162\/384
|-damage|p2a: Zapdos|66\/384|[from] Stealth Rock
|-ability|p2a: Zapdos|Pressure
|
|-heal|p2a: Zapdos|90\/384|[from] item: Leftovers
|-heal|p1a: Empoleon|361\/372|[from] item: Leftovers
|turn|19
|
|move|p2a: Zapdos|Roost|p2a: Zapdos
|-heal|p2a: Zapdos|282\/384
|move|p1a: Empoleon|Scald|p2a: Zapdos
|-damage|p2a: Zapdos|162\/384
|
|-heal|p2a: Zapdos|186\/384|[from] item: Leftovers
|-heal|p1a: Empoleon|372\/372|[from] item: Leftovers
|turn|20
|
|move|p2a: Zapdos|Roost|p2a: Zapdos
|-heal|p2a: Zapdos|378\/384
|move|p1a: Empoleon|Scald|p2a: Zapdos
|-damage|p2a: Zapdos|264\/384
|
|-heal|p2a: Zapdos|288\/384|[from] item: Leftovers
|turn|21
|
|switch|p1a: Landorus-Therian|Landorus-Therian, M|280\/320
|-damage|p1a: Landorus-Therian|240\/320|[from] Stealth Rock
|-ability|p1a: Landorus-Therian|Intimidate|[of] p2a: Zapdos
|-unboost|p2a: Zapdos|atk|1
|move|p2a: Zapdos|Thunderbolt|p1a: Landorus-Therian
|-immune|p1a: Landorus-Therian|[msg]
|
|-heal|p2a: Zapdos|312\/384|[from] item: Leftovers
|turn|22
|
|move|p1a: Landorus-Therian|Knock Off|p2a: Zapdos
|-crit|p2a: Zapdos
|-damage|p2a: Zapdos|151\/384
|-enditem|p2a: Zapdos|Leftovers|[from] move: Knock Off|[of] p1a: Landorus-Therian
|move|p2a: Zapdos|Heat Wave|p1a: Landorus-Therian
|-crit|p1a: Landorus-Therian
|-damage|p1a: Landorus-Therian|72\/320
|
|turn|23
|
|switch|p1a: Bisharp|Bisharp, F|282\/282
|-damage|p1a: Bisharp|265\/282|[from] Stealth Rock
|move|p2a: Zapdos|Roost|p2a: Zapdos
|-heal|p2a: Zapdos|343\/384
|
|turn|24
|
|move|p2a: Zapdos|Heat Wave|p1a: Bisharp
|-supereffective|p1a: Bisharp
|-damage|p1a: Bisharp|41\/282
|move|p1a: Bisharp|Knock Off|p2a: Zapdos
|-damage|p2a: Zapdos|217\/384
|
|turn|25
|
|move|p1a: Bisharp|Sucker Punch|p2a: Zapdos
|-fail|p2a: Zapdos
|move|p2a: Zapdos|Roost|p2a: Zapdos
|-heal|p2a: Zapdos|384\/384
|
|turn|26
|
|move|p1a: Bisharp|Sucker Punch|p2a: Zapdos
|-damage|p2a: Zapdos|246\/384
|move|p2a: Zapdos|Heat Wave|p1a: Bisharp
|-supereffective|p1a: Bisharp
|-damage|p1a: Bisharp|0 fnt
|faint|p1a: Bisharp
|
|
|switch|p1a: Landorus-Therian|Landorus-Therian, M|72\/320
|-damage|p1a: Landorus-Therian|32\/320|[from] Stealth Rock
|-ability|p1a: Landorus-Therian|Intimidate|[of] p2a: Zapdos
|-unboost|p2a: Zapdos|atk|1
|turn|27
|
|move|p1a: Landorus-Therian|Stone Edge|p2a: Zapdos
|-supereffective|p2a: Zapdos
|-damage|p2a: Zapdos|12\/384
|move|p2a: Zapdos|Roost|p2a: Zapdos
|-heal|p2a: Zapdos|204\/384
|
|turn|28
|
|move|p1a: Landorus-Therian|Stone Edge|p2a: Zapdos
|-supereffective|p2a: Zapdos
|-damage|p2a: Zapdos|0 fnt
|faint|p2a: Zapdos
|
|
|switch|p2a: Greninja|Greninja, F|230\/286
|-damage|p2a: Greninja|195\/286|[from] Stealth Rock
|turn|29
|
|move|p1a: Landorus-Therian|Stone Edge|p2a: Greninja
|-damage|p2a: Greninja|31\/286
|move|p2a: Greninja|U-turn|p1a: Landorus-Therian
|-resisted|p1a: Landorus-Therian
|-damage|p1a: Landorus-Therian|0 fnt
|-damage|p2a: Greninja|3\/286|[from] item: Life Orb
|faint|p1a: Landorus-Therian
|
|switch|p2a: Camerupt|Camerupt, M|282\/282
|-damage|p2a: Camerupt|247\/282|[from] Stealth Rock
|
|
|switch|p1a: Empoleon|Empoleon, F|372\/372
|-damage|p1a: Empoleon|349\/372|[from] Stealth Rock
|turn|30
|
|detailschange|p2a: Camerupt|Camerupt-Mega, M
|message|Camerupt has Mega Evolved into Mega Camerupt!
|move|p2a: Camerupt|Earth Power|p1a: Empoleon
|-supereffective|p1a: Empoleon
|-damage|p1a: Empoleon|0 fnt
|faint|p1a: Empoleon
|
|c|★Hallucination|are you running speed?
|
|switch|p1a: Talonflame|Talonflame, F|317\/317
|-damage|p1a: Talonflame|159\/317|[from] Stealth Rock
|turn|31
|c|★kingari|yup
|c|★kingari|rock polish set
|
|move|p1a: Talonflame|Roost|p1a: Talonflame
|-heal|p1a: Talonflame|317\/317
|move|p2a: Camerupt|Fire Blast|p1a: Talonflame
|-resisted|p1a: Talonflame
|-damage|p1a: Talonflame|143\/317
|
|turn|32
|
|move|p1a: Talonflame|Roost|p1a: Talonflame
|-heal|p1a: Talonflame|302\/317
|move|p2a: Camerupt|Earth Power|p1a: Talonflame
|-supereffective|p1a: Talonflame
|-damage|p1a: Talonflame|0 fnt
|faint|p1a: Talonflame
|
|win|kingari
|raw|Ladder updating...
|c|★kingari|gg
|raw|Hallucination's rating: 1336 &rarr; <strong>1315<\/strong><br \/>(-21 for losing)
|raw|kingari's rating: 1321 &rarr; <strong>1342<\/strong><br \/>(+21 for winning)
|leave|Hallucination
|player|p1