|join|ULT C. Express
|join|SoFabolous
|player|p1|ULT C. Express|226
|player|p2|SoFabolous|291
|gametype|singles
|gen|6
|tier|UU
|rated
|rule|Sleep Clause Mod: Limit one foe put to sleep
|rule|Species Clause: Limit one of each Pokémon
|rule|OHKO Clause: OHKO moves are banned
|rule|Moody Clause: Moody is banned
|rule|Evasion Moves Clause: Evasion moves are banned
|rule|Endless Battle Clause: Forcing endless battles is banned
|rule|HP Percentage Mod: HP is shown in percentages
|clearpoke
|poke|p1|Abomasnow, M
|poke|p1|Suicune
|poke|p1|Crobat, M
|poke|p1|Umbreon, F
|poke|p1|Nidoqueen, F
|poke|p1|Jirachi
|poke|p2|Swampert, F
|poke|p2|Abomasnow, M
|poke|p2|Entei, shiny
|poke|p2|Crobat, F
|poke|p2|Hydreigon, M
|poke|p2|Lucario, F
|rule|Swagger Clause: Swagger is banned
|rule|Baton Pass Clause: Limit one Pokémon knowing Baton Pass
|teampreview
|
|start
|switch|p1a: Freezezy Peak|Abomasnow, M|367\/367
|switch|p2a: Entei|Entei, shiny|371\/371
|-ability|p2a: Entei|Pressure
|-weather|Hail
|turn|1
|
|switch|p1a: Aquatarkus|Suicune|404\/404
|-ability|p1a: Aquatarkus|Pressure
|move|p2a: Entei|Sacred Fire|p1a: Aquatarkus
|-resisted|p1a: Aquatarkus
|-damage|p1a: Aquatarkus|340\/404
|-status|p1a: Aquatarkus|brn
|
|-weather|Hail|[upkeep]
|-damage|p2a: Entei|348\/371|[from] hail
|-damage|p1a: Aquatarkus|315\/404 brn|[from] hail
|-heal|p1a: Aquatarkus|340\/404 brn|[from] item: Leftovers
|-damage|p1a: Aquatarkus|290\/404 brn|[from] brn
|turn|2
|
|switch|p2a: Abomasnow|Abomasnow, M|364\/364
|switch|p1a: Czarina|Nidoqueen, F|345\/345
|
|-weather|Hail|[upkeep]
|-damage|p1a: Czarina|324\/345|[from] hail
|turn|3
|
|switch|p2a: Crobat|Crobat, F|373\/373
|move|p1a: Czarina|Sludge Wave|p2a: Crobat
|-resisted|p2a: Crobat
|-damage|p2a: Crobat|251\/373
|
|-weather|Hail|[upkeep]
|-damage|p2a: Crobat|228\/373|[from] hail
|-damage|p1a: Czarina|303\/345|[from] hail
|-heal|p2a: Crobat|251\/373|[from] item: Black Sludge
|turn|4
|
|move|p2a: Crobat|Brave Bird|p1a: Czarina
|-damage|p1a: Czarina|158\/345
|-damage|p2a: Crobat|203\/373|[from] recoil|[of] p1a: Czarina
|move|p1a: Czarina|Thunderbolt|p2a: Crobat
|-supereffective|p2a: Crobat
|-damage|p2a: Crobat|0 fnt
|faint|p2a: Crobat
|
|-weather|Hail|[upkeep]
|-damage|p1a: Czarina|137\/345|[from] hail
|
|switch|p2a: Abomasnow|Abomasnow, M|364\/364
|turn|5
|
|switch|p1a: Shoot Star|Jirachi|341\/341
|detailschange|p2a: Abomasnow|Abomasnow-Mega, M
|-mega|p2a: Abomasnow|Abomasnow|Abomasite
|move|p2a: Abomasnow|Ice Shard|p1a: Shoot Star
|-resisted|p1a: Shoot Star
|-damage|p1a: Shoot Star|307\/341
|
|-weather|none
|turn|6
|
|switch|p2a: Lucario|Lucario, F|281\/281
|move|p1a: Shoot Star|U-turn|p2a: Lucario
|-resisted|p2a: Lucario
|-damage|p2a: Lucario|258\/281
|
|switch|p1a: Purple Haze|Crobat, M|355\/355
|
|turn|7
|
|move|p1a: Purple Haze|Brave Bird|p2a: Lucario
|-damage|p2a: Lucario|47\/281
|-damage|p1a: Purple Haze|285\/355|[from] recoil|[of] p2a: Lucario
|move|p2a: Lucario|Ice Punch|p1a: Purple Haze
|-supereffective|p1a: Purple Haze
|-damage|p1a: Purple Haze|9\/355
|-damage|p2a: Lucario|19\/281|[from] item: Life Orb
|
|-heal|p1a: Purple Haze|31\/355|[from] item: Black Sludge
|turn|8
|
|switch|p1a: Shoot Star|Jirachi|307\/341
|move|p2a: Lucario|Close Combat|p1a: Shoot Star
|-crit|p1a: Shoot Star
|-damage|p1a: Shoot Star|0 fnt
|-unboost|p2a: Lucario|def|1
|-unboost|p2a: Lucario|spd|1
|-damage|p2a: Lucario|0 fnt|[from] item: Life Orb
|faint|p1a: Shoot Star
|faint|p2a: Lucario
|
|
|switch|p1a: Aquatarkus|Suicune|290\/404 brn
|switch|p2a: Abomasnow|Abomasnow-Mega, M|364\/364
|-ability|p1a: Aquatarkus|Pressure
|-weather|Hail
|turn|9
|
|switch|p1a: Shadowplay|Umbreon, F|390\/390
|move|p2a: Abomasnow|Giga Drain|p1a: Shadowplay
|-damage|p1a: Shadowplay|308\/390
|
|-weather|Hail|[upkeep]
|-damage|p1a: Shadowplay|284\/390|[from] hail
|-heal|p1a: Shadowplay|308\/390|[from] item: Leftovers
|turn|10
|
|move|p1a: Shadowplay|Foul Play|p2a: Abomasnow
|-damage|p2a: Abomasnow|225\/364
|move|p2a: Abomasnow|Blizzard|p1a: Shadowplay
|-damage|p1a: Shadowplay|170\/390
|
|-weather|Hail|[upkeep]
|-damage|p1a: Shadowplay|146\/390|[from] hail
|-heal|p1a: Shadowplay|170\/390|[from] item: Leftovers
|turn|11
|
|switch|p2a: Swampert|Swampert, F|401\/401
|move|p1a: Shadowplay|Wish|p1a: Shadowplay
|
|-weather|Hail|[upkeep]
|-damage|p1a: Shadowplay|146\/390|[from] hail
|-damage|p2a: Swampert|376\/401|[from] hail
|-heal|p1a: Shadowplay|170\/390|[from] item: Leftovers
|-heal|p2a: Swampert|401\/401|[from] item: Leftovers
|turn|12
|
|move|p1a: Shadowplay|Foul Play|p2a: Swampert
|-crit|p2a: Swampert
|-damage|p2a: Swampert|265\/401
|move|p2a: Swampert|Scald|p1a: Shadowplay
|-crit|p1a: Shadowplay
|-damage|p1a: Shadowplay|94\/390
|
|-weather|Hail|[upkeep]
|-damage|p1a: Shadowplay|70\/390|[from] hail
|-damage|p2a: Swampert|240\/401|[from] hail
|-heal|p1a: Shadowplay|265\/390|[from] move: Wish|[wisher] Shadowplay
|-heal|p1a: Shadowplay|289\/390|[from] item: Leftovers
|-heal|p2a: Swampert|265\/401|[from] item: Leftovers
|turn|13
|
|move|p1a: Shadowplay|Heal Bell|p1a: Shadowplay
|-cureteam|p1a: Shadowplay|[from] move: HealBell
|move|p2a: Swampert|Stealth Rock|p1a: Shadowplay
|-sidestart|p1: ULT C. Express|move: Stealth Rock
|
|-weather|none
|-heal|p1a: Shadowplay|313\/390|[from] item: Leftovers
|-heal|p2a: Swampert|290\/401|[from] item: Leftovers
|turn|14
|
|move|p1a: Shadowplay|Wish|p1a: Shadowplay
|move|p2a: Swampert|Scald|p1a: Shadowplay
|-damage|p1a: Shadowplay|261\/390
|
|-heal|p1a: Shadowplay|285\/390|[from] item: Leftovers
|-heal|p2a: Swampert|315\/401|[from] item: Leftovers
|turn|15
|
|switch|p2a: Entei|Entei, shiny|348\/371
|-ability|p2a: Entei|Pressure
|move|p1a: Shadowplay|Foul Play|p2a: Entei
|-damage|p2a: Entei|150\/371
|
|-heal|p1a: Shadowplay|390\/390|[from] move: Wish|[wisher] Shadowplay
|turn|16
|
|switch|p2a: Hydreigon|Hydreigon, M|325\/325
|move|p1a: Shadowplay|Foul Play|p2a: Hydreigon
|-resisted|p2a: Hydreigon
|-damage|p2a: Hydreigon|250\/325
|
|turn|17
|
|move|p2a: Hydreigon|U-turn|p1a: Shadowplay
|-supereffective|p1a: Shadowplay
|-damage|p1a: Shadowplay|278\/390
|
|switch|p2a: Abomasnow|Abomasnow-Mega, M|225\/364
|-weather|Hail
|move|p1a: Shadowplay|Wish|p1a: Shadowplay
|
|-weather|Hail|[upkeep]
|-damage|p1a: Shadowplay|254\/390|[from] hail
|-heal|p1a: Shadowplay|278\/390|[from] item: Leftovers
|turn|18
|
|move|p1a: Shadowplay|Foul Play|p2a: Abomasnow
|-damage|p2a: Abomasnow|69\/364
|move|p2a: Abomasnow|Blizzard|p1a: Shadowplay
|-damage|p1a: Shadowplay|139\/390
|
|-weather|Hail|[upkeep]
|-damage|p1a: Shadowplay|115\/390|[from] hail
|-heal|p1a: Shadowplay|310\/390|[from] move: Wish|[wisher] Shadowplay
|-heal|p1a: Shadowplay|334\/390|[from] item: Leftovers
|turn|19
|
|move|p1a: Shadowplay|Foul Play|p2a: Abomasnow
|-damage|p2a: Abomasnow|0 fnt
|faint|p2a: Abomasnow
|
|-weather|Hail|[upkeep]
|-damage|p1a: Shadowplay|310\/390|[from] hail
|-heal|p1a: Shadowplay|334\/390|[from] item: Leftovers
|
|switch|p2a: Entei|Entei, shiny|150\/371
|-ability|p2a: Entei|Pressure
|turn|20
|
|move|p2a: Entei|Sacred Fire|p1a: Shadowplay
|-damage|p1a: Shadowplay|163\/390
|-status|p1a: Shadowplay|brn
|move|p1a: Shadowplay|Foul Play|p2a: Entei
|-damage|p2a: Entei|56\/371
|
|-weather|Hail|[upkeep]
|-damage|p2a: Entei|33\/371|[from] hail
|-damage|p1a: Shadowplay|139\/390 brn|[from] hail
|-heal|p1a: Shadowplay|163\/390 brn|[from] item: Leftovers
|-damage|p1a: Shadowplay|115\/390 brn|[from] brn
|turn|21
|
|move|p2a: Entei|Sacred Fire|p1a: Shadowplay
|-damage|p1a: Shadowplay|0 fnt
|faint|p1a: Shadowplay
|
|-weather|none
|
|switch|p1a: Aquatarkus|Suicune|290\/404
|-damage|p1a: Aquatarkus|240\/404|[from] Stealth Rock
|-ability|p1a: Aquatarkus|Pressure
|turn|22
|
|switch|p2a: Swampert|Swampert, F|315\/401
|move|p1a: Aquatarkus|Scald|p2a: Swampert
|-damage|p2a: Swampert|228\/401
|-status|p2a: Swampert|brn
|
|-heal|p1a: Aquatarkus|265\/404|[from] item: Leftovers
|-heal|p2a: Swampert|253\/401 brn|[from] item: Leftovers
|-damage|p2a: Swampert|203\/401 brn|[from] brn
|turn|23
|
|move|p1a: Aquatarkus|Substitute|p1a: Aquatarkus
|-start|p1a: Aquatarkus|Substitute
|-damage|p1a: Aquatarkus|164\/404
|move|p2a: Swampert|Roar|p1a: Aquatarkus
|drag|p1a: Purple Haze|Crobat, M|31\/355
|-damage|p1a: Purple Haze|0 fnt|[from] Stealth Rock
|faint|p1a: Purple Haze
|
|-heal|p2a: Swampert|228\/401 brn|[from] item: Leftovers
|-damage|p2a: Swampert|178\/401 brn|[from] brn
|
|switch|p1a: Freezezy Peak|Abomasnow, M|367\/367
|-damage|p1a: Freezezy Peak|276\/367|[from] Stealth Rock
|-weather|Hail
|turn|24
|
|move|p1a: Freezezy Peak|Swords Dance|p1a: Freezezy Peak
|-boost|p1a: Freezezy Peak|atk|2
|move|p2a: Swampert|Roar|p1a: Freezezy Peak
|drag|p1a: Aquatarkus|Suicune|164\/404
|-damage|p1a: Aquatarkus|114\/404|[from] Stealth Rock
|-ability|p1a: Aquatarkus|Pressure
|
|-weather|Hail|[upkeep]
|-damage|p1a: Aquatarkus|89\/404|[from] hail
|-damage|p2a: Swampert|153\/401 brn|[from] hail
|-heal|p1a: Aquatarkus|114\/404|[from] item: Leftovers
|-heal|p2a: Swampert|178\/401 brn|[from] item: Leftovers
|-damage|p2a: Swampert|128\/401 brn|[from] brn
|turn|25
|
|move|p1a: Aquatarkus|Scald|p2a: Swampert
|-damage|p2a: Swampert|28\/401 brn
|move|p2a: Swampert|Roar|p1a: Aquatarkus
|drag|p1a: Freezezy Peak|Abomasnow, M|276\/367
|-damage|p1a: Freezezy Peak|185\/367|[from] Stealth Rock
|
|-weather|Hail|[upkeep]
|-damage|p2a: Swampert|3\/401 brn|[from] hail
|-heal|p2a: Swampert|28\/401 brn|[from] item: Leftovers
|-damage|p2a: Swampert|0 fnt|[from] brn
|faint|p2a: Swampert
|
|switch|p2a: Entei|Entei, shiny|33\/371
|-ability|p2a: Entei|Pressure
|turn|26
|
|detailschange|p1a: Freezezy Peak|Abomasnow-Mega, M
|-mega|p1a: Freezezy Peak|Abomasnow|Abomasite
|move|p2a: Entei|Extreme Speed|p1a: Freezezy Peak
|-crit|p1a: Freezezy Peak
|-damage|p1a: Freezezy Peak|37\/367
|move|p1a: Freezezy Peak|Ice Shard|p2a: Entei
|-resisted|p2a: Entei
|-damage|p2a: Entei|0 fnt
|faint|p2a: Entei
|
|-weather|Hail|[upkeep]
|
|switch|p2a: Hydreigon|Hydreigon, M|250\/325
|turn|27
|
|move|p1a: Freezezy Peak|Ice Shard|p2a: Hydreigon
|-supereffective|p2a: Hydreigon
|-damage|p2a: Hydreigon|68\/325
|move|p2a: Hydreigon|Dragon Pulse|p1a: Freezezy Peak
|-damage|p1a: Freezezy Peak|0 fnt
|faint|p1a: Freezezy Peak
|
|-weather|Hail|[upkeep]
|-damage|p2a: Hydreigon|48\/325|[from] hail
|c|★ULT C. Express|bg
|leave|ULT C. Express
|player|p1
|-message|ultcexpress lost due to inactivity.
|
|win|SoFabolous
|raw|Ladder updating...
|raw|ULT C. Express's rating: 1363 &rarr; <strong>1338<\/strong><br \/>(-25 for losing)
|raw|SoFabolous's rating: 1285 &rarr; <strong>1315<\/strong><br \/>(+30 for winning)