|join|Kaisermattia
|join|GreatLuke
|player|p1|Kaisermattia|52
|player|p2|GreatLuke|292
|gametype|singles
|gen|6
|tier|OU
|rated
|clearpoke
|poke|p1|Crobat, M, shiny
|poke|p1|Houndoom, F
|poke|p1|Gligar, F
|poke|p1|Greninja, M
|poke|p1|Klinklang
|poke|p1|Gengar, M
|poke|p2|Barbaracle, M, shiny
|poke|p2|Manaphy
|poke|p2|Victini
|poke|p2|Espeon, M
|poke|p2|Diggersby, F
|poke|p2|Salamence, M
|rule|Swagger Clause: Swagger is banned
|rule|Baton Pass Clause: Limit one Pokémon knowing Baton Pass
|rule|Sleep Clause Mod: Limit one foe put to sleep
|rule|Species Clause: Limit one of each Pokémon
|rule|OHKO Clause: OHKO moves are banned
|rule|Moody Clause: Moody is banned
|rule|Evasion Moves Clause: Evasion moves are banned
|rule|Endless Battle Clause: Forcing endless battles is banned
|rule|HP Percentage Mod: HP is shown in percentages
|teampreview
|
|start
|switch|p1a: fabolouse|Crobat, M, shiny|311\/311
|switch|p2a: Manaphy|Manaphy|342\/342
|turn|1
|
|switch|p2a: Espeon|Espeon, M|272\/272
|move|p1a: fabolouse|Taunt|p2a: Espeon
|move|p2a: Espeon|Taunt|p1a: fabolouse|[from]Magic Bounce
|-start|p1a: fabolouse|move: Taunt
|
|turn|2
|
|move|p1a: fabolouse|X-Scissor|p2a: Espeon
|-supereffective|p2a: Espeon
|-damage|p2a: Espeon|0 fnt
|-damage|p1a: fabolouse|280\/311|[from] item: Life Orb
|faint|p2a: Espeon
|
|
|switch|p2a: Barbaracle|Barbaracle, M, shiny|286\/286
|turn|3
|
|switch|p1a: Gargli|Gligar, F|334\/334
|move|p2a: Barbaracle|Razor Shell|p1a: Gargli
|-crit|p1a: Gargli
|-supereffective|p1a: Gargli
|-damage|p1a: Gargli|82\/334
|-unboost|p1a: Gargli|def|1
|
|turn|4
|
|move|p2a: Barbaracle|Shell Smash|p2a: Barbaracle
|-boost|p2a: Barbaracle|atk|2
|-boost|p2a: Barbaracle|spa|2
|-boost|p2a: Barbaracle|spe|2
|-unboost|p2a: Barbaracle|def|1
|-unboost|p2a: Barbaracle|spd|1
|move|p1a: Gargli|Stealth Rock|p2a: Barbaracle
|-sidestart|p2: GreatLuke|move: Stealth Rock
|
|turn|5
|
|move|p2a: Barbaracle|Razor Shell|p1a: Gargli
|-supereffective|p1a: Gargli
|-damage|p1a: Gargli|0 fnt
|faint|p1a: Gargli
|
|
|switch|p1a: Klinklangklong|Klinklang|324\/324
|-item|p1a: Klinklangklong|Air Balloon
|turn|6
|
|move|p2a: Barbaracle|Cross Chop|p1a: Klinklangklong
|-supereffective|p1a: Klinklangklong
|-damage|p1a: Klinklangklong|0 fnt
|-enditem|p1a: Klinklangklong|Air Balloon
|faint|p1a: Klinklangklong
|
|
|switch|p1a: BecauseMoccia|Gengar, M|262\/262
|turn|7
|
|move|p2a: Barbaracle|Razor Shell|p1a: BecauseMoccia
|-damage|p1a: BecauseMoccia|0 fnt
|faint|p1a: BecauseMoccia
|
|
|switch|p1a: fabolouse|Crobat, M, shiny|280\/311
|turn|8
|
|move|p2a: Barbaracle|Razor Shell|p1a: fabolouse
|-damage|p1a: fabolouse|0 fnt
|faint|p1a: fabolouse
|
|c|★Kaisermattia|gg
|
|switch|p1a: Fiume|Greninja, M|286\/286
|turn|9
|c|★GreatLuke|gg
|
|move|p2a: Barbaracle|Cross Chop|p1a: Fiume
|-supereffective|p1a: Fiume
|-enditem|p1a: Fiume|Focus Sash
|-damage|p1a: Fiume|1\/286
|move|p1a: Fiume|Grass Knot|p2a: Barbaracle
|-supereffective|p2a: Barbaracle
|-damage|p2a: Barbaracle|0 fnt
|faint|p2a: Barbaracle
|
|
|switch|p2a: Diggersby|Diggersby, F|312\/312
|-damage|p2a: Diggersby|293\/312|[from] Stealth Rock
|turn|10
|c|★Kaisermattia|Ah,i forgot the focus sash XD
|
|switch|p1a: Pyro|Houndoom, F|291\/291
|move|p2a: Diggersby|Quick Attack|p1a: Pyro
|-damage|p1a: Pyro|135\/291
|
|turn|11
|
|detailschange|p1a: Pyro|Houndoom-Mega, F
|message|Houndoom has Mega Evolved into Mega Houndoom!
|move|p2a: Diggersby|Quick Attack|p1a: Pyro
|-damage|p1a: Pyro|36\/291
|move|p1a: Pyro|Fire Blast|p2a: Diggersby
|-damage|p2a: Diggersby|20\/312
|-status|p2a: Diggersby|brn
|
|-damage|p2a: Diggersby|0 fnt|[from] brn
|faint|p2a: Diggersby
|c|★GreatLuke|lol
|
|switch|p2a: Manaphy|Manaphy|342\/342
|-damage|p2a: Manaphy|300\/342|[from] Stealth Rock
|turn|12
|
|move|p1a: Pyro|Destiny Bond|p1a: Pyro
|-singlemove|p1a: Pyro|Destiny Bond
|move|p2a: Manaphy|Scald|p1a: Pyro
|-supereffective|p1a: Pyro
|-damage|p1a: Pyro|0 fnt
|faint|p1a: Pyro
|-activate|p1a: Pyro|Destiny Bond
|faint|p2a: Manaphy
|
|c|★GreatLuke|u can win this seriously
|
|switch|p1a: Fiume|Greninja, M|1\/286
|switch|p2a: Salamence|Salamence, M|332\/332
|-damage|p2a: Salamence|249\/332|[from] Stealth Rock
|turn|13
|
|move|p1a: Fiume|Ice Beam|p2a: Salamence
|-supereffective|p2a: Salamence
|-damage|p2a: Salamence|0 fnt
|faint|p2a: Salamence
|
|c|★Kaisermattia|oooh
|
|switch|p2a: Victini|Victini|342\/342
|-damage|p2a: Victini|257\/342|[from] Stealth Rock
|turn|14
|c|★GreatLuke|lol that game
|c|★Kaisermattia|and now i have torrent XD
|
|move|p1a: Fiume|Scald|p2a: Victini
|-supereffective|p2a: Victini
|-damage|p2a: Victini|0 fnt
|faint|p2a: Victini
|
|win|Kaisermattia
|raw|Ladder updating...
|raw|Kaisermattia's rating: 1300 &rarr; <strong>1320<\/strong><br \/>(+20 for winning)
|raw|GreatLuke's rating: 1303 &rarr; <strong>1283<\/strong><br \/>(-20 for losing)
|c|★Kaisermattia|gg
|c|★GreatLuke|gg
|c|★GreatLuke|wp
|leave|GreatLuke
|player|p2