|join|TheRocker93
|join|GreatLuke
|player|p1|TheRocker93|53
|player|p2|GreatLuke|169
|gametype|singles
|gen|6
|tier|OU
|rated
|clearpoke
|poke|p1|Rotom-Wash
|poke|p1|Excadrill, M
|poke|p1|Latios, M
|poke|p1|Scizor, M
|poke|p1|Tyranitar, M
|poke|p1|Talonflame, F
|poke|p2|Rhyperior, M
|poke|p2|Weavile, M
|poke|p2|Keldeo-Resolute
|poke|p2|Landorus, M
|poke|p2|Talonflame, F
|poke|p2|Scizor, F
|rule|Swagger Clause: Swagger is banned
|rule|Baton Pass Clause: Limit one Pokémon knowing Baton Pass
|rule|Sleep Clause Mod: Limit one foe put to sleep
|rule|Species Clause: Limit one of each Pokémon
|rule|OHKO Clause: OHKO moves are banned
|rule|Moody Clause: Moody is banned
|rule|Evasion Moves Clause: Evasion moves are banned
|rule|Endless Battle Clause: Forcing endless battles is banned
|rule|HP Percentage Mod: HP is shown in percentages
|teampreview
|
|start
|switch|p1a: Momentum|Rotom-Wash|301\/301
|switch|p2a: Keldeo-Resolute|Keldeo-Resolute|323\/323
|turn|1
|
|move|p2a: Keldeo-Resolute|Substitute|p2a: Keldeo-Resolute
|-start|p2a: Keldeo-Resolute|Substitute
|-damage|p2a: Keldeo-Resolute|243\/323
|move|p1a: Momentum|Will-O-Wisp|p2a: Keldeo-Resolute
|
|-heal|p2a: Keldeo-Resolute|263\/323|[from] item: Leftovers
|turn|2
|
|move|p2a: Keldeo-Resolute|Calm Mind|p2a: Keldeo-Resolute
|-boost|p2a: Keldeo-Resolute|spa|1
|-boost|p2a: Keldeo-Resolute|spd|1
|move|p1a: Momentum|Volt Switch|p2a: Keldeo-Resolute
|-crit|p2a: Keldeo-Resolute
|-supereffective|p2a: Keldeo-Resolute
|-end|p2a: Keldeo-Resolute|Substitute
|
|switch|p1a: MyBigCock|Talonflame, F|315\/315
|
|-heal|p2a: Keldeo-Resolute|283\/323|[from] item: Leftovers
|turn|3
|
|switch|p1a: Momentum|Rotom-Wash|301\/301
|switch|p2a: Rhyperior|Rhyperior, M|424\/424
|
|turn|4
|
|move|p1a: Momentum|Will-O-Wisp|p2a: Rhyperior
|-status|p2a: Rhyperior|brn
|move|p2a: Rhyperior|Toxic|p1a: Momentum
|-status|p1a: Momentum|tox
|
|-damage|p1a: Momentum|283\/301 tox|[from] psn
|-damage|p2a: Rhyperior|371\/424 brn|[from] brn
|turn|5
|
|move|p1a: Momentum|Hydro Pump|p2a: Rhyperior
|-supereffective|p2a: Rhyperior
|-damage|p2a: Rhyperior|0 fnt
|faint|p2a: Rhyperior
|
|-heal|p1a: Momentum|301\/301 tox|[from] item: Leftovers
|-damage|p1a: Momentum|265\/301 tox|[from] psn
|
|switch|p2a: Keldeo-Resolute|Keldeo-Resolute|283\/323
|turn|6
|
|switch|p2a: Landorus|Landorus, M|319\/319
|move|p1a: Momentum|Volt Switch|p2a: Landorus
|-immune|p2a: Landorus|[msg]
|
|-heal|p1a: Momentum|283\/301 tox|[from] item: Leftovers
|-damage|p1a: Momentum|229\/301 tox|[from] psn
|turn|7
|
|move|p2a: Landorus|Sludge Wave|p1a: Momentum
|-damage|p1a: Momentum|98\/301 tox
|move|p1a: Momentum|Hydro Pump|p2a: Landorus
|-supereffective|p2a: Landorus
|-damage|p2a: Landorus|19\/319
|
|-heal|p1a: Momentum|116\/301 tox|[from] item: Leftovers
|-damage|p1a: Momentum|44\/301 tox|[from] psn
|turn|8
|
|switch|p1a: IronBug|Scizor, M|341\/341
|move|p2a: Landorus|Psychic|p1a: IronBug
|-resisted|p1a: IronBug
|-damage|p1a: IronBug|246\/341
|
|turn|9
|
|switch|p2a: Talonflame|Talonflame, F|299\/299
|detailschange|p1a: IronBug|Scizor-Mega, M
|message|Scizor has Mega Evolved into Mega Scizor!
|move|p1a: IronBug|Bullet Punch|p2a: Talonflame
|-resisted|p2a: Talonflame
|-damage|p2a: Talonflame|209\/299
|
|turn|10
|
|switch|p1a: Momentum|Rotom-Wash|44\/301 tox
|move|p2a: Talonflame|U-turn|p1a: Momentum
|-damage|p1a: Momentum|0 fnt
|faint|p1a: Momentum
|
|switch|p2a: Scizor|Scizor, F|302\/302
|
|
|switch|p1a: MyBigCock|Talonflame, F|315\/315
|turn|11
|
|detailschange|p2a: Scizor|Scizor-Mega, F
|message|Scizor has Mega Evolved into Mega Scizor!
|move|p1a: MyBigCock|Flare Blitz|p2a: Scizor
|-supereffective|p2a: Scizor
|-damage|p2a: Scizor|0 fnt
|-damage|p1a: MyBigCock|215\/315|[from] recoil|[of] p2a: Scizor
|faint|p2a: Scizor
|
|
|switch|p2a: Keldeo-Resolute|Keldeo-Resolute|283\/323
|turn|12
|
|move|p1a: MyBigCock|Brave Bird|p2a: Keldeo-Resolute
|-supereffective|p2a: Keldeo-Resolute
|-damage|p2a: Keldeo-Resolute|0 fnt
|-damage|p1a: MyBigCock|122\/315|[from] recoil|[of] p2a: Keldeo-Resolute
|faint|p2a: Keldeo-Resolute
|
|
|switch|p2a: Weavile|Weavile, M|281\/281
|-ability|p2a: Weavile|Pressure
|turn|13
|
|switch|p1a: IronBug|Scizor-Mega, M|246\/341
|move|p2a: Weavile|Ice Shard|p1a: IronBug
|-resisted|p1a: IronBug
|-damage|p1a: IronBug|212\/341
|-damage|p2a: Weavile|253\/281|[from] item: Life Orb
|
|turn|14
|
|switch|p2a: Talonflame|Talonflame, F|209\/299
|move|p1a: IronBug|Roost|p1a: IronBug
|-heal|p1a: IronBug|341\/341
|
|turn|15
|
|switch|p1a: MyBigCock|Talonflame, F|122\/315
|move|p2a: Talonflame|Will-O-Wisp|p1a: MyBigCock
|-fail|p1a: MyBigCock
|
|turn|16
|-message|GreatLuke forfeited.
|
|win|TheRocker93
|raw|Ladder updating...
|leave|GreatLuke
|player|p2
|raw|TheRocker93's rating: 1379 &rarr; <strong>1402<\/strong><br \/>(+23 for winning)
|raw|GreatLuke's rating: 1429 &rarr; <strong>1406<\/strong><br \/>(-23 for losing)