|join|GreatLuke
|join|lucky nd bad
|player|p1|GreatLuke|292
|player|p2|lucky nd bad|4
|gametype|singles
|gen|6
|tier|OU
|rated
|clearpoke
|poke|p1|Breloom, F, shiny
|poke|p1|Landorus-Therian, M
|poke|p1|Kyurem-Black
|poke|p1|Talonflame, M
|poke|p1|Greninja, F
|poke|p1|Scizor, M
|poke|p2|Tyranitar, F
|poke|p2|Excadrill, M
|poke|p2|Greninja, F
|poke|p2|Pinsir, M
|poke|p2|Talonflame, M
|poke|p2|Dragonite, M
|rule|Swagger Clause: Swagger is banned
|rule|Baton Pass Clause: Limit one Pokémon knowing Baton Pass
|rule|Sleep Clause Mod: Limit one foe put to sleep
|rule|Species Clause: Limit one of each Pokémon
|rule|OHKO Clause: OHKO moves are banned
|rule|Moody Clause: Moody is banned
|rule|Evasion Moves Clause: Evasion moves are banned
|rule|Endless Battle Clause: Forcing endless battles is banned
|rule|HP Percentage Mod: HP is shown in percentages
|teampreview
|c|★GreatLuke|we meet again lol
|
|start
|switch|p1a: Greninja|Greninja, F|286\/286
|switch|p2a: Dragonite|Dragonite, M|323\/323
|turn|1
|
|move|p2a: Dragonite|Extreme Speed|p1a: Greninja
|-damage|p1a: Greninja|80\/286
|move|p1a: Greninja|Ice Beam|p2a: Dragonite
|-start|p1a: Greninja|typechange|Ice|[from] Protean
|-supereffective|p2a: Dragonite
|-damage|p2a: Dragonite|18\/323
|
|turn|2
|
|switch|p1a: Scizor|Scizor, M|282\/282
|move|p2a: Dragonite|Extreme Speed|p1a: Scizor
|-resisted|p1a: Scizor
|-damage|p1a: Scizor|227\/282
|
|turn|3
|
|switch|p2a: Talonflame|Talonflame, M|309\/309
|detailschange|p1a: Scizor|Scizor-Mega, M
|message|Scizor has Mega Evolved into Mega Scizor!
|move|p1a: Scizor|Superpower|p2a: Talonflame
|-resisted|p2a: Talonflame
|-damage|p2a: Talonflame|221\/309
|-unboost|p1a: Scizor|atk|1
|-unboost|p1a: Scizor|def|1
|
|turn|4
|
|switch|p1a: Landorus-Therian|Landorus-Therian, M|320\/320
|-ability|p1a: Landorus-Therian|Intimidate|[of] p2a: Talonflame
|-unboost|p2a: Talonflame|atk|1
|move|p2a: Talonflame|Flare Blitz|p1a: Landorus-Therian
|-damage|p1a: Landorus-Therian|146\/320
|-damage|p2a: Talonflame|164\/309|[from] recoil|[of] p1a: Landorus-Therian
|
|turn|5
|
|switch|p1a: Scizor|Scizor-Mega, M|227\/282
|switch|p2a: Excadrill|Excadrill, M|369\/369
|
|turn|6
|
|switch|p2a: Pinsir|Pinsir, M|271\/271
|move|p1a: Scizor|Bug Bite|p2a: Pinsir
|-damage|p2a: Pinsir|120\/271
|
|turn|7
|
|detailschange|p2a: Pinsir|Pinsir-Mega, M
|message|Pinsir has Mega Evolved into Mega Pinsir!
|move|p2a: Pinsir|Return|p1a: Scizor
|-damage|p1a: Scizor|67\/282
|move|p1a: Scizor|Bug Bite|p2a: Pinsir
|-resisted|p2a: Pinsir
|-damage|p2a: Pinsir|61\/271
|
|turn|8
|
|move|p2a: Pinsir|Quick Attack|p1a: Scizor
|-damage|p1a: Scizor|9\/282
|move|p1a: Scizor|Bullet Punch|p2a: Pinsir
|-damage|p2a: Pinsir|0 fnt
|faint|p2a: Pinsir
|
|
|switch|p2a: Talonflame|Talonflame, M|164\/309
|turn|9
|
|switch|p1a: Talonflame|Talonflame, M|298\/298
|move|p2a: Talonflame|U-turn|p1a: Talonflame
|-resisted|p1a: Talonflame
|-damage|p1a: Talonflame|264\/298
|
|switch|p2a: Tyranitar|Tyranitar, F|341\/341
|-weather|Sandstorm
|
|-weather|Sandstorm|[upkeep]
|-damage|p1a: Talonflame|246\/298|[from] sandstorm
|turn|10
|
|move|p1a: Talonflame|U-turn|p2a: Tyranitar
|-supereffective|p2a: Tyranitar
|-damage|p2a: Tyranitar|207\/341
|
|switch|p1a: Landorus-Therian|Landorus-Therian, M|146\/320
|-ability|p1a: Landorus-Therian|Intimidate|[of] p2a: Tyranitar
|-unboost|p2a: Tyranitar|atk|1
|move|p2a: Tyranitar|Stealth Rock|p1a: Landorus-Therian
|-sidestart|p1: GreatLuke|move: Stealth Rock
|
|-weather|Sandstorm|[upkeep]
|turn|11
|
|switch|p2a: Talonflame|Talonflame, M|164\/309
|move|p1a: Landorus-Therian|Stone Edge|p2a: Talonflame
|-supereffective|p2a: Talonflame
|-damage|p2a: Talonflame|0 fnt
|faint|p2a: Talonflame
|
|-weather|Sandstorm|[upkeep]
|
|switch|p2a: Excadrill|Excadrill, M|369\/369
|turn|12
|
|switch|p1a: Scizor|Scizor-Mega, M|9\/282
|-damage|p1a: Scizor|0 fnt|[from] Stealth Rock
|faint|p1a: Scizor
|move|p2a: Excadrill|Iron Head|p1: Scizor|[notarget]
|-notarget
|
|-weather|Sandstorm|[upkeep]
|
|switch|p1a: Breloom|Breloom, F, shiny|262\/262
|-damage|p1a: Breloom|246\/262|[from] Stealth Rock
|turn|13
|
|move|p2a: Excadrill|Iron Head|p1a: Breloom
|-damage|p1a: Breloom|11\/262
|-damage|p2a: Excadrill|333\/369|[from] item: Life Orb
|cant|p1a: Breloom|flinch
|
|-weather|none
|turn|14
|c|★GreatLuke|lol
|
|switch|p2a: Tyranitar|Tyranitar, F|207\/341
|-weather|Sandstorm
|move|p1a: Breloom|Mach Punch|p2a: Tyranitar
|-supereffective|p2a: Tyranitar
|-damage|p2a: Tyranitar|0 fnt
|faint|p2a: Tyranitar
|
|-weather|Sandstorm|[upkeep]
|-damage|p1a: Breloom|0 fnt|[from] sandstorm
|faint|p1a: Breloom
|
|switch|p1a: Kyurem-Black|Kyurem-Black|391\/391
|-damage|p1a: Kyurem-Black|294\/391|[from] Stealth Rock
|switch|p2a: Dragonite|Dragonite, M|18\/323
|-ability|p1a: Kyurem-Black|Teravolt
|turn|15
|
|move|p2a: Dragonite|Extreme Speed|p1a: Kyurem-Black
|-damage|p1a: Kyurem-Black|144\/391
|move|p1a: Kyurem-Black|Dragon Claw|p2a: Dragonite
|-crit|p2a: Dragonite
|-supereffective|p2a: Dragonite
|-damage|p2a: Dragonite|0 fnt
|faint|p2a: Dragonite
|
|-weather|Sandstorm|[upkeep]
|-damage|p1a: Kyurem-Black|120\/391|[from] sandstorm
|
|switch|p2a: Excadrill|Excadrill, M|333\/369
|turn|16
|
|move|p2a: Excadrill|Iron Head|p1a: Kyurem-Black
|-supereffective|p1a: Kyurem-Black
|-damage|p1a: Kyurem-Black|0 fnt
|-damage|p2a: Excadrill|297\/369|[from] item: Life Orb
|faint|p1a: Kyurem-Black
|
|-weather|Sandstorm|[upkeep]
|
|switch|p1a: Landorus-Therian|Landorus-Therian, M|146\/320
|-damage|p1a: Landorus-Therian|106\/320|[from] Stealth Rock
|-ability|p1a: Landorus-Therian|Intimidate|[of] p2a: Excadrill
|-unboost|p2a: Excadrill|atk|1
|turn|17
|
|move|p2a: Excadrill|Iron Head|p1a: Landorus-Therian
|-damage|p1a: Landorus-Therian|0 fnt
|-damage|p2a: Excadrill|261\/369|[from] item: Life Orb
|faint|p1a: Landorus-Therian
|
|-weather|Sandstorm|[upkeep]
|
|switch|p1a: Talonflame|Talonflame, M|246\/298
|-damage|p1a: Talonflame|97\/298|[from] Stealth Rock
|turn|18
|
|move|p2a: Excadrill|Rock Slide|p1a: Talonflame
|-supereffective|p1a: Talonflame
|-damage|p1a: Talonflame|0 fnt
|-damage|p2a: Excadrill|225\/369|[from] item: Life Orb
|faint|p1a: Talonflame
|
|-weather|none
|
|switch|p1a: Greninja|Greninja, F|80\/286
|-damage|p1a: Greninja|45\/286|[from] Stealth Rock
|turn|19
|
|move|p1a: Greninja|Scald|p2a: Excadrill
|-start|p1a: Greninja|typechange|Water|[from] Protean
|-supereffective|p2a: Excadrill
|-damage|p2a: Excadrill|0 fnt
|faint|p2a: Excadrill
|
|
|switch|p2a: Greninja|Greninja, F|286\/286
|turn|20
|
|move|p2a: Greninja|Hidden Power|p1a: Greninja
|-start|p2a: Greninja|typechange|Grass|[from] Protean
|-supereffective|p1a: Greninja
|-damage|p1a: Greninja|0 fnt
|-damage|p2a: Greninja|258\/286|[from] item: Life Orb
|faint|p1a: Greninja
|
|win|lucky nd bad
|raw|Ladder updating...
|c|★GreatLuke|gg
|raw|Ladder (probably) updated, but score could not be retrieved (corruption).