|join|AnybodyAgrees
|join|bewww
|player|p1|AnybodyAgrees|109
|player|p2|bewww|159
|gametype|singles
|gen|6
|tier|OU
|rated
|clearpoke
|poke|p1|Metagross
|poke|p1|Magneton
|poke|p1|Bisharp, F
|poke|p1|Kyurem-Black
|poke|p1|Greninja, M
|poke|p1|Landorus, M
|poke|p2|Lopunny, F
|poke|p2|Diggersby, M
|poke|p2|Azumarill, M
|poke|p2|Nidoking, M
|poke|p2|Nidoqueen, F
|poke|p2|Mew
|rule|Swagger Clause: Swagger is banned
|rule|Baton Pass Clause: Limit one Pokémon knowing Baton Pass
|rule|Sleep Clause Mod: Limit one foe put to sleep
|rule|Species Clause: Limit one of each Pokémon
|rule|OHKO Clause: OHKO moves are banned
|rule|Moody Clause: Moody is banned
|rule|Evasion Moves Clause: Evasion moves are banned
|rule|Endless Battle Clause: Forcing endless battles is banned
|rule|HP Percentage Mod: HP is shown in percentages
|teampreview
|c|★AnybodyAgrees|nice mono-rabbit
|
|start
|switch|p1a: Landorus|Landorus, M|319\/319
|switch|p2a: Mew|Mew|404\/404
|turn|1
|c|★bewww|ah thanks for catching that :)
|
|move|p1a: Landorus|Stealth Rock|p2a: Mew
|-sidestart|p2: bewww|move: Stealth Rock
|move|p2a: Mew|Will-O-Wisp|p1a: Landorus
|-status|p1a: Landorus|brn
|
|-damage|p1a: Landorus|280\/319 brn|[from] brn
|turn|2
|
|move|p1a: Landorus|Earth Power|p2a: Mew
|-damage|p2a: Mew|165\/404
|move|p2a: Mew|Defog|p1a: Landorus
|-unboost|p1a: Landorus|evasion|1
|-sideend|p2: bewww|Stealth Rock|[from] move: Defog|[of] p2a: Mew
|
|-heal|p2a: Mew|190\/404|[from] item: Leftovers
|-damage|p1a: Landorus|241\/319 brn|[from] brn
|turn|3
|
|switch|p2a: Azumarill|Azumarill, M|404\/404
|move|p1a: Landorus|Earth Power|p2a: Azumarill
|-damage|p2a: Azumarill|88\/404
|-enditem|p2a: Azumarill|Sitrus Berry|[eat]
|-heal|p2a: Azumarill|189\/404|[from] item: Sitrus Berry
|
|-damage|p1a: Landorus|202\/319 brn|[from] brn
|turn|4
|
|switch|p1a: Magneton|Magneton|242\/242
|move|p2a: Azumarill|Superpower|p1a: Magneton
|-supereffective|p1a: Magneton
|-damage|p1a: Magneton|0 fnt
|-unboost|p2a: Azumarill|atk|1
|-unboost|p2a: Azumarill|def|1
|faint|p1a: Magneton
|
|
|switch|p1a: Metagross|Metagross|302\/302
|turn|5
|
|detailschange|p1a: Metagross|Metagross-Mega
|message|Metagross has Mega Evolved into Mega Metagross!
|move|p2a: Azumarill|Aqua Jet|p1a: Metagross
|-damage|p1a: Metagross|260\/302
|move|p1a: Metagross|Meteor Mash|p2a: Azumarill
|-damage|p2a: Azumarill|0 fnt
|faint|p2a: Azumarill
|
|
|switch|p2a: Diggersby|Diggersby, M|374\/374
|turn|6
|
|switch|p1a: Landorus|Landorus, M|202\/319 brn
|move|p2a: Diggersby|Return|p1a: Landorus
|-damage|p1a: Landorus|0 fnt
|faint|p1a: Landorus
|
|
|switch|p1a: Metagross|Metagross-Mega|260\/302
|turn|7
|
|switch|p2a: Mew|Mew|190\/404
|move|p1a: Metagross|Meteor Mash|p2a: Mew|[miss]
|-miss|p1a: Metagross|p2a: Mew
|
|-heal|p2a: Mew|215\/404|[from] item: Leftovers
|turn|8
|
|move|p1a: Metagross|Meteor Mash|p2a: Mew
|-damage|p2a: Mew|22\/404
|-boost|p1a: Metagross|atk|1
|move|p2a: Mew|Will-O-Wisp|p1a: Metagross
|-status|p1a: Metagross|brn
|
|-heal|p2a: Mew|47\/404|[from] item: Leftovers
|-damage|p1a: Metagross|223\/302 brn|[from] brn
|turn|9
|
|move|p1a: Metagross|Meteor Mash|p2a: Mew
|-damage|p2a: Mew|0 fnt
|faint|p2a: Mew
|
|-damage|p1a: Metagross|186\/302 brn|[from] brn
|
|switch|p2a: Diggersby|Diggersby, M|374\/374
|turn|10
|
|move|p1a: Metagross|Ice Punch|p2a: Diggersby
|-supereffective|p2a: Diggersby
|-damage|p2a: Diggersby|122\/374
|move|p2a: Diggersby|Earthquake|p1a: Metagross
|-supereffective|p1a: Metagross
|-damage|p1a: Metagross|0 fnt
|faint|p1a: Metagross
|
|
|switch|p1a: Greninja|Greninja, M|285\/285
|turn|11
|
|move|p1a: Greninja|Ice Beam|p2a: Diggersby
|-start|p1a: Greninja|typechange|Ice|[from] Protean
|-supereffective|p2a: Diggersby
|-damage|p2a: Diggersby|0 fnt
|-damage|p1a: Greninja|257\/285|[from] item: Life Orb
|faint|p2a: Diggersby
|
|
|switch|p2a: Lopunny|Lopunny, F|272\/272
|turn|12
|
|switch|p1a: Bisharp|Bisharp, F|272\/272
|detailschange|p2a: Lopunny|Lopunny-Mega, F
|message|Lopunny has Mega Evolved into Mega Lopunny!
|move|p2a: Lopunny|High Jump Kick|p1a: Bisharp
|-supereffective|p1a: Bisharp
|-damage|p1a: Bisharp|0 fnt
|faint|p1a: Bisharp
|
|
|switch|p1a: Kyurem-Black|Kyurem-Black|391\/391
|-ability|p1a: Kyurem-Black|Teravolt
|turn|13
|c|★AnybodyAgrees|these mispredictions tho
|
|move|p2a: Lopunny|High Jump Kick|p1a: Kyurem-Black
|-supereffective|p1a: Kyurem-Black
|-damage|p1a: Kyurem-Black|0 fnt
|faint|p1a: Kyurem-Black
|
|
|switch|p1a: Greninja|Greninja, M|257\/285
|turn|14
|c|★AnybodyAgrees|praying for miss
|
|move|p2a: Lopunny|Return|p1a: Greninja
|-damage|p1a: Greninja|0 fnt
|faint|p1a: Greninja
|
|win|bewww
|raw|Ladder updating...
|raw|AnybodyAgrees's rating: 1483 &rarr; <strong>1458<\/strong><br \/>(-25 for losing)
|raw|bewww's rating: 1404 &rarr; <strong>1428<\/strong><br \/>(+24 for winning)
|leave|AnybodyAgrees
|player|p1