|join|huee hue hue
|join|New Light
|player|p1|huee hue hue|141
|player|p2|New Light|156
|gametype|singles
|gen|6
|tier|OU
|rated
|clearpoke
|poke|p1|Garchomp, M
|poke|p1|Landorus-Therian, M
|poke|p1|Charizard, M
|poke|p1|Kyurem-Black
|poke|p1|Starmie
|poke|p1|Scizor, M
|poke|p2|Keldeo
|poke|p2|Metagross
|poke|p2|Skarmory, M
|poke|p2|Chansey, F
|poke|p2|Kyurem-Black, shiny
|poke|p2|Slowbro, F, shiny
|rule|Swagger Clause: Swagger is banned
|rule|Baton Pass Clause: Limit one Pokémon knowing Baton Pass
|rule|Sleep Clause Mod: Limit one foe put to sleep
|rule|Species Clause: Limit one of each Pokémon
|rule|OHKO Clause: OHKO moves are banned
|rule|Moody Clause: Moody is banned
|rule|Evasion Moves Clause: Evasion moves are banned
|rule|Endless Battle Clause: Forcing endless battles is banned
|rule|HP Percentage Mod: HP is shown in percentages
|teampreview
|c|★huee hue hue|gl hf!
|c|★New Light|u2
|
|start
|switch|p1a: Nino|Starmie|261\/261
|switch|p2a: Kyurem-Black|Kyurem-Black, shiny|391\/391
|-ability|p2a: Kyurem-Black|Teravolt
|turn|1
|
|switch|p1a: OsWIN|Scizor, M|343\/343
|move|p2a: Kyurem-Black|Substitute|p2a: Kyurem-Black
|-start|p2a: Kyurem-Black|Substitute
|-damage|p2a: Kyurem-Black|294\/391
|
|-heal|p2a: Kyurem-Black|318\/391|[from] item: Leftovers
|turn|2
|
|move|p2a: Kyurem-Black|Earth Power|p1a: OsWIN
|-damage|p1a: OsWIN|214\/343
|move|p1a: OsWIN|U-turn|p2a: Kyurem-Black
|-end|p2a: Kyurem-Black|Substitute
|
|switch|p1a: Hector|Charizard, M|297\/297
|
|-heal|p2a: Kyurem-Black|342\/391|[from] item: Leftovers
|turn|3
|
|detailschange|p1a: Hector|Charizard-Mega-Y, M
|-mega|p1a: Hector|Charizard|Charizardite Y
|-weather|SunnyDay
|move|p1a: Hector|Fire Blast|p2a: Kyurem-Black
|-damage|p2a: Kyurem-Black|0 fnt
|faint|p2a: Kyurem-Black
|
|-weather|SunnyDay|[upkeep]
|
|switch|p2a: Chansey|Chansey, F|641\/641
|turn|4
|
|switch|p1a: Marcus|Garchomp, M|357\/357
|move|p2a: Chansey|Seismic Toss|p1a: Marcus
|-damage|p1a: Marcus|257\/357
|-damage|p2a: Chansey|561\/641|[from] ability: Rough Skin|[of] p1a: Marcus
|
|-weather|SunnyDay|[upkeep]
|turn|5
|
|move|p1a: Marcus|Stealth Rock|p2a: Chansey
|-sidestart|p2: New Light|move: Stealth Rock
|move|p2a: Chansey|Toxic|p1a: Marcus
|-status|p1a: Marcus|tox
|
|-weather|SunnyDay|[upkeep]
|-damage|p1a: Marcus|235\/357 tox|[from] psn
|turn|6
|
|switch|p1a: Guy|Landorus-Therian, M|319\/319
|-ability|p1a: Guy|Intimidate|[of] p2a: Chansey
|-unboost|p2a: Chansey|atk|1
|move|p2a: Chansey|Wish|p2a: Chansey
|
|-weather|SunnyDay|[upkeep]
|turn|7
|
|switch|p1a: Athos|Kyurem-Black|404\/404
|-ability|p1a: Athos|Teravolt
|move|p2a: Chansey|Seismic Toss|p1a: Athos
|-damage|p1a: Athos|304\/404
|
|-weather|none
|-heal|p2a: Chansey|641\/641|[from] move: Wish|[wisher] Chansey
|-heal|p1a: Athos|329\/404|[from] item: Leftovers
|turn|8
|c|★huee hue hue|ooooh not even scared
|
|move|p1a: Athos|Substitute|p1a: Athos
|-start|p1a: Athos|Substitute
|-damage|p1a: Athos|228\/404
|move|p2a: Chansey|Seismic Toss|p1a: Athos
|-activate|p1a: Athos|Substitute|[damage]
|
|-heal|p1a: Athos|253\/404|[from] item: Leftovers
|turn|9
|c|★huee hue hue|still not scared
|
|move|p1a: Athos|Fusion Bolt|p2a: Chansey
|-damage|p2a: Chansey|430\/641
|move|p2a: Chansey|Seismic Toss|p1a: Athos
|-end|p1a: Athos|Substitute
|
|-heal|p1a: Athos|278\/404|[from] item: Leftovers
|turn|10
|
|move|p1a: Athos|Substitute|p1a: Athos
|-start|p1a: Athos|Substitute
|-damage|p1a: Athos|177\/404
|move|p2a: Chansey|Wish|p2a: Chansey
|
|-heal|p1a: Athos|202\/404|[from] item: Leftovers
|turn|11
|
|move|p1a: Athos|Outrage|p2a: Chansey
|-damage|p2a: Chansey|36\/641
|move|p2a: Chansey|Seismic Toss|p1a: Athos
|-activate|p1a: Athos|Substitute|[damage]
|
|-heal|p2a: Chansey|356\/641|[from] move: Wish|[wisher] Chansey
|-heal|p1a: Athos|227\/404|[from] item: Leftovers
|turn|12
|
|switch|p2a: Skarmory|Skarmory, M|333\/333
|-damage|p2a: Skarmory|292\/333|[from] Stealth Rock
|move|p1a: Athos|Outrage|p2a: Skarmory
|-resisted|p2a: Skarmory
|-damage|p2a: Skarmory|207\/333
|-damage|p1a: Athos|160\/404|[from] item: Rocky Helmet|[of] p2a: Skarmory
|
|-end|p1a: Athos|rampage
|-start|p1a: Athos|confusion
|-heal|p1a: Athos|185\/404|[from] item: Leftovers
|turn|13
|
|switch|p1a: Marcus|Garchomp, M|235\/357 tox
|move|p2a: Skarmory|Stealth Rock|p1a: Marcus
|-sidestart|p1: huee hue hue|move: Stealth Rock
|
|-damage|p1a: Marcus|213\/357 tox|[from] psn
|turn|14
|
|move|p1a: Marcus|Earthquake|p2a: Skarmory
|-immune|p2a: Skarmory|[msg]
|move|p2a: Skarmory|Roost|p2a: Skarmory
|-heal|p2a: Skarmory|333\/333
|
|-damage|p1a: Marcus|169\/357 tox|[from] psn
|turn|15
|
|move|p1a: Marcus|Fire Blast|p2a: Skarmory
|-supereffective|p2a: Skarmory
|-activate|p2a: Skarmory|Sturdy
|-damage|p2a: Skarmory|1\/333
|-damage|p1a: Marcus|134\/357 tox|[from] item: Life Orb
|move|p2a: Skarmory|Whirlwind|p1a: Marcus
|drag|p1a: OsWIN|Scizor, M|214\/343
|-damage|p1a: OsWIN|172\/343|[from] Stealth Rock
|
|turn|16
|
|switch|p2a: Metagross|Metagross|301\/301
|-damage|p2a: Metagross|283\/301|[from] Stealth Rock
|move|p1a: OsWIN|Bullet Punch|p2a: Metagross
|-resisted|p2a: Metagross
|-damage|p2a: Metagross|215\/301
|
|turn|17
|
|switch|p1a: Marcus|Garchomp, M|134\/357 tox
|-damage|p1a: Marcus|112\/357 tox|[from] Stealth Rock
|detailschange|p2a: Metagross|Metagross-Mega
|-mega|p2a: Metagross|Metagross|Metagrossite
|move|p2a: Metagross|Meteor Mash|p1a: Marcus
|-damage|p1a: Marcus|0 fnt
|-damage|p2a: Metagross|178\/301|[from] ability: Rough Skin|[of] p1a: Marcus
|faint|p1a: Marcus
|
|
|switch|p1a: Guy|Landorus-Therian, M|319\/319
|-damage|p1a: Guy|280\/319|[from] Stealth Rock
|-ability|p1a: Guy|Intimidate|[of] p2a: Metagross
|-unboost|p2a: Metagross|atk|1
|turn|18
|
|switch|p2a: Slowbro|Slowbro, F, shiny|394\/394
|-damage|p2a: Slowbro|345\/394|[from] Stealth Rock
|move|p1a: Guy|Earthquake|p2a: Slowbro
|-damage|p2a: Slowbro|206\/394
|
|-heal|p2a: Slowbro|230\/394|[from] item: Leftovers
|turn|19
|
|switch|p1a: Nino|Starmie|261\/261
|-damage|p1a: Nino|229\/261|[from] Stealth Rock
|move|p2a: Slowbro|Scald|p1a: Nino
|-resisted|p1a: Nino
|-damage|p1a: Nino|174\/261
|
|-heal|p2a: Slowbro|254\/394|[from] item: Leftovers
|turn|20
|
|switch|p2a: Skarmory|Skarmory, M|1\/333
|-damage|p2a: Skarmory|0 fnt|[from] Stealth Rock
|faint|p2a: Skarmory
|move|p1a: Nino|Rapid Spin|p2: Skarmory|[notarget]
|-notarget
|
|
|switch|p2a: Keldeo|Keldeo|324\/324
|-damage|p2a: Keldeo|304\/324|[from] Stealth Rock
|turn|21
|
|move|p2a: Keldeo|Hidden Power|p1a: Nino
|-supereffective|p1a: Nino
|-damage|p1a: Nino|20\/261
|move|p1a: Nino|Psychic|p2a: Keldeo
|-supereffective|p2a: Keldeo
|-damage|p2a: Keldeo|0 fnt
|-damage|p1a: Nino|0 fnt|[from] item: Life Orb
|faint|p2a: Keldeo
|faint|p1a: Nino
|
|c|★huee hue hue|not sub\/CM surprising
|
|switch|p2a: Metagross|Metagross-Mega|178\/301
|switch|p1a: OsWIN|Scizor, M|172\/343
|-damage|p2a: Metagross|160\/301|[from] Stealth Rock
|-damage|p1a: OsWIN|130\/343|[from] Stealth Rock
|turn|22
|
|move|p2a: Metagross|Zen Headbutt|p1a: OsWIN
|-resisted|p1a: OsWIN
|-damage|p1a: OsWIN|37\/343
|move|p1a: OsWIN|Knock Off|p2a: Metagross
|-supereffective|p2a: Metagross
|-damage|p2a: Metagross|0 fnt
|faint|p2a: Metagross
|
|
|switch|p2a: Slowbro|Slowbro, F, shiny|385\/394
|-damage|p2a: Slowbro|336\/394|[from] Stealth Rock
|turn|23
|
|move|p1a: OsWIN|Knock Off|p2a: Slowbro
|-supereffective|p2a: Slowbro
|-damage|p2a: Slowbro|84\/394
|-enditem|p2a: Slowbro|Leftovers|[from] move: Knock Off|[of] p1a: OsWIN
|move|p2a: Slowbro|Slack Off|p2a: Slowbro
|-heal|p2a: Slowbro|281\/394
|
|turn|24
|
|switch|p1a: Athos|Kyurem-Black|185\/404
|-damage|p1a: Athos|84\/404|[from] Stealth Rock
|-ability|p1a: Athos|Teravolt
|move|p2a: Slowbro|Slack Off|p2a: Slowbro
|-heal|p2a: Slowbro|394\/394
|
|-heal|p1a: Athos|109\/404|[from] item: Leftovers
|turn|25
|
|move|p1a: Athos|Substitute|p1a: Athos
|-start|p1a: Athos|Substitute
|-damage|p1a: Athos|8\/404
|move|p2a: Slowbro|Thunder Wave|p1a: Athos
|
|-heal|p1a: Athos|33\/404|[from] item: Leftovers
|turn|26
|
|move|p1a: Athos|Fusion Bolt|p2a: Slowbro
|-supereffective|p2a: Slowbro
|-damage|p2a: Slowbro|172\/394
|move|p2a: Slowbro|Slack Off|p2a: Slowbro
|-heal|p2a: Slowbro|369\/394
|
|-heal|p1a: Athos|58\/404|[from] item: Leftovers
|turn|27
|
|move|p1a: Athos|Fusion Bolt|p2a: Slowbro
|-supereffective|p2a: Slowbro
|-damage|p2a: Slowbro|141\/394
|move|p2a: Slowbro|Slack Off|p2a: Slowbro
|-heal|p2a: Slowbro|338\/394
|
|-heal|p1a: Athos|83\/404|[from] item: Leftovers
|turn|28
|
|move|p1a: Athos|Fusion Bolt|p2a: Slowbro
|-supereffective|p2a: Slowbro
|-damage|p2a: Slowbro|138\/394
|move|p2a: Slowbro|Slack Off|p2a: Slowbro
|-heal|p2a: Slowbro|335\/394
|
|-heal|p1a: Athos|108\/404|[from] item: Leftovers
|turn|29
|
|move|p1a: Athos|Fusion Bolt|p2a: Slowbro
|-supereffective|p2a: Slowbro
|-damage|p2a: Slowbro|105\/394
|move|p2a: Slowbro|Slack Off|p2a: Slowbro
|-heal|p2a: Slowbro|302\/394
|
|-heal|p1a: Athos|133\/404|[from] item: Leftovers
|turn|30
|
|move|p1a: Athos|Fusion Bolt|p2a: Slowbro
|-supereffective|p2a: Slowbro
|-damage|p2a: Slowbro|76\/394
|move|p2a: Slowbro|Slack Off|p2a: Slowbro
|-heal|p2a: Slowbro|273\/394
|
|-heal|p1a: Athos|158\/404|[from] item: Leftovers
|turn|31
|
|move|p1a: Athos|Fusion Bolt|p2a: Slowbro
|-supereffective|p2a: Slowbro
|-damage|p2a: Slowbro|71\/394
|move|p2a: Slowbro|Slack Off|p2a: Slowbro
|-heal|p2a: Slowbro|268\/394
|
|-heal|p1a: Athos|183\/404|[from] item: Leftovers
|turn|32
|
|move|p1a: Athos|Fusion Bolt|p2a: Slowbro
|-supereffective|p2a: Slowbro
|-damage|p2a: Slowbro|58\/394
|move|p2a: Slowbro|Slack Off|p2a: Slowbro
|-heal|p2a: Slowbro|255\/394
|
|-heal|p1a: Athos|208\/404|[from] item: Leftovers
|turn|33
|
|move|p1a: Athos|Ice Beam|p2a: Slowbro
|-resisted|p2a: Slowbro
|-damage|p2a: Slowbro|180\/394
|move|p2a: Slowbro|Slack Off|p2a: Slowbro
|-heal|p2a: Slowbro|377\/394
|
|-heal|p1a: Athos|233\/404|[from] item: Leftovers
|turn|34
|
|move|p1a: Athos|Ice Beam|p2a: Slowbro
|-resisted|p2a: Slowbro
|-damage|p2a: Slowbro|308\/394
|move|p2a: Slowbro|Psyshock|p1a: Athos
|-activate|p1a: Athos|Substitute|[damage]
|
|-heal|p1a: Athos|258\/404|[from] item: Leftovers
|turn|35
|
|move|p1a: Athos|Ice Beam|p2a: Slowbro
|-resisted|p2a: Slowbro
|-damage|p2a: Slowbro|239\/394
|move|p2a: Slowbro|Slack Off|p2a: Slowbro
|-heal|p2a: Slowbro|394\/394
|
|-heal|p1a: Athos|283\/404|[from] item: Leftovers
|turn|36
|
|move|p1a: Athos|Ice Beam|p2a: Slowbro
|-resisted|p2a: Slowbro
|-damage|p2a: Slowbro|315\/394
|move|p2a: Slowbro|Psyshock|p1a: Athos
|-end|p1a: Athos|Substitute
|
|-heal|p1a: Athos|308\/404|[from] item: Leftovers
|turn|37
|
|move|p1a: Athos|Substitute|p1a: Athos
|-start|p1a: Athos|Substitute
|-damage|p1a: Athos|207\/404
|move|p2a: Slowbro|Psyshock|p1a: Athos
|-crit|p1a: Athos
|-end|p1a: Athos|Substitute
|
|-heal|p1a: Athos|232\/404|[from] item: Leftovers
|turn|38
|
|move|p1a: Athos|Outrage|p2a: Slowbro
|-damage|p2a: Slowbro|137\/394
|move|p2a: Slowbro|Thunder Wave|p1a: Athos
|-status|p1a: Athos|par
|
|-heal|p1a: Athos|257\/404 par|[from] item: Leftovers
|turn|39
|
|move|p2a: Slowbro|Slack Off|p2a: Slowbro
|-heal|p2a: Slowbro|334\/394
|move|p1a: Athos|Outrage|p2a: Slowbro
|-damage|p2a: Slowbro|148\/394
|
|-end|p1a: Athos|rampage
|-start|p1a: Athos|confusion
|-heal|p1a: Athos|282\/404 par|[from] item: Leftovers
|turn|40
|c|★huee hue hue|nice
|
|switch|p1a: Hector|Charizard-Mega-Y, M|297\/297
|-damage|p1a: Hector|149\/297|[from] Stealth Rock
|-weather|SunnyDay
|move|p2a: Slowbro|Slack Off|p2a: Slowbro
|-heal|p2a: Slowbro|345\/394
|
|-weather|SunnyDay|[upkeep]
|turn|41
|c|★New Light|just guess work
|
|move|p1a: Hector|Fire Blast|p2a: Slowbro
|-resisted|p2a: Slowbro
|-damage|p2a: Slowbro|126\/394
|-status|p2a: Slowbro|brn
|move|p2a: Slowbro|Thunder Wave|p1a: Hector
|-status|p1a: Hector|par
|
|-weather|SunnyDay|[upkeep]
|-damage|p2a: Slowbro|77\/394 brn|[from] brn
|turn|42
|c|★huee hue hue|my bad
|
|move|p2a: Slowbro|Psyshock|p1a: Hector
|-damage|p1a: Hector|41\/297 par
|cant|p1a: Hector|par
|
|-weather|SunnyDay|[upkeep]
|-damage|p2a: Slowbro|28\/394 brn|[from] brn
|turn|43
|
|move|p2a: Slowbro|Slack Off|p2a: Slowbro
|-heal|p2a: Slowbro|225\/394 brn
|cant|p1a: Hector|par
|
|-weather|SunnyDay|[upkeep]
|-damage|p2a: Slowbro|176\/394 brn|[from] brn
|turn|44
|c|★huee hue hue|damn haxed back hard
|
|move|p2a: Slowbro|Scald|p1a: Hector
|-supereffective|p1a: Hector
|-damage|p1a: Hector|0 fnt
|faint|p1a: Hector
|
|-weather|none
|-damage|p2a: Slowbro|127\/394 brn|[from] brn
|
|switch|p1a: Athos|Kyurem-Black|282\/404 par
|-damage|p1a: Athos|181\/404 par|[from] Stealth Rock
|-ability|p1a: Athos|Teravolt
|turn|45
|
|move|p2a: Slowbro|Slack Off|p2a: Slowbro
|-heal|p2a: Slowbro|324\/394 brn
|move|p1a: Athos|Substitute|p1a: Athos
|-start|p1a: Athos|Substitute
|-damage|p1a: Athos|80\/404 par
|
|-heal|p1a: Athos|105\/404 par|[from] item: Leftovers
|-damage|p2a: Slowbro|275\/394 brn|[from] brn
|turn|46
|
|move|p2a: Slowbro|Psyshock|p1a: Athos
|-activate|p1a: Athos|Substitute|[damage]
|move|p1a: Athos|Outrage|p2a: Slowbro
|-damage|p2a: Slowbro|95\/394 brn
|
|-heal|p1a: Athos|130\/404 par|[from] item: Leftovers
|-damage|p2a: Slowbro|46\/394 brn|[from] brn
|turn|47
|
|move|p2a: Slowbro|Slack Off|p2a: Slowbro
|-heal|p2a: Slowbro|243\/394 brn
|move|p1a: Athos|Outrage|p2a: Slowbro
|-damage|p2a: Slowbro|62\/394 brn
|
|-end|p1a: Athos|rampage
|-start|p1a: Athos|confusion
|-heal|p1a: Athos|155\/404 par|[from] item: Leftovers
|-damage|p2a: Slowbro|13\/394 brn|[from] brn
|turn|48
|
|switch|p1a: OsWIN|Scizor, M|37\/343
|-damage|p1a: OsWIN|0 fnt|[from] Stealth Rock
|faint|p1a: OsWIN
|move|p2a: Slowbro|Psyshock|p1: OsWIN|[notarget]
|-notarget
|
|-damage|p2a: Slowbro|0 fnt|[from] brn
|faint|p2a: Slowbro
|
|switch|p1a: Guy|Landorus-Therian, M|280\/319
|switch|p2a: Chansey|Chansey, F|356\/641
|-damage|p1a: Guy|241\/319|[from] Stealth Rock
|-ability|p1a: Guy|Intimidate|[of] p2a: Chansey
|-unboost|p2a: Chansey|atk|1
|-damage|p2a: Chansey|276\/641|[from] Stealth Rock
|turn|49
|c|★huee hue hue|gg
|
|move|p1a: Guy|Superpower|p2a: Chansey
|-supereffective|p2a: Chansey
|-damage|p2a: Chansey|0 fnt
|-unboost|p1a: Guy|atk|1
|-unboost|p1a: Guy|def|1
|faint|p2a: Chansey
|
|win|huee hue hue
|raw|Ladder updating...
|raw|huee hue hue's rating: 1693 &rarr; <strong>1710<\/strong><br \/>(+17 for winning)
|raw|New Light's rating: 1637 &rarr; <strong>1620<\/strong><br \/>(-17 for losing)
|leave|New Light
|player|p2