|join|angre management
|join|hp gout
|player|p1|angre management|82
|player|p2|hp gout|5
|gametype|singles
|gen|6
|tier|UU
|rated
|rule|Sleep Clause Mod: Limit one foe put to sleep
|rule|Species Clause: Limit one of each Pokémon
|rule|OHKO Clause: OHKO moves are banned
|rule|Moody Clause: Moody is banned
|rule|Evasion Moves Clause: Evasion moves are banned
|rule|Endless Battle Clause: Forcing endless battles is banned
|rule|HP Percentage Mod: HP is shown in percentages
|clearpoke
|poke|p1|Florges, F
|poke|p1|Flygon, M
|poke|p1|Suicune
|poke|p1|Raikou
|poke|p1|Swampert, F
|poke|p1|Reuniclus, M
|poke|p2|Kyurem
|poke|p2|Spiritomb, M
|poke|p2|Tentacruel, F
|poke|p2|Umbreon, M
|poke|p2|Gastrodon, F
|poke|p2|Clefairy, F
|rule|Swagger Clause: Swagger is banned
|rule|Baton Pass Clause: Limit one Pokémon knowing Baton Pass
|teampreview
|
|start
|switch|p1a: Swampert|Swampert, F|401\/401
|switch|p2a: Clefairy|Clefairy, F|344\/344
|turn|1
|
|move|p1a: Swampert|Stealth Rock|p2a: Clefairy
|-sidestart|p2: hp gout|move: Stealth Rock
|move|p2a: Clefairy|Stealth Rock|p1a: Swampert
|-sidestart|p1: angre management|move: Stealth Rock
|
|turn|2
|
|move|p2a: Clefairy|Calm Mind|p2a: Clefairy
|-boost|p2a: Clefairy|spa|1
|-boost|p2a: Clefairy|spd|1
|move|p1a: Swampert|Roar|p2a: Clefairy
|drag|p2a: Umbreon|Umbreon, M|394\/394
|-damage|p2a: Umbreon|345\/394|[from] Stealth Rock
|
|-heal|p2a: Umbreon|369\/394|[from] item: Leftovers
|turn|3
|
|switch|p1a: Reuniclus|Reuniclus, M|422\/422
|move|p2a: Umbreon|Foul Play|p1a: Reuniclus
|-supereffective|p1a: Reuniclus
|-damage|p1a: Reuniclus|318\/422
|
|-heal|p2a: Umbreon|393\/394|[from] item: Leftovers
|turn|4
|
|switch|p2a: Gastrodon|Gastrodon, F|426\/426
|-damage|p2a: Gastrodon|400\/426|[from] Stealth Rock
|move|p1a: Reuniclus|Calm Mind|p1a: Reuniclus
|-boost|p1a: Reuniclus|spa|1
|-boost|p1a: Reuniclus|spd|1
|
|-heal|p2a: Gastrodon|426\/426|[from] item: Leftovers
|turn|5
|join|Aimersnipe
|
|move|p2a: Gastrodon|Clear Smog|p1a: Reuniclus
|-damage|p1a: Reuniclus|290\/422
|-clearboost|p1a: Reuniclus
|move|p1a: Reuniclus|Signal Beam|p2a: Gastrodon
|-damage|p2a: Gastrodon|318\/426
|
|-heal|p2a: Gastrodon|344\/426|[from] item: Leftovers
|turn|6
|
|move|p2a: Gastrodon|Scald|p1a: Reuniclus
|-damage|p1a: Reuniclus|193\/422
|-status|p1a: Reuniclus|brn
|move|p1a: Reuniclus|Recover|p1a: Reuniclus
|-heal|p1a: Reuniclus|404\/422 brn
|
|-heal|p2a: Gastrodon|370\/426|[from] item: Leftovers
|turn|7
|
|move|p2a: Gastrodon|Scald|p1a: Reuniclus
|-damage|p1a: Reuniclus|305\/422 brn
|move|p1a: Reuniclus|Psychic|p2a: Gastrodon
|-damage|p2a: Gastrodon|163\/426
|
|-heal|p2a: Gastrodon|189\/426|[from] item: Leftovers
|turn|8
|
|move|p2a: Gastrodon|Recover|p2a: Gastrodon
|-heal|p2a: Gastrodon|402\/426
|move|p1a: Reuniclus|Calm Mind|p1a: Reuniclus
|-boost|p1a: Reuniclus|spa|1
|-boost|p1a: Reuniclus|spd|1
|
|-heal|p2a: Gastrodon|426\/426|[from] item: Leftovers
|turn|9
|
|move|p2a: Gastrodon|Clear Smog|p1a: Reuniclus
|-damage|p1a: Reuniclus|278\/422 brn
|-clearboost|p1a: Reuniclus
|move|p1a: Reuniclus|Psychic|p2a: Gastrodon
|-damage|p2a: Gastrodon|245\/426
|-unboost|p2a: Gastrodon|spd|1
|
|-heal|p2a: Gastrodon|271\/426|[from] item: Leftovers
|turn|10
|
|switch|p2a: Cojiro|Kyurem|404\/404
|-damage|p2a: Cojiro|303\/404|[from] Stealth Rock
|-ability|p2a: Cojiro|Pressure
|move|p1a: Reuniclus|Signal Beam|p2a: Cojiro
|-damage|p2a: Cojiro|204\/404
|
|-heal|p2a: Cojiro|229\/404|[from] item: Leftovers
|turn|11
|
|move|p2a: Cojiro|Substitute|p2a: Cojiro
|-start|p2a: Cojiro|Substitute
|-damage|p2a: Cojiro|128\/404
|move|p1a: Reuniclus|Recover|p1a: Reuniclus
|-heal|p1a: Reuniclus|422\/422 brn
|
|-heal|p2a: Cojiro|153\/404|[from] item: Leftovers
|turn|12
|
|move|p2a: Cojiro|Roost|p2a: Cojiro
|-heal|p2a: Cojiro|355\/404
|move|p1a: Reuniclus|Psychic|p2a: Cojiro
|-end|p2a: Cojiro|Substitute
|
|-heal|p2a: Cojiro|380\/404|[from] item: Leftovers
|turn|13
|
|switch|p1a: Florges|Florges, F|360\/360
|-damage|p1a: Florges|315\/360|[from] Stealth Rock
|move|p2a: Cojiro|Ice Beam|p1a: Florges
|-damage|p1a: Florges|219\/360
|
|-heal|p2a: Cojiro|404\/404|[from] item: Leftovers
|-heal|p1a: Florges|241\/360|[from] item: Leftovers
|turn|14
|
|switch|p2a: Tentacruel|Tentacruel, F|363\/363
|-damage|p2a: Tentacruel|318\/363|[from] Stealth Rock
|move|p1a: Florges|Wish|p1a: Florges
|
|-heal|p2a: Tentacruel|340\/363|[from] item: Black Sludge
|-heal|p1a: Florges|263\/360|[from] item: Leftovers
|turn|15
|
|switch|p1a: Swampert|Swampert, F|401\/401
|-damage|p1a: Swampert|376\/401|[from] Stealth Rock
|move|p2a: Tentacruel|Rapid Spin|p1a: Swampert
|-damage|p1a: Swampert|367\/401
|-sideend|p2: hp gout|Stealth Rock|[from] move: Rapid Spin|[of] p2a: Tentacruel
|
|-heal|p1a: Swampert|401\/401|[from] move: Wish|[wisher] Florges
|-heal|p2a: Tentacruel|362\/363|[from] item: Black Sludge
|turn|16
|
|switch|p2a: Cojiro|Kyurem|404\/404
|-ability|p2a: Cojiro|Pressure
|move|p1a: Swampert|Earthquake|p2a: Cojiro
|-damage|p2a: Cojiro|263\/404
|
|-heal|p2a: Cojiro|288\/404|[from] item: Leftovers
|turn|17
|
|move|p2a: Cojiro|Ice Beam|p1a: Swampert
|-damage|p1a: Swampert|239\/401
|-status|p1a: Swampert|frz
|cant|p1a: Swampert|frz
|
|-heal|p2a: Cojiro|313\/404|[from] item: Leftovers
|-heal|p1a: Swampert|264\/401 frz|[from] item: Leftovers
|turn|18
|
|move|p2a: Cojiro|Ice Beam|p1a: Swampert
|-damage|p1a: Swampert|95\/401 frz
|-curestatus|p1a: Swampert|frz
|move|p1a: Swampert|Scald|p2a: Cojiro
|-resisted|p2a: Cojiro
|-damage|p2a: Cojiro|246\/404
|
|-heal|p2a: Cojiro|271\/404|[from] item: Leftovers
|-heal|p1a: Swampert|120\/401|[from] item: Leftovers
|turn|19
|
|switch|p1a: Suicune|Suicune|401\/401
|-damage|p1a: Suicune|351\/401|[from] Stealth Rock
|-ability|p1a: Suicune|Pressure
|move|p2a: Cojiro|Ice Beam|p1a: Suicune
|-resisted|p1a: Suicune
|-damage|p1a: Suicune|284\/401
|
|-heal|p2a: Cojiro|296\/404|[from] item: Leftovers
|-heal|p1a: Suicune|309\/401|[from] item: Leftovers
|turn|20
|
|switch|p1a: Florges|Florges, F|263\/360
|-damage|p1a: Florges|218\/360|[from] Stealth Rock
|move|p2a: Cojiro|Substitute|p2a: Cojiro
|-start|p2a: Cojiro|Substitute
|-damage|p2a: Cojiro|195\/404
|
|-heal|p2a: Cojiro|220\/404|[from] item: Leftovers
|-heal|p1a: Florges|240\/360|[from] item: Leftovers
|turn|21
|
|move|p2a: Cojiro|Ice Beam|p1a: Florges
|-damage|p1a: Florges|150\/360
|move|p1a: Florges|Wish|p1a: Florges
|
|-heal|p2a: Cojiro|245\/404|[from] item: Leftovers
|-heal|p1a: Florges|172\/360|[from] item: Leftovers
|turn|22
|
|switch|p2a: Tentacruel|Tentacruel, F|362\/363
|move|p1a: Florges|Moonblast|p2a: Tentacruel
|-resisted|p2a: Tentacruel
|-damage|p2a: Tentacruel|305\/363
|
|-heal|p1a: Florges|352\/360|[from] move: Wish|[wisher] Florges
|-heal|p2a: Tentacruel|327\/363|[from] item: Black Sludge
|-heal|p1a: Florges|360\/360|[from] item: Leftovers
|turn|23
|
|move|p2a: Tentacruel|Knock Off|p1a: Florges
|-resisted|p1a: Florges
|-damage|p1a: Florges|333\/360
|-enditem|p1a: Florges|Leftovers|[from] move: Knock Off|[of] p2a: Tentacruel
|move|p1a: Florges|Wish|p1a: Florges
|
|-heal|p2a: Tentacruel|349\/363|[from] item: Black Sludge
|turn|24
|
|move|p2a: Tentacruel|Scald|p1a: Florges
|-damage|p1a: Florges|279\/360
|-status|p1a: Florges|brn
|move|p1a: Florges|Moonblast|p2a: Tentacruel
|-resisted|p2a: Tentacruel
|-damage|p2a: Tentacruel|297\/363
|
|-heal|p1a: Florges|360\/360 brn|[from] move: Wish|[wisher] Florges
|-heal|p2a: Tentacruel|319\/363|[from] item: Black Sludge
|-damage|p1a: Florges|315\/360 brn|[from] brn
|turn|25
|
|move|p2a: Tentacruel|Sludge Bomb|p1a: Florges
|-supereffective|p1a: Florges
|-damage|p1a: Florges|201\/360 brn
|move|p1a: Florges|Aromatherapy|p1a: Florges
|-cureteam|p1a: Florges|[from] move: Aromatherapy
|
|-heal|p2a: Tentacruel|341\/363|[from] item: Black Sludge
|turn|26
|
|switch|p1a: Flygon|Flygon, M|301\/301
|-damage|p1a: Flygon|283\/301|[from] Stealth Rock
|move|p2a: Tentacruel|Sludge Bomb|p1a: Flygon
|-resisted|p1a: Flygon
|-damage|p1a: Flygon|229\/301
|
|-heal|p2a: Tentacruel|363\/363|[from] item: Black Sludge
|turn|27
|
|switch|p2a: Clefairy|Clefairy, F|344\/344
|move|p1a: Flygon|Defog|p2a: Clefairy
|-unboost|p2a: Clefairy|evasion|1
|-sideend|p1: angre management|Stealth Rock|[from] move: Defog|[of] p1a: Flygon
|
|turn|28
|
|switch|p1a: Raikou|Raikou|364\/364
|-ability|p1a: Raikou|Pressure
|move|p2a: Clefairy|Moonblast|p1a: Raikou
|-damage|p1a: Raikou|283\/364
|
|turn|29
|
|move|p1a: Raikou|Calm Mind|p1a: Raikou
|-boost|p1a: Raikou|spa|1
|-boost|p1a: Raikou|spd|1
|move|p2a: Clefairy|Calm Mind|p2a: Clefairy
|-boost|p2a: Clefairy|spa|1
|-boost|p2a: Clefairy|spd|1
|
|turn|30
|
|move|p1a: Raikou|Calm Mind|p1a: Raikou
|-boost|p1a: Raikou|spa|1
|-boost|p1a: Raikou|spd|1
|move|p2a: Clefairy|Moonblast|p1a: Raikou
|-damage|p1a: Raikou|226\/364
|
|turn|31
|
|move|p1a: Raikou|Calm Mind|p1a: Raikou
|-boost|p1a: Raikou|spa|1
|-boost|p1a: Raikou|spd|1
|move|p2a: Clefairy|Moonblast|p1a: Raikou
|-damage|p1a: Raikou|181\/364
|
|turn|32
|
|move|p1a: Raikou|Thunderbolt|p2a: Clefairy
|-damage|p2a: Clefairy|143\/344
|move|p2a: Clefairy|Stealth Rock|p1a: Raikou
|-sidestart|p1: angre management|move: Stealth Rock
|
|turn|33
|
|move|p1a: Raikou|Calm Mind|p1a: Raikou
|-boost|p1a: Raikou|spa|1
|-boost|p1a: Raikou|spd|1
|move|p2a: Clefairy|Moonblast|p1a: Raikou
|-damage|p1a: Raikou|139\/364
|
|turn|34
|
|move|p1a: Raikou|Thunderbolt|p2a: Clefairy
|-damage|p2a: Clefairy|0 fnt
|faint|p2a: Clefairy
|
|
|switch|p2a: Spiritomb|Spiritomb, M|304\/304
|turn|35
|
|move|p2a: Spiritomb|Sucker Punch|p1a: Raikou
|-fail|p1a: Raikou
|move|p1a: Raikou|Rest|p1a: Raikou
|-status|p1a: Raikou|slp
|-heal|p1a: Raikou|364\/364 slp|[silent]
|-status|p1a: Raikou|slp|[from] move: Rest
|-enditem|p1a: Raikou|Chesto Berry|[eat]
|-curestatus|p1a: Raikou|slp
|
|turn|36
|
|move|p2a: Spiritomb|Sucker Punch|p1a: Raikou
|-damage|p1a: Raikou|169\/364
|move|p1a: Raikou|Thunderbolt|p2a: Spiritomb
|-damage|p2a: Spiritomb|0 fnt
|faint|p2a: Spiritomb
|
|
|switch|p2a: Cojiro|Kyurem|245\/404
|-ability|p2a: Cojiro|Pressure
|turn|37
|
|switch|p2a: Umbreon|Umbreon, M|393\/394
|move|p1a: Raikou|Thunderbolt|p2a: Umbreon
|-damage|p2a: Umbreon|149\/394
|
|-heal|p2a: Umbreon|173\/394|[from] item: Leftovers
|turn|38
|
|switch|p2a: Gastrodon|Gastrodon, F|271\/426
|move|p1a: Raikou|Calm Mind|p1a: Raikou
|-boost|p1a: Raikou|spa|1
|-boost|p1a: Raikou|spd|1
|
|-heal|p2a: Gastrodon|297\/426|[from] item: Leftovers
|turn|39
|
|switch|p2a: Umbreon|Umbreon, M|173\/394
|move|p1a: Raikou|Hidden Power|p2a: Umbreon
|-damage|p2a: Umbreon|54\/394
|
|-heal|p2a: Umbreon|78\/394|[from] item: Leftovers
|turn|40
|
|move|p1a: Raikou|Hidden Power|p2a: Umbreon
|-damage|p2a: Umbreon|0 fnt
|faint|p2a: Umbreon
|
|
|switch|p2a: Cojiro|Kyurem|245\/404
|-ability|p2a: Cojiro|Pressure
|turn|41
|
|move|p1a: Raikou|Thunderbolt|p2a: Cojiro
|-crit|p2a: Cojiro
|-resisted|p2a: Cojiro
|-damage|p2a: Cojiro|0 fnt
|faint|p2a: Cojiro
|
|-message|hp gout forfeited.
|
|win|angre management
|raw|Ladder updating...
|leave|hp gout
|player|p2
|raw|angre management's rating: 1600 &rarr; <strong>1619<\/strong><br \/>(+19 for winning)
|raw|hp gout's rating: 1580 &rarr; <strong>1561<\/strong><br \/>(-19 for losing)
|leave|angre management
|player|p1
|leave|Aimersnipe
|join|angre management