|join|ULTimate Sonic
|join|angre management
|player|p1|ULTimate Sonic|170
|player|p2|angre management|140
|gametype|singles
|gen|6
|tier|UU
|rated
|rule|Sleep Clause Mod: Limit one foe put to sleep
|rule|Species Clause: Limit one of each Pokémon
|rule|OHKO Clause: OHKO moves are banned
|rule|Moody Clause: Moody is banned
|rule|Evasion Moves Clause: Evasion moves are banned
|rule|Endless Battle Clause: Forcing endless battles is banned
|rule|HP Percentage Mod: HP is shown in percentages
|clearpoke
|poke|p1|Hawlucha, F
|poke|p1|Mienshao, M
|poke|p1|Empoleon, M
|poke|p1|Victini
|poke|p1|Granbull, F
|poke|p1|Chandelure, F
|poke|p2|Florges, F
|poke|p2|Chandelure, F
|poke|p2|Flygon, F
|poke|p2|Swampert, F
|poke|p2|Heracross, F
|poke|p2|Jirachi, shiny
|rule|Swagger Clause: Swagger is banned
|rule|Baton Pass Clause: Limit one Pokémon knowing Baton Pass
|teampreview
|
|start
|switch|p1a: Victini|Victini|341\/341
|switch|p2a: Swampert|Swampert, F|401\/401
|turn|1
|
|switch|p2a: we got the jazz|Chandelure, F|285\/285
|move|p1a: Victini|Grass Knot|p2a: we got the jazz
|-resisted|p2a: we got the jazz
|-damage|p2a: we got the jazz|241\/285
|-damage|p1a: Victini|307\/341|[from] item: Life Orb
|
|-heal|p2a: we got the jazz|258\/285|[from] item: Leftovers
|turn|2
|
|switch|p1a: Empoleon|Empoleon, M|372\/372
|move|p2a: we got the jazz|Shadow Ball|p1a: Empoleon
|-damage|p1a: Empoleon|273\/372
|
|-heal|p2a: we got the jazz|275\/285|[from] item: Leftovers
|-heal|p1a: Empoleon|296\/372|[from] item: Leftovers
|turn|3
|
|switch|p2a: Swampert|Swampert, F|401\/401
|move|p1a: Empoleon|Scald|p2a: Swampert
|-damage|p2a: Swampert|283\/401
|
|-heal|p1a: Empoleon|319\/372|[from] item: Leftovers
|-heal|p2a: Swampert|308\/401|[from] item: Leftovers
|turn|4
|
|move|p1a: Empoleon|Scald|p2a: Swampert
|-damage|p2a: Swampert|194\/401
|move|p2a: Swampert|Stealth Rock|p1a: Empoleon
|-sidestart|p1: ULTimate Sonic|move: Stealth Rock
|
|-heal|p1a: Empoleon|342\/372|[from] item: Leftovers
|-heal|p2a: Swampert|219\/401|[from] item: Leftovers
|turn|5
|
|move|p1a: Empoleon|Scald|p2a: Swampert
|-damage|p2a: Swampert|99\/401
|move|p2a: Swampert|Earthquake|p1a: Empoleon
|-supereffective|p1a: Empoleon
|-damage|p1a: Empoleon|58\/372
|
|-heal|p1a: Empoleon|81\/372|[from] item: Leftovers
|-heal|p2a: Swampert|124\/401|[from] item: Leftovers
|turn|6
|
|move|p1a: Empoleon|Defog|p2a: Swampert
|-unboost|p2a: Swampert|evasion|1
|-sideend|p1: ULTimate Sonic|Stealth Rock|[from] move: Defog|[of] p1a: Empoleon
|move|p2a: Swampert|Earthquake|p1a: Empoleon
|-supereffective|p1a: Empoleon
|-damage|p1a: Empoleon|0 fnt
|faint|p1a: Empoleon
|
|-heal|p2a: Swampert|149\/401|[from] item: Leftovers
|
|switch|p1a: Chandelure|Chandelure, F|261\/261
|turn|7
|
|switch|p2a: Florges|Florges, F|360\/360
|move|p1a: Chandelure|Shadow Ball|p2a: Florges
|-damage|p2a: Florges|252\/360
|
|-heal|p2a: Florges|274\/360|[from] item: Leftovers
|turn|8
|
|switch|p1a: Granbull|Granbull, F|384\/384
|-ability|p1a: Granbull|Intimidate|[of] p2a: Florges
|-unboost|p2a: Florges|atk|1
|switch|p2a: we got the jazz|Chandelure, F|275\/285
|
|-heal|p2a: we got the jazz|285\/285|[from] item: Leftovers
|turn|9
|
|move|p2a: we got the jazz|Substitute|p2a: we got the jazz
|-start|p2a: we got the jazz|Substitute
|-damage|p2a: we got the jazz|214\/285
|move|p1a: Granbull|Thunder Wave|p2a: we got the jazz
|
|-heal|p2a: we got the jazz|231\/285|[from] item: Leftovers
|turn|10
|
|move|p2a: we got the jazz|Shadow Ball|p1a: Granbull
|-damage|p1a: Granbull|180\/384
|move|p1a: Granbull|Earthquake|p2a: we got the jazz
|-supereffective|p2a: we got the jazz
|-end|p2a: we got the jazz|Substitute
|
|-heal|p2a: we got the jazz|248\/285|[from] item: Leftovers
|-heal|p1a: Granbull|204\/384|[from] item: Leftovers
|turn|11
|
|move|p2a: we got the jazz|Shadow Ball|p1a: Granbull
|-damage|p1a: Granbull|0 fnt
|faint|p1a: Granbull
|
|-heal|p2a: we got the jazz|265\/285|[from] item: Leftovers
|
|switch|p1a: Chandelure|Chandelure, F|261\/261
|turn|12
|
|switch|p2a: toadstyle|Heracross, F|311\/311
|move|p1a: Chandelure|Shadow Ball|p2a: toadstyle
|-damage|p2a: toadstyle|131\/311
|
|turn|13
|
|move|p1a: Chandelure|Shadow Ball|p2a: toadstyle
|-damage|p2a: toadstyle|0 fnt
|faint|p2a: toadstyle
|
|
|switch|p2a: Florges|Florges, F|274\/360
|turn|14
|
|move|p1a: Chandelure|Shadow Ball|p2a: Florges
|-damage|p2a: Florges|166\/360
|move|p2a: Florges|Wish|p2a: Florges
|
|-heal|p2a: Florges|188\/360|[from] item: Leftovers
|turn|15
|
|move|p1a: Chandelure|Shadow Ball|p2a: Florges
|-damage|p2a: Florges|80\/360
|move|p2a: Florges|Moonblast|p1a: Chandelure
|-resisted|p1a: Chandelure
|-damage|p1a: Chandelure|196\/261
|
|-heal|p2a: Florges|260\/360|[from] move: Wish|[wisher] Florges
|-heal|p2a: Florges|282\/360|[from] item: Leftovers
|turn|16
|
|move|p1a: Chandelure|Shadow Ball|p2a: Florges
|-damage|p2a: Florges|179\/360
|move|p2a: Florges|Wish|p2a: Florges
|
|-heal|p2a: Florges|201\/360|[from] item: Leftovers
|turn|17
|
|switch|p1a: Victini|Victini|307\/341
|move|p2a: Florges|Moonblast|p1a: Victini
|-resisted|p1a: Victini
|-damage|p1a: Victini|244\/341
|
|-heal|p2a: Florges|360\/360|[from] move: Wish|[wisher] Florges
|turn|18
|
|switch|p2a: Swampert|Swampert, F|149\/401
|move|p1a: Victini|V-create|p2a: Swampert
|-resisted|p2a: Swampert
|-damage|p2a: Swampert|32\/401
|-unboost|p1a: Victini|def|1
|-unboost|p1a: Victini|spd|1
|-unboost|p1a: Victini|spe|1
|-damage|p1a: Victini|210\/341|[from] item: Life Orb
|
|-heal|p2a: Swampert|57\/401|[from] item: Leftovers
|turn|19
|join|ULT RowDog
|
|move|p1a: Victini|Grass Knot|p2a: Swampert
|-supereffective|p2a: Swampert
|-damage|p2a: Swampert|0 fnt
|-damage|p1a: Victini|176\/341|[from] item: Life Orb
|faint|p2a: Swampert
|
|
|switch|p2a: we got the jazz|Chandelure, F|265\/285
|turn|20
|
|switch|p1a: Hawlucha|Hawlucha, F|296\/296
|move|p2a: we got the jazz|Shadow Ball|p1a: Hawlucha
|-damage|p1a: Hawlucha|88\/296
|-enditem|p1a: Hawlucha|Sitrus Berry|[eat]
|-heal|p1a: Hawlucha|162\/296|[from] item: Sitrus Berry
|
|-heal|p2a: we got the jazz|282\/285|[from] item: Leftovers
|turn|21
|
|move|p1a: Hawlucha|Acrobatics|p2a: we got the jazz
|-damage|p2a: we got the jazz|108\/285
|move|p2a: we got the jazz|Shadow Ball|p1a: Hawlucha
|-damage|p1a: Hawlucha|0 fnt
|faint|p1a: Hawlucha
|
|-heal|p2a: we got the jazz|125\/285|[from] item: Leftovers
|
|switch|p1a: Victini|Victini|176\/341
|turn|22
|
|switch|p2a: Flygon|Flygon, F|301\/301
|move|p1a: Victini|Thunder|p2a: Flygon
|-immune|p2a: Flygon|[msg]
|
|turn|23
|
|move|p2a: Flygon|Earthquake|p1a: Victini
|-supereffective|p1a: Victini
|-damage|p1a: Victini|0 fnt
|faint|p1a: Victini
|
|
|switch|p1a: Mienshao|Mienshao, M|271\/271
|turn|24
|
|switch|p2a: Florges|Florges, F|360\/360
|move|p1a: Mienshao|U-turn|p2a: Florges
|-resisted|p2a: Florges
|-damage|p2a: Florges|315\/360
|
|switch|p1a: Chandelure|Chandelure, F|196\/261
|
|-heal|p2a: Florges|337\/360|[from] item: Leftovers
|turn|25
|
|move|p2a: Florges|Protect|p2a: Florges
|-singleturn|p2a: Florges|Protect
|move|p1a: Chandelure|Trick|p2a: Florges
|-activate|p2a: Florges|Protect
|
|-heal|p2a: Florges|359\/360|[from] item: Leftovers
|turn|26
|
|switch|p2a: we got the jazz|Chandelure, F|125\/285
|move|p1a: Chandelure|Trick|p2a: we got the jazz
|-activate|p1a: Chandelure|move: Trick|[of] p2a: we got the jazz
|-item|p2a: we got the jazz|Choice Scarf|[from] move: Trick
|-item|p1a: Chandelure|Leftovers|[from] move: Trick
|
|-heal|p1a: Chandelure|212\/261|[from] item: Leftovers
|turn|27
|
|switch|p1a: Mienshao|Mienshao, M|271\/271
|move|p2a: we got the jazz|Shadow Ball|p1a: Mienshao
|-crit|p1a: Mienshao
|-damage|p1a: Mienshao|0 fnt
|faint|p1a: Mienshao
|
|
|switch|p1a: Chandelure|Chandelure, F|212\/261
|turn|28
|
|move|p2a: we got the jazz|Shadow Ball|p1a: Chandelure
|-supereffective|p1a: Chandelure
|-damage|p1a: Chandelure|0 fnt
|faint|p1a: Chandelure
|
|win|angre management
|raw|Ladder updating...
|c|★ULTimate Sonic|fuck me
|raw|ULTimate Sonic's rating: 1690 &rarr; <strong>1665<\/strong><br \/>(-25 for losing)
|raw|angre management's rating: 1594 &rarr; <strong>1619<\/strong><br \/>(+25 for winning)
|leave|ULTimate Sonic
|player|p1
|leave|angre management
|player|p2