|join|Zera Delta
|join|angre management
|player|p1|Zera Delta|52
|player|p2|angre management|140
|gametype|singles
|gen|6
|tier|UU
|rated
|rule|Sleep Clause Mod: Limit one foe put to sleep
|rule|Species Clause: Limit one of each Pokémon
|rule|OHKO Clause: OHKO moves are banned
|rule|Moody Clause: Moody is banned
|rule|Evasion Moves Clause: Evasion moves are banned
|rule|Endless Battle Clause: Forcing endless battles is banned
|rule|HP Percentage Mod: HP is shown in percentages
|clearpoke
|poke|p1|Jirachi, shiny
|poke|p1|Rotom-Heat
|poke|p1|Zoroark, M
|poke|p1|Vaporeon, F
|poke|p1|Gligar, M, shiny
|poke|p1|Abomasnow, M, shiny
|poke|p2|Suicune
|poke|p2|Raikou
|poke|p2|Florges, F
|poke|p2|Swampert, F
|poke|p2|Flygon, F
|poke|p2|Drapion, F
|rule|Swagger Clause: Swagger is banned
|rule|Baton Pass Clause: Limit one Pokémon knowing Baton Pass
|teampreview
|
|start
|switch|p1a: Gligar|Gligar, M, shiny|261\/261
|switch|p2a: Florges|Florges, F|360\/360
|turn|1
|
|switch|p1a: Jirachi|Jirachi, shiny|404\/404
|move|p2a: Florges|Moonblast|p1a: Jirachi
|-resisted|p1a: Jirachi
|-damage|p1a: Jirachi|341\/404
|-unboost|p1a: Jirachi|spa|1
|
|-heal|p1a: Jirachi|366\/404|[from] item: Leftovers
|turn|2
|join|dodmen
|join|Pinkin Lark
|
|switch|p1a: Rotom-Heat|Rotom-Heat|304\/304
|switch|p2a: Swampert|Swampert, F|401\/401
|
|turn|3
|
|switch|p1a: Gligar|Gligar, M, shiny|261\/261
|move|p2a: Swampert|Stealth Rock|p1a: Gligar
|-sidestart|p1: Zera Delta|move: Stealth Rock
|
|turn|4
|
|switch|p2a: Florges|Florges, F|360\/360
|move|p1a: Gligar|Grass Knot|p2a: Florges
|-damage|p2a: Florges|325\/360
|-damage|p1a: Gligar|235\/261|[from] item: Life Orb
|
|-heal|p2a: Florges|347\/360|[from] item: Leftovers
|turn|5
|
|switch|p1a: Gligar|Gligar, M, shiny|334\/334
|-damage|p1a: Gligar|293\/334|[from] Stealth Rock
|switch|p2a: Suicune|Suicune|401\/401
|-ability|p2a: Suicune|Pressure
|
|turn|6
|
|move|p2a: Suicune|Scald|p1a: Gligar
|-supereffective|p1a: Gligar
|-damage|p1a: Gligar|143\/334
|-status|p1a: Gligar|brn
|move|p1a: Gligar|Defog|p2a: Suicune
|-unboost|p2a: Suicune|evasion|1
|-sideend|p1: Zera Delta|Stealth Rock|[from] move: Defog|[of] p1a: Gligar
|
|-damage|p1a: Gligar|102\/334 brn|[from] brn
|turn|7
|
|switch|p1a: Abomasnow|Abomasnow, M, shiny|383\/383
|move|p2a: Suicune|Scald|p1a: Abomasnow
|-resisted|p1a: Abomasnow
|-damage|p1a: Abomasnow|332\/383
|-status|p1a: Abomasnow|brn
|
|-damage|p1a: Abomasnow|285\/383 brn|[from] brn
|turn|8
|
|switch|p2a: Treasure Box|Drapion, F|343\/343
|switch|p1a: Vaporeon|Vaporeon, F|463\/463
|
|turn|9
|
|move|p2a: Treasure Box|Acupressure|p2a: Treasure Box
|-boost|p2a: Treasure Box|accuracy|2
|move|p1a: Vaporeon|Scald|p2a: Treasure Box
|-damage|p2a: Treasure Box|247\/343
|
|-heal|p2a: Treasure Box|268\/343|[from] item: Black Sludge
|turn|10
|
|move|p2a: Treasure Box|Acupressure|p2a: Treasure Box
|-boost|p2a: Treasure Box|atk|2
|move|p1a: Vaporeon|Heal Bell|p1a: Vaporeon
|-cureteam|p1a: Vaporeon|[from] move: HealBell
|
|-heal|p2a: Treasure Box|289\/343|[from] item: Black Sludge
|turn|11
|
|move|p2a: Treasure Box|Acupressure|p2a: Treasure Box
|-boost|p2a: Treasure Box|def|2
|move|p1a: Vaporeon|Scald|p2a: Treasure Box
|-damage|p2a: Treasure Box|186\/343
|
|-heal|p2a: Treasure Box|207\/343|[from] item: Black Sludge
|turn|12
|
|move|p2a: Treasure Box|Acupressure|p2a: Treasure Box
|-boost|p2a: Treasure Box|evasion|2
|move|p1a: Vaporeon|Scald|p2a: Treasure Box
|-damage|p2a: Treasure Box|110\/343
|
|-heal|p2a: Treasure Box|131\/343|[from] item: Black Sludge
|turn|13
|
|move|p2a: Treasure Box|Acupressure|p2a: Treasure Box
|-boost|p2a: Treasure Box|def|2
|move|p1a: Vaporeon|Scald|p2a: Treasure Box|[miss]
|-miss|p1a: Vaporeon|p2a: Treasure Box
|
|-heal|p2a: Treasure Box|152\/343|[from] item: Black Sludge
|turn|14
|
|move|p2a: Treasure Box|Acupressure|p2a: Treasure Box
|-boost|p2a: Treasure Box|spd|2
|move|p1a: Vaporeon|Scald|p2a: Treasure Box
|-damage|p2a: Treasure Box|98\/343
|-status|p2a: Treasure Box|brn
|
|-heal|p2a: Treasure Box|119\/343 brn|[from] item: Black Sludge
|-damage|p2a: Treasure Box|77\/343 brn|[from] brn
|turn|15
|
|move|p2a: Treasure Box|Rest|p2a: Treasure Box
|-status|p2a: Treasure Box|slp
|-heal|p2a: Treasure Box|343\/343 slp|[silent]
|-status|p2a: Treasure Box|slp|[from] move: Rest
|move|p1a: Vaporeon|Wish|p1a: Vaporeon
|
|turn|16
|
|switch|p1a: Abomasnow|Abomasnow, M, shiny|285\/383
|cant|p2a: Treasure Box|slp
|move|p2a: Treasure Box|Sleep Talk|p2a: Treasure Box
|move|p2a: Treasure Box|Acupressure|p2a: Treasure Box|[from]Sleep Talk
|-boost|p2a: Treasure Box|spd|2
|
|-heal|p1a: Abomasnow|383\/383|[from] move: Wish|[wisher] Vaporeon
|turn|17
|
|detailschange|p1a: Abomasnow|Abomasnow-Mega, M, shiny
|message|Abomasnow has Mega Evolved into Mega Abomasnow!
|-weather|Hail
|cant|p2a: Treasure Box|slp
|move|p2a: Treasure Box|Sleep Talk|p2a: Treasure Box
|move|p2a: Treasure Box|Acupressure|p2a: Treasure Box|[from]Sleep Talk
|-boost|p2a: Treasure Box|spa|2
|move|p1a: Abomasnow|Swords Dance|p1a: Abomasnow
|-boost|p1a: Abomasnow|atk|2
|
|-weather|Hail|[upkeep]
|-damage|p2a: Treasure Box|322\/343 slp|[from] hail
|-heal|p2a: Treasure Box|343\/343 slp|[from] item: Black Sludge
|turn|18
|
|-curestatus|p2a: Treasure Box|slp
|move|p2a: Treasure Box|Knock Off|p1a: Abomasnow
|-damage|p1a: Abomasnow|248\/383
|move|p1a: Abomasnow|Earthquake|p2a: Treasure Box
|-miss|p1a: Abomasnow|p2a: Treasure Box
|
|-weather|Hail|[upkeep]
|-damage|p2a: Treasure Box|322\/343|[from] hail
|-heal|p2a: Treasure Box|343\/343|[from] item: Black Sludge
|turn|19
|c| dodmen|loooooooool
|
|move|p2a: Treasure Box|Knock Off|p1a: Abomasnow
|-crit|p1a: Abomasnow
|-damage|p1a: Abomasnow|40\/383
|move|p1a: Abomasnow|Earthquake|p2a: Treasure Box
|-supereffective|p2a: Treasure Box
|-damage|p2a: Treasure Box|187\/343
|
|-weather|Hail|[upkeep]
|-damage|p2a: Treasure Box|166\/343|[from] hail
|-heal|p2a: Treasure Box|187\/343|[from] item: Black Sludge
|turn|20
|c| Pinkin Lark|tfw
|
|move|p1a: Abomasnow|Ice Shard|p2a: Treasure Box|[miss]
|-miss|p1a: Abomasnow|p2a: Treasure Box
|move|p2a: Treasure Box|Knock Off|p1a: Abomasnow
|-damage|p1a: Abomasnow|0 fnt
|faint|p1a: Abomasnow
|
|-weather|Hail|[upkeep]
|-damage|p2a: Treasure Box|166\/343|[from] hail
|-heal|p2a: Treasure Box|187\/343|[from] item: Black Sludge
|c| Pinkin Lark|you have an unavoidable move
|c| Pinkin Lark|well.. guess phsyical wouldnt have it
|c| Pinkin Lark|SpA aboma #1
|join|So Dynamic
|c| So Dynamic|oml
|
|switch|p1a: Rotom-Heat|Rotom-Heat|304\/304
|turn|21
|
|move|p2a: Treasure Box|Knock Off|p1a: Rotom-Heat
|-damage|p1a: Rotom-Heat|100\/304
|-enditem|p1a: Rotom-Heat|Leftovers|[from] move: Knock Off|[of] p2a: Treasure Box
|move|p1a: Rotom-Heat|Will-O-Wisp|p2a: Treasure Box|[miss]
|-miss|p1a: Rotom-Heat|p2a: Treasure Box
|
|-weather|none
|-heal|p2a: Treasure Box|208\/343|[from] item: Black Sludge
|turn|22
|
|move|p2a: Treasure Box|Knock Off|p1a: Rotom-Heat
|-damage|p1a: Rotom-Heat|0 fnt
|faint|p1a: Rotom-Heat
|
|-heal|p2a: Treasure Box|229\/343|[from] item: Black Sludge
|
|switch|p1a: Zoroark|Zoroark, M|235\/261
|turn|23
|
|move|p1a: Zoroark|Knock Off|p2a: Treasure Box
|-resisted|p2a: Treasure Box
|-damage|p2a: Treasure Box|199\/343
|-enditem|p2a: Treasure Box|Black Sludge|[from] move: Knock Off|[of] p1a: Zoroark
|-damage|p1a: Zoroark|209\/261|[from] item: Life Orb
|move|p2a: Treasure Box|Acupressure|p2a: Treasure Box
|-boost|p2a: Treasure Box|spd|2
|
|turn|24
|
|move|p1a: Zoroark|Flamethrower|p2a: Treasure Box
|-damage|p2a: Treasure Box|168\/343
|-damage|p1a: Zoroark|183\/261|[from] item: Life Orb
|move|p2a: Treasure Box|Acupressure|p2a: Treasure Box
|-boost|p2a: Treasure Box|spe|2
|
|turn|25
|
|move|p2a: Treasure Box|Rest|p2a: Treasure Box
|-status|p2a: Treasure Box|slp
|-heal|p2a: Treasure Box|343\/343 slp|[silent]
|-status|p2a: Treasure Box|slp|[from] move: Rest
|move|p1a: Zoroark|Flamethrower|p2a: Treasure Box
|-damage|p2a: Treasure Box|313\/343 slp
|-damage|p1a: Zoroark|157\/261|[from] item: Life Orb
|
|turn|26
|
|switch|p1a: Jirachi|Jirachi, shiny|366\/404
|cant|p2a: Treasure Box|slp
|move|p2a: Treasure Box|Sleep Talk|p2a: Treasure Box
|move|p2a: Treasure Box|Acupressure|p2a: Treasure Box|[from]Sleep Talk
|-boost|p2a: Treasure Box|spa|2
|
|-heal|p1a: Jirachi|391\/404|[from] item: Leftovers
|turn|27
|
|cant|p2a: Treasure Box|slp
|move|p2a: Treasure Box|Sleep Talk|p2a: Treasure Box
|move|p2a: Treasure Box|Knock Off|p1a: Jirachi|[from]Sleep Talk
|-supereffective|p1a: Jirachi
|-damage|p1a: Jirachi|17\/404
|-enditem|p1a: Jirachi|Leftovers|[from] move: Knock Off|[of] p2a: Treasure Box
|move|p1a: Jirachi|Substitute|p1a: Jirachi
|-fail|p1a: Jirachi|move: Substitute|[weak]
|
|turn|28
|
|-curestatus|p2a: Treasure Box|slp
|move|p2a: Treasure Box|Knock Off|p1a: Jirachi
|-crit|p1a: Jirachi
|-supereffective|p1a: Jirachi
|-damage|p1a: Jirachi|0 fnt
|faint|p1a: Jirachi
|
|c|★Zera Delta|gg
|-message|Zera Delta forfeited.
|
|win|angre management
|raw|Ladder updating...
|raw|Zera Delta's rating: 1638 &rarr; <strong>1615<\/strong><br \/>(-23 for losing)
|raw|angre management's rating: 1594 &rarr; <strong>1616<\/strong><br \/>(+22 for winning)
|leave|Zera Delta
|player|p1
|c|★angre management|gg
|leave|angre management
|player|p2
|leave|Pinkin Lark