|join|ferst imo
|join|Drina Auguste
|player|p1|ferst imo|137
|player|p2|Drina Auguste|98
|gametype|singles
|gen|6
|tier|OU
|rated
|clearpoke
|poke|p1|Garchomp, M
|poke|p1|Bisharp, F
|poke|p1|Keldeo
|poke|p1|Metagross
|poke|p1|Landorus-Therian, M
|poke|p1|Latios, M
|poke|p2|Azelf
|poke|p2|Greninja, M
|poke|p2|Beedrill, M
|poke|p2|Landorus-Therian, M
|poke|p2|Bisharp, M
|poke|p2|Breloom, M
|rule|Swagger Clause: Swagger is banned
|rule|Baton Pass Clause: Limit one Pokémon knowing Baton Pass
|rule|Sleep Clause Mod: Limit one foe put to sleep
|rule|Species Clause: Limit one of each Pokémon
|rule|OHKO Clause: OHKO moves are banned
|rule|Moody Clause: Moody is banned
|rule|Evasion Moves Clause: Evasion moves are banned
|rule|Endless Battle Clause: Forcing endless battles is banned
|rule|HP Percentage Mod: HP is shown in percentages
|teampreview
|
|start
|switch|p1a: Landorus-Therian|Landorus-Therian, M|319\/319
|switch|p2a: Azelf|Azelf|353\/353
|-ability|p1a: Landorus-Therian|Intimidate|[of] p2a: Azelf
|-unboost|p2a: Azelf|atk|1
|turn|1
|
|move|p1a: Landorus-Therian|Knock Off|p2a: Azelf
|-supereffective|p2a: Azelf
|-damage|p2a: Azelf|31\/353
|-enditem|p2a: Azelf|Focus Sash|[from] move: Knock Off|[of] p1a: Landorus-Therian
|move|p2a: Azelf|Stealth Rock|p1a: Landorus-Therian
|-sidestart|p1: ferst imo|move: Stealth Rock
|
|turn|2
|
|move|p1a: Landorus-Therian|Knock Off|p2a: Azelf
|-supereffective|p2a: Azelf
|-damage|p2a: Azelf|0 fnt
|faint|p2a: Azelf
|
|
|switch|p2a: Greninja|Greninja, M|285\/285
|turn|3
|
|switch|p1a: Bisharp|Bisharp, F|271\/271
|-damage|p1a: Bisharp|255\/271|[from] Stealth Rock
|move|p2a: Greninja|U-turn|p1a: Bisharp
|-start|p2a: Greninja|typechange|Bug|[from] Protean
|-damage|p1a: Bisharp|142\/271
|-damage|p2a: Greninja|257\/285|[from] item: Life Orb
|
|switch|p2a: Breloom|Breloom, M|261\/261
|
|turn|4
|
|switch|p1a: Latios|Latios, M|301\/301
|-damage|p1a: Latios|264\/301|[from] Stealth Rock
|move|p2a: Breloom|Spore|p1a: Latios
|-status|p1a: Latios|slp
|
|turn|5
|
|switch|p1a: Garchomp|Garchomp, M|357\/357
|-damage|p1a: Garchomp|335\/357|[from] Stealth Rock
|switch|p2a: Beedrill|Beedrill, M|271\/271
|
|turn|6
|
|detailschange|p2a: Beedrill|Beedrill-Mega, M
|-mega|p2a: Beedrill|Beedrill|Beedrillite
|move|p1a: Garchomp|Stealth Rock|p2a: Beedrill
|-sidestart|p2: Drina Auguste|move: Stealth Rock
|move|p2a: Beedrill|U-turn|p1a: Garchomp
|-damage|p1a: Garchomp|137\/357
|-damage|p2a: Beedrill|238\/271|[from] ability: Rough Skin|[of] p1a: Garchomp
|
|switch|p2a: Greninja|Greninja, M|257\/285
|-damage|p2a: Greninja|222\/285|[from] Stealth Rock
|
|turn|7
|
|move|p2a: Greninja|Ice Beam|p1a: Garchomp
|-start|p2a: Greninja|typechange|Ice|[from] Protean
|-crit|p1a: Garchomp
|-supereffective|p1a: Garchomp
|-damage|p1a: Garchomp|0 fnt
|-damage|p2a: Greninja|194\/285|[from] item: Life Orb
|faint|p1a: Garchomp
|
|
|switch|p1a: Keldeo|Keldeo|323\/323
|-damage|p1a: Keldeo|303\/323|[from] Stealth Rock
|turn|8
|
|move|p2a: Greninja|Spikes|p1a: Keldeo
|-start|p2a: Greninja|typechange|Ground|[from] Protean
|-sidestart|p1: ferst imo|Spikes
|move|p1a: Keldeo|Scald|p2a: Greninja
|-supereffective|p2a: Greninja
|-damage|p2a: Greninja|0 fnt
|faint|p2a: Greninja
|
|
|switch|p2a: Breloom|Breloom, M|261\/261
|-damage|p2a: Breloom|245\/261|[from] Stealth Rock
|turn|9
|
|switch|p1a: Metagross|Metagross|301\/301
|-damage|p1a: Metagross|283\/301|[from] Stealth Rock
|-damage|p1a: Metagross|246\/301|[from] Spikes
|move|p2a: Breloom|Bullet Seed|p1a: Metagross
|-resisted|p1a: Metagross
|-damage|p1a: Metagross|222\/301
|-resisted|p1a: Metagross
|-damage|p1a: Metagross|195\/301
|-hitcount|p1a: Metagross|2
|
|turn|10
|
|switch|p2a: Bisharp|Bisharp, M|271\/271
|-damage|p2a: Bisharp|255\/271|[from] Stealth Rock
|detailschange|p1a: Metagross|Metagross-Mega
|-mega|p1a: Metagross|Metagross|Metagrossite
|move|p1a: Metagross|Ice Punch|p2a: Bisharp
|-crit|p2a: Bisharp
|-resisted|p2a: Bisharp
|-damage|p2a: Bisharp|164\/271
|
|turn|11
|
|move|p1a: Metagross|Earthquake|p2a: Bisharp
|-supereffective|p2a: Bisharp
|-damage|p2a: Bisharp|0 fnt
|faint|p2a: Bisharp
|
|
|switch|p2a: Beedrill|Beedrill-Mega, M|238\/271
|-damage|p2a: Beedrill|171\/271|[from] Stealth Rock
|turn|12
|
|move|p2a: Beedrill|U-turn|p1a: Metagross
|-damage|p1a: Metagross|63\/301
|
|switch|p2a: Landorus-Therian|Landorus-Therian, M|319\/319
|-damage|p2a: Landorus-Therian|280\/319|[from] Stealth Rock
|-ability|p2a: Landorus-Therian|Intimidate|[of] p1a: Metagross
|-unboost|p1a: Metagross|atk|1
|move|p1a: Metagross|Ice Punch|p2a: Landorus-Therian
|-supereffective|p2a: Landorus-Therian
|-damage|p2a: Landorus-Therian|0 fnt
|faint|p2a: Landorus-Therian
|
|
|switch|p2a: Beedrill|Beedrill-Mega, M|171\/271
|-damage|p2a: Beedrill|104\/271|[from] Stealth Rock
|turn|13
|-message|Drina Auguste forfeited.
|
|win|ferst imo
|raw|Ladder updating...
|
|leave|Drina Auguste
|player|p2
|raw|ferst imo's rating: 1564 &rarr; <strong>1584<\/strong><br \/>(+20 for winning)
|raw|Drina Auguste's rating: 1566 &rarr; <strong>1546<\/strong><br \/>(-20 for losing)