|join|zamparo
|join|alb_prova
|player|p1|zamparo|170
|player|p2|alb_prova|210
|gametype|singles
|gen|6
|tier|OU
|rated
|clearpoke
|poke|p1|Garchomp, F, shiny
|poke|p1|Keldeo
|poke|p1|Venusaur, M
|poke|p1|Tyranitar, M
|poke|p1|Lucario, F
|poke|p1|Alakazam, F
|poke|p2|Jirachi
|poke|p2|Azumarill, F
|poke|p2|Poliwrath, F
|poke|p2|Heracross, M
|poke|p2|Raikou
|poke|p2|Avalugg, M
|rule|Swagger Clause: Swagger is banned
|rule|Baton Pass Clause: Limit one Pokémon knowing Baton Pass
|rule|Sleep Clause Mod: Limit one foe put to sleep
|rule|Species Clause: Limit one of each Pokémon
|rule|OHKO Clause: OHKO moves are banned
|rule|Moody Clause: Moody is banned
|rule|Evasion Moves Clause: Evasion moves are banned
|rule|Endless Battle Clause: Forcing endless battles is banned
|rule|HP Percentage Mod: HP is shown in percentages
|teampreview
|c|★alb_prova|gl hf
|
|start
|switch|p1a: Garchomp|Garchomp, F, shiny|357\/357
|switch|p2a: Avalugg|Avalugg, M|394\/394
|turn|1
|
|switch|p1a: Keldeo|Keldeo|324\/324
|move|p2a: Avalugg|Avalanche|p1a: Keldeo
|-resisted|p1a: Keldeo
|-damage|p1a: Keldeo|276\/324
|
|turn|2
|
|switch|p2a: Azumarill|Azumarill, F|401\/401
|move|p1a: Keldeo|Secret Sword|p2a: Azumarill
|-resisted|p2a: Azumarill
|-damage|p2a: Azumarill|254\/401
|
|turn|3
|
|switch|p1a: Venusaur|Venusaur, M|360\/360
|switch|p2a: Heracross|Heracross, M|309\/309
|
|turn|4
|
|detailschange|p2a: Heracross|Heracross-Mega, M
|message|Heracross has Mega Evolved into Mega Heracross!
|detailschange|p1a: Venusaur|Venusaur-Mega, M
|message|Venusaur has Mega Evolved into Mega Venusaur!
|move|p2a: Heracross|Pin Missile|p1a: Venusaur
|-damage|p1a: Venusaur|314\/360
|-damage|p1a: Venusaur|266\/360
|-crit|p1a: Venusaur
|-damage|p1a: Venusaur|200\/360
|-damage|p1a: Venusaur|155\/360
|-damage|p1a: Venusaur|115\/360
|-hitcount|p1a: Venusaur|5
|move|p1a: Venusaur|Sludge Bomb|p2a: Heracross
|-damage|p2a: Heracross|189\/309
|-status|p2a: Heracross|psn
|
|-damage|p2a: Heracross|151\/309 psn|[from] psn
|turn|5
|
|switch|p1a: Garchomp|Garchomp, F, shiny|357\/357
|move|p2a: Heracross|Close Combat|p1a: Garchomp
|-damage|p1a: Garchomp|71\/357
|-damage|p2a: Heracross|113\/309 psn|[from] ability: Rough Skin|[of] p1a: Garchomp
|-unboost|p2a: Heracross|def|1
|-unboost|p2a: Heracross|spd|1
|
|-damage|p2a: Heracross|75\/309 psn|[from] psn
|turn|6
|
|move|p1a: Garchomp|Earthquake|p2a: Heracross
|-resisted|p2a: Heracross
|-damage|p2a: Heracross|0 fnt
|-damage|p1a: Garchomp|36\/357|[from] item: Life Orb
|faint|p2a: Heracross
|
|
|switch|p2a: Azumarill|Azumarill, F|254\/401
|turn|7
|
|move|p2a: Azumarill|Aqua Jet|p1a: Garchomp
|-crit|p1a: Garchomp
|-damage|p1a: Garchomp|0 fnt
|-damage|p2a: Azumarill|204\/401|[from] ability: Rough Skin|[of] p1a: Garchomp
|faint|p1a: Garchomp
|
|
|switch|p1a: Venusaur|Venusaur-Mega, M|115\/360
|turn|8
|
|switch|p2a: Jirachi|Jirachi|404\/404
|move|p1a: Venusaur|Synthesis|p1a: Venusaur
|-heal|p1a: Venusaur|295\/360
|
|turn|9
|
|switch|p1a: Tyranitar|Tyranitar, M|395\/395
|-weather|Sandstorm
|move|p2a: Jirachi|Body Slam|p1a: Tyranitar
|-resisted|p1a: Tyranitar
|-damage|p1a: Tyranitar|366\/395
|
|-weather|Sandstorm|[upkeep]
|-heal|p1a: Tyranitar|390\/395|[from] item: Leftovers
|turn|10
|
|move|p2a: Jirachi|Iron Head|p1a: Tyranitar
|-supereffective|p1a: Tyranitar
|-damage|p1a: Tyranitar|246\/395
|cant|p1a: Tyranitar|flinch
|
|-weather|Sandstorm|[upkeep]
|-heal|p1a: Tyranitar|270\/395|[from] item: Leftovers
|turn|11
|
|switch|p2a: Poliwrath|Poliwrath, F|384\/384
|switch|p1a: Keldeo|Keldeo|276\/324
|
|-weather|Sandstorm|[upkeep]
|-damage|p1a: Keldeo|256\/324|[from] sandstorm
|-damage|p2a: Poliwrath|360\/384|[from] sandstorm
|-heal|p2a: Poliwrath|384\/384|[from] item: Leftovers
|turn|12
|
|move|p1a: Keldeo|Secret Sword|p2a: Poliwrath
|-damage|p2a: Poliwrath|209\/384
|move|p2a: Poliwrath|Scald|p1a: Keldeo
|-resisted|p1a: Keldeo
|-damage|p1a: Keldeo|214\/324
|
|-weather|Sandstorm|[upkeep]
|-damage|p1a: Keldeo|194\/324|[from] sandstorm
|-damage|p2a: Poliwrath|185\/384|[from] sandstorm
|-heal|p2a: Poliwrath|209\/384|[from] item: Leftovers
|turn|13
|
|move|p1a: Keldeo|Secret Sword|p2a: Poliwrath
|-damage|p2a: Poliwrath|53\/384
|move|p2a: Poliwrath|Rest|p2a: Poliwrath
|-status|p2a: Poliwrath|slp
|-heal|p2a: Poliwrath|384\/384 slp|[silent]
|-status|p2a: Poliwrath|slp|[from] move: Rest
|
|-weather|none
|turn|14
|
|switch|p2a: Jirachi|Jirachi|404\/404
|move|p1a: Keldeo|Secret Sword|p2a: Jirachi
|-damage|p2a: Jirachi|173\/404
|
|-heal|p2a: Jirachi|198\/404|[from] item: Leftovers
|turn|15
|
|switch|p2a: Azumarill|Azumarill, F|204\/401
|move|p1a: Keldeo|Secret Sword|p2a: Azumarill
|-resisted|p2a: Azumarill
|-damage|p2a: Azumarill|68\/401
|
|turn|16
|
|move|p2a: Azumarill|Aqua Jet|p1a: Keldeo
|-resisted|p1a: Keldeo
|-damage|p1a: Keldeo|149\/324
|move|p1a: Keldeo|Secret Sword|p2a: Azumarill
|-resisted|p2a: Azumarill
|-damage|p2a: Azumarill|0 fnt
|faint|p2a: Azumarill
|
|
|switch|p2a: Raikou|Raikou|321\/321
|-ability|p2a: Raikou|Pressure
|turn|17
|
|switch|p1a: Venusaur|Venusaur-Mega, M|295\/360
|move|p2a: Raikou|Volt Switch|p1a: Venusaur
|-resisted|p1a: Venusaur
|-damage|p1a: Venusaur|251\/360
|
|switch|p2a: Jirachi|Jirachi|198\/404
|
|-heal|p2a: Jirachi|223\/404|[from] item: Leftovers
|turn|18
|
|move|p2a: Jirachi|Body Slam|p1a: Venusaur
|-damage|p1a: Venusaur|204\/360
|-status|p1a: Venusaur|par
|move|p1a: Venusaur|Leech Seed|p2a: Jirachi
|-start|p2a: Jirachi|move: Leech Seed
|
|-heal|p2a: Jirachi|248\/404|[from] item: Leftovers
|-damage|p2a: Jirachi|198\/404|[from] Leech Seed|[of] p1a: Venusaur
|-heal|p1a: Venusaur|254\/360 par|[silent]
|turn|19
|
|switch|p2a: Raikou|Raikou|321\/321
|-ability|p2a: Raikou|Pressure
|move|p1a: Venusaur|Giga Drain|p2a: Raikou
|-damage|p2a: Raikou|251\/321
|-heal|p1a: Venusaur|289\/360 par|[from] drain|[of] p2a: Raikou
|
|turn|20
|
|move|p2a: Raikou|Shadow Ball|p1a: Venusaur
|-damage|p1a: Venusaur|224\/360 par
|cant|p1a: Venusaur|par
|
|turn|21
|
|move|p2a: Raikou|Shadow Ball|p1a: Venusaur
|-damage|p1a: Venusaur|157\/360 par
|move|p1a: Venusaur|Sludge Bomb|p2a: Raikou
|-damage|p2a: Raikou|163\/321
|-status|p2a: Raikou|psn
|
|-damage|p2a: Raikou|123\/321 psn|[from] psn
|turn|22
|
|move|p2a: Raikou|Volt Switch|p1a: Venusaur
|-resisted|p1a: Venusaur
|-damage|p1a: Venusaur|115\/360 par
|
|switch|p2a: Jirachi|Jirachi|198\/404
|cant|p1a: Venusaur|par
|
|-heal|p2a: Jirachi|223\/404|[from] item: Leftovers
|turn|23
|
|move|p2a: Jirachi|Iron Head|p1a: Venusaur
|-damage|p1a: Venusaur|48\/360 par
|move|p1a: Venusaur|Leech Seed|p2a: Jirachi
|-start|p2a: Jirachi|move: Leech Seed
|
|-heal|p2a: Jirachi|248\/404|[from] item: Leftovers
|-damage|p2a: Jirachi|198\/404|[from] Leech Seed|[of] p1a: Venusaur
|-heal|p1a: Venusaur|98\/360 par|[silent]
|turn|24
|
|move|p2a: Jirachi|Iron Head|p1a: Venusaur
|-damage|p1a: Venusaur|28\/360 par
|move|p1a: Venusaur|Synthesis|p1a: Venusaur
|-heal|p1a: Venusaur|208\/360 par
|
|-heal|p2a: Jirachi|223\/404|[from] item: Leftovers
|-damage|p2a: Jirachi|173\/404|[from] Leech Seed|[of] p1a: Venusaur
|-heal|p1a: Venusaur|258\/360 par|[silent]
|turn|25
|c|★alb_prova|that's incredible
|
|switch|p2a: Raikou|Raikou|123\/321 psn
|-ability|p2a: Raikou|Pressure
|move|p1a: Venusaur|Synthesis|p1a: Venusaur
|-heal|p1a: Venusaur|360\/360 par
|
|-damage|p2a: Raikou|83\/321 psn|[from] psn
|turn|26
|
|move|p2a: Raikou|Volt Switch|p1a: Venusaur
|-resisted|p1a: Venusaur
|-damage|p1a: Venusaur|316\/360 par
|
|switch|p2a: Jirachi|Jirachi|173\/404
|move|p1a: Venusaur|Leech Seed|p2a: Jirachi
|-start|p2a: Jirachi|move: Leech Seed
|
|-heal|p2a: Jirachi|198\/404|[from] item: Leftovers
|-damage|p2a: Jirachi|148\/404|[from] Leech Seed|[of] p1a: Venusaur
|-heal|p1a: Venusaur|360\/360 par|[silent]
|turn|27
|
|switch|p2a: Raikou|Raikou|83\/321 psn
|-ability|p2a: Raikou|Pressure
|move|p1a: Venusaur|Giga Drain|p2a: Raikou
|-damage|p2a: Raikou|19\/321 psn
|
|-damage|p2a: Raikou|0 fnt|[from] psn
|faint|p2a: Raikou
|
|switch|p2a: Jirachi|Jirachi|148\/404
|turn|28
|
|move|p2a: Jirachi|Iron Head|p1a: Venusaur
|-damage|p1a: Venusaur|291\/360 par
|cant|p1a: Venusaur|flinch
|
|-heal|p2a: Jirachi|173\/404|[from] item: Leftovers
|turn|29
|
|switch|p1a: Alakazam|Alakazam, F|252\/252
|move|p2a: Jirachi|Iron Head|p1a: Alakazam
|-crit|p1a: Alakazam
|-enditem|p1a: Alakazam|Focus Sash
|-damage|p1a: Alakazam|1\/252
|
|-heal|p2a: Jirachi|198\/404|[from] item: Leftovers
|turn|30
|
|switch|p2a: Avalugg|Avalugg, M|394\/394
|move|p1a: Alakazam|Shadow Ball|p2a: Avalugg
|-damage|p2a: Avalugg|279\/394
|
|-heal|p2a: Avalugg|303\/394|[from] item: Leftovers
|turn|31
|
|move|p1a: Alakazam|Focus Blast|p2a: Avalugg|[miss]
|-miss|p1a: Alakazam|p2a: Avalugg
|move|p2a: Avalugg|Avalanche|p1a: Alakazam
|-damage|p1a: Alakazam|0 fnt
|faint|p1a: Alakazam
|
|-heal|p2a: Avalugg|327\/394|[from] item: Leftovers
|
|switch|p1a: Keldeo|Keldeo|149\/324
|turn|32
|
|move|p1a: Keldeo|Secret Sword|p2a: Avalugg
|-supereffective|p2a: Avalugg
|-damage|p2a: Avalugg|57\/394
|move|p2a: Avalugg|Avalanche|p1a: Keldeo
|-crit|p1a: Keldeo
|-resisted|p1a: Keldeo
|-damage|p1a: Keldeo|20\/324
|
|-heal|p2a: Avalugg|81\/394|[from] item: Leftovers
|turn|33
|
|move|p1a: Keldeo|Secret Sword|p2a: Avalugg
|-supereffective|p2a: Avalugg
|-damage|p2a: Avalugg|0 fnt
|faint|p2a: Avalugg
|
|
|switch|p2a: Poliwrath|Poliwrath, F|384\/384 slp
|turn|34
|
|switch|p1a: Venusaur|Venusaur-Mega, M|291\/360 par
|cant|p2a: Poliwrath|slp
|move|p2a: Poliwrath|Sleep Talk|p2a: Poliwrath
|move|p2a: Poliwrath|Rest|p2a: Poliwrath|[from]Sleep Talk
|-fail|p2a: Poliwrath
|
|turn|35
|
|switch|p2a: Jirachi|Jirachi|198\/404
|move|p1a: Venusaur|Leech Seed|p2a: Jirachi|[miss]
|-miss|p1a: Venusaur|p2a: Jirachi
|
|-heal|p2a: Jirachi|223\/404|[from] item: Leftovers
|turn|36
|
|move|p2a: Jirachi|Stealth Rock|p1a: Venusaur
|-sidestart|p1: zamparo|move: Stealth Rock
|move|p1a: Venusaur|Leech Seed|p2a: Jirachi
|-start|p2a: Jirachi|move: Leech Seed
|
|-heal|p2a: Jirachi|248\/404|[from] item: Leftovers
|-damage|p2a: Jirachi|198\/404|[from] Leech Seed|[of] p1a: Venusaur
|-heal|p1a: Venusaur|341\/360 par|[silent]
|turn|37
|
|switch|p2a: Poliwrath|Poliwrath, F|384\/384 slp
|cant|p1a: Venusaur|par
|
|turn|38
|
|switch|p2a: Jirachi|Jirachi|198\/404
|move|p1a: Venusaur|Leech Seed|p2a: Jirachi
|-start|p2a: Jirachi|move: Leech Seed
|
|-heal|p2a: Jirachi|223\/404|[from] item: Leftovers
|-damage|p2a: Jirachi|173\/404|[from] Leech Seed|[of] p1a: Venusaur
|-heal|p1a: Venusaur|360\/360 par|[silent]
|turn|39
|
|switch|p2a: Poliwrath|Poliwrath, F|384\/384 slp
|move|p1a: Venusaur|Giga Drain|p2a: Poliwrath
|-supereffective|p2a: Poliwrath
|-damage|p2a: Poliwrath|172\/384 slp
|
|-heal|p2a: Poliwrath|196\/384 slp|[from] item: Leftovers
|turn|40
|
|switch|p2a: Jirachi|Jirachi|173\/404
|cant|p1a: Venusaur|par
|
|-heal|p2a: Jirachi|198\/404|[from] item: Leftovers
|turn|41
|
|move|p2a: Jirachi|Iron Head|p1a: Venusaur
|-damage|p1a: Venusaur|293\/360 par
|cant|p1a: Venusaur|flinch
|
|-heal|p2a: Jirachi|223\/404|[from] item: Leftovers
|turn|42
|
|move|p2a: Jirachi|Iron Head|p1a: Venusaur
|-damage|p1a: Venusaur|220\/360 par
|cant|p1a: Venusaur|par
|
|-heal|p2a: Jirachi|248\/404|[from] item: Leftovers
|turn|43
|
|move|p2a: Jirachi|Iron Head|p1a: Venusaur
|-damage|p1a: Venusaur|153\/360 par
|cant|p1a: Venusaur|flinch
|
|-heal|p2a: Jirachi|273\/404|[from] item: Leftovers
|turn|44
|
|move|p2a: Jirachi|Iron Head|p1a: Venusaur
|-damage|p1a: Venusaur|90\/360 par
|cant|p1a: Venusaur|par
|
|-heal|p2a: Jirachi|298\/404|[from] item: Leftovers
|turn|45
|
|move|p2a: Jirachi|Iron Head|p1a: Venusaur
|-damage|p1a: Venusaur|17\/360 par
|cant|p1a: Venusaur|flinch
|
|-heal|p2a: Jirachi|323\/404|[from] item: Leftovers
|turn|46
|
|move|p2a: Jirachi|Iron Head|p1a: Venusaur
|-damage|p1a: Venusaur|0 fnt
|faint|p1a: Venusaur
|
|-heal|p2a: Jirachi|348\/404|[from] item: Leftovers
|
|switch|p1a: Lucario|Lucario, F|281\/281
|-damage|p1a: Lucario|273\/281|[from] Stealth Rock
|turn|47
|
|move|p1a: Lucario|Close Combat|p2a: Jirachi
|-damage|p2a: Jirachi|91\/404
|-unboost|p1a: Lucario|def|1
|-unboost|p1a: Lucario|spd|1
|-damage|p1a: Lucario|245\/281|[from] item: Life Orb
|move|p2a: Jirachi|Fire Punch|p1a: Lucario
|-supereffective|p1a: Lucario
|-damage|p1a: Lucario|17\/281
|
|-heal|p2a: Jirachi|116\/404|[from] item: Leftovers
|turn|48
|
|switch|p2a: Poliwrath|Poliwrath, F|196\/384 slp
|move|p1a: Lucario|Close Combat|p2a: Poliwrath
|-damage|p2a: Poliwrath|15\/384 slp
|-unboost|p1a: Lucario|def|1
|-unboost|p1a: Lucario|spd|1
|-damage|p1a: Lucario|0 fnt|[from] item: Life Orb
|faint|p1a: Lucario
|
|-heal|p2a: Poliwrath|39\/384 slp|[from] item: Leftovers
|
|switch|p1a: Tyranitar|Tyranitar, M|270\/395
|-damage|p1a: Tyranitar|221\/395|[from] Stealth Rock
|-weather|Sandstorm
|turn|49
|
|cant|p2a: Poliwrath|slp
|move|p2a: Poliwrath|Sleep Talk|p2a: Poliwrath
|move|p2a: Poliwrath|Scald|p1a: Tyranitar|[from]Sleep Talk
|-supereffective|p1a: Tyranitar
|-damage|p1a: Tyranitar|117\/395
|move|p1a: Tyranitar|Earthquake|p2a: Poliwrath
|-damage|p2a: Poliwrath|0 fnt
|faint|p2a: Poliwrath
|
|-weather|Sandstorm|[upkeep]
|-heal|p1a: Tyranitar|141\/395|[from] item: Leftovers
|
|switch|p2a: Jirachi|Jirachi|116\/404
|turn|50
|
|move|p2a: Jirachi|Iron Head|p1a: Tyranitar
|-supereffective|p1a: Tyranitar
|-damage|p1a: Tyranitar|0 fnt
|faint|p1a: Tyranitar
|
|-weather|Sandstorm|[upkeep]
|-heal|p2a: Jirachi|141\/404|[from] item: Leftovers
|
|switch|p1a: Keldeo|Keldeo|20\/324
|-damage|p1a: Keldeo|0 fnt|[from] Stealth Rock
|faint|p1a: Keldeo
|
|win|alb_prova
|raw|Ladder updating...
|raw|zamparo's rating: 1636 &rarr; <strong>1614<\/strong><br \/>(-22 for losing)
|raw|alb_prova's rating: 1600 &rarr; <strong>1622<\/strong><br \/>(+22 for winning)
|leave|zamparo
|player|p1