|join|alb_prova
|join|Patodragon.v2
|player|p1|alb_prova|210
|player|p2|Patodragon.v2|170
|gametype|singles
|gen|6
|tier|OU
|rated
|clearpoke
|poke|p1|Camerupt, F
|poke|p1|Clefable, F
|poke|p1|Chesnaught, F
|poke|p1|Bronzong
|poke|p1|Tentacruel, M
|poke|p1|Tyranitar, M
|poke|p2|Clefable, M
|poke|p2|Manectric, F
|poke|p2|Lucario, F
|poke|p2|Landorus-Therian, M
|poke|p2|Gengar, M, shiny
|poke|p2|Hawlucha, F, shiny
|rule|Swagger Clause: Swagger is banned
|rule|Baton Pass Clause: Limit one Pokémon knowing Baton Pass
|rule|Sleep Clause Mod: Limit one foe put to sleep
|rule|Species Clause: Limit one of each Pokémon
|rule|OHKO Clause: OHKO moves are banned
|rule|Moody Clause: Moody is banned
|rule|Evasion Moves Clause: Evasion moves are banned
|rule|Endless Battle Clause: Forcing endless battles is banned
|rule|HP Percentage Mod: HP is shown in percentages
|teampreview
|c|★alb_prova|gl hf
|
|start
|switch|p1a: Chesnaught|Chesnaught, F|379\/379
|switch|p2a: Clefable|Clefable, M|391\/391
|turn|1
|
|switch|p1a: Tentacruel|Tentacruel, M|364\/364
|move|p2a: Clefable|Stealth Rock|p1a: Tentacruel
|-sidestart|p1: alb_prova|move: Stealth Rock
|
|turn|2
|
|move|p1a: Tentacruel|Scald|p2a: Clefable
|-damage|p2a: Clefable|319\/391
|move|p2a: Clefable|Calm Mind|p2a: Clefable
|-boost|p2a: Clefable|spa|1
|-boost|p2a: Clefable|spd|1
|
|-heal|p2a: Clefable|343\/391|[from] item: Leftovers
|turn|3
|
|move|p1a: Tentacruel|Acid Spray|p2a: Clefable
|-supereffective|p2a: Clefable
|-damage|p2a: Clefable|293\/391
|-unboost|p2a: Clefable|spd|2
|move|p2a: Clefable|Calm Mind|p2a: Clefable
|-boost|p2a: Clefable|spa|1
|-boost|p2a: Clefable|spd|1
|
|-heal|p2a: Clefable|317\/391|[from] item: Leftovers
|turn|4
|
|move|p1a: Tentacruel|Acid Spray|p2a: Clefable
|-supereffective|p2a: Clefable
|-damage|p2a: Clefable|251\/391
|-unboost|p2a: Clefable|spd|2
|move|p2a: Clefable|Calm Mind|p2a: Clefable
|-boost|p2a: Clefable|spa|1
|-boost|p2a: Clefable|spd|1
|
|-heal|p2a: Clefable|275\/391|[from] item: Leftovers
|turn|5
|
|move|p1a: Tentacruel|Acid Spray|p2a: Clefable
|-supereffective|p2a: Clefable
|-damage|p2a: Clefable|159\/391
|-unboost|p2a: Clefable|spd|2
|move|p2a: Clefable|Calm Mind|p2a: Clefable
|-boost|p2a: Clefable|spa|1
|-boost|p2a: Clefable|spd|1
|
|-heal|p2a: Clefable|183\/391|[from] item: Leftovers
|turn|6
|
|move|p1a: Tentacruel|Acid Spray|p2a: Clefable
|-supereffective|p2a: Clefable
|-damage|p2a: Clefable|31\/391
|-unboost|p2a: Clefable|spd|2
|move|p2a: Clefable|Soft-Boiled|p2a: Clefable
|-heal|p2a: Clefable|227\/391
|
|-heal|p2a: Clefable|251\/391|[from] item: Leftovers
|turn|7
|
|move|p1a: Tentacruel|Acid Spray|p2a: Clefable
|-supereffective|p2a: Clefable
|-damage|p2a: Clefable|35\/391
|-unboost|p2a: Clefable|spd|2
|move|p2a: Clefable|Moonblast|p1a: Tentacruel
|-resisted|p1a: Tentacruel
|-damage|p1a: Tentacruel|244\/364
|
|-heal|p1a: Tentacruel|266\/364|[from] item: Black Sludge
|-heal|p2a: Clefable|59\/391|[from] item: Leftovers
|turn|8
|
|switch|p2a: Lucario|Lucario, F|279\/279
|move|p1a: Tentacruel|Rapid Spin|p2a: Lucario
|-resisted|p2a: Lucario
|-damage|p2a: Lucario|273\/279
|-sideend|p1: alb_prova|Stealth Rock|[from] move: Rapid Spin|[of] p1a: Tentacruel
|
|-heal|p1a: Tentacruel|288\/364|[from] item: Black Sludge
|turn|9
|
|switch|p2a: Manectric|Manectric, F|281\/281
|switch|p1a: Camerupt|Camerupt, F|344\/344
|
|turn|10
|
|switch|p2a: Landorus-Therian|Landorus-Therian, M|325\/325
|-ability|p2a: Landorus-Therian|Intimidate|[of] p1a: Camerupt
|-unboost|p1a: Camerupt|atk|1
|detailschange|p1a: Camerupt|Camerupt-Mega, F
|message|Camerupt has Mega Evolved into Mega Camerupt!
|move|p1a: Camerupt|Stealth Rock|p2a: Landorus-Therian
|-sidestart|p2: Patodragon.v2|move: Stealth Rock
|
|turn|11
|
|switch|p1a: Chesnaught|Chesnaught, F|379\/379
|move|p2a: Landorus-Therian|U-turn|p1a: Chesnaught
|-damage|p1a: Chesnaught|303\/379
|
|switch|p2a: Clefable|Clefable, M|59\/391
|
|-heal|p1a: Chesnaught|326\/379|[from] item: Leftovers
|-heal|p2a: Clefable|83\/391|[from] item: Leftovers
|turn|12
|
|switch|p1a: Tentacruel|Tentacruel, M|288\/364
|move|p2a: Clefable|Soft-Boiled|p2a: Clefable
|-heal|p2a: Clefable|279\/391
|
|-heal|p1a: Tentacruel|310\/364|[from] item: Black Sludge
|-heal|p2a: Clefable|303\/391|[from] item: Leftovers
|turn|13
|
|move|p1a: Tentacruel|Scald|p2a: Clefable
|-crit|p2a: Clefable
|-damage|p2a: Clefable|189\/391
|-status|p2a: Clefable|brn
|move|p2a: Clefable|Stealth Rock|p1a: Tentacruel
|-sidestart|p1: alb_prova|move: Stealth Rock
|
|-heal|p1a: Tentacruel|332\/364|[from] item: Black Sludge
|-heal|p2a: Clefable|213\/391 brn|[from] item: Leftovers
|turn|14
|
|switch|p2a: Landorus-Therian|Landorus-Therian, M|325\/325
|-damage|p2a: Landorus-Therian|285\/325|[from] Stealth Rock
|-ability|p2a: Landorus-Therian|Intimidate|[of] p1a: Tentacruel
|-unboost|p1a: Tentacruel|atk|1
|move|p1a: Tentacruel|Scald|p2a: Landorus-Therian
|-supereffective|p2a: Landorus-Therian
|-damage|p2a: Landorus-Therian|87\/325
|
|-heal|p1a: Tentacruel|354\/364|[from] item: Black Sludge
|turn|15
|
|switch|p1a: Bronzong|Bronzong|338\/338
|-damage|p1a: Bronzong|317\/338|[from] Stealth Rock
|move|p2a: Landorus-Therian|Earthquake|p1a: Bronzong
|-immune|p1a: Bronzong|[msg]
|
|-heal|p1a: Bronzong|338\/338|[from] item: Leftovers
|turn|16
|
|switch|p2a: Manectric|Manectric, F|281\/281
|-damage|p2a: Manectric|246\/281|[from] Stealth Rock
|move|p1a: Bronzong|Gyro Ball|p2a: Manectric
|-resisted|p2a: Manectric
|-damage|p2a: Manectric|136\/281
|
|turn|17
|
|switch|p1a: Tyranitar|Tyranitar, M|404\/404
|-damage|p1a: Tyranitar|354\/404|[from] Stealth Rock
|-weather|Sandstorm
|detailschange|p2a: Manectric|Manectric-Mega, F
|message|Manectric has Mega Evolved into Mega Manectric!
|-ability|p2a: Manectric|Intimidate|[of] p1a: Tyranitar
|-unboost|p1a: Tyranitar|atk|1
|move|p2a: Manectric|Hidden Power|p1a: Tyranitar
|-damage|p1a: Tyranitar|322\/404
|
|-weather|Sandstorm|[upkeep]
|-damage|p2a: Manectric|119\/281|[from] sandstorm
|turn|18
|
|move|p2a: Manectric|Volt Switch|p1a: Tyranitar
|-damage|p1a: Tyranitar|268\/404
|
|move|p1a: Tyranitar|Pursuit|p2a: Manectric|[from]Pursuit
|-damage|p2a: Manectric|8\/281
|switch|p2a: Landorus-Therian|Landorus-Therian, M|87\/325
|-damage|p2a: Landorus-Therian|47\/325|[from] Stealth Rock
|-ability|p2a: Landorus-Therian|Intimidate|[of] p1a: Tyranitar
|-unboost|p1a: Tyranitar|atk|1
|
|-weather|Sandstorm|[upkeep]
|turn|19
|
|switch|p1a: Bronzong|Bronzong|338\/338
|-damage|p1a: Bronzong|317\/338|[from] Stealth Rock
|move|p2a: Landorus-Therian|U-turn|p1a: Bronzong
|-damage|p1a: Bronzong|258\/338
|
|switch|p2a: Gengar|Gengar, M, shiny|259\/259
|-damage|p2a: Gengar|227\/259|[from] Stealth Rock
|
|-weather|Sandstorm|[upkeep]
|-damage|p2a: Gengar|211\/259|[from] sandstorm
|-heal|p1a: Bronzong|279\/338|[from] item: Leftovers
|turn|20
|
|switch|p2a: Hawlucha|Hawlucha, F, shiny|303\/303
|-damage|p2a: Hawlucha|266\/303|[from] Stealth Rock
|switch|p1a: Tentacruel|Tentacruel, M|354\/364
|-damage|p1a: Tentacruel|309\/364|[from] Stealth Rock
|
|-weather|Sandstorm|[upkeep]
|-damage|p2a: Hawlucha|248\/303|[from] sandstorm
|-damage|p1a: Tentacruel|287\/364|[from] sandstorm
|-heal|p1a: Tentacruel|309\/364|[from] item: Black Sludge
|turn|21
|
|move|p2a: Hawlucha|Swords Dance|p2a: Hawlucha
|-boost|p2a: Hawlucha|atk|2
|move|p1a: Tentacruel|Rapid Spin|p2a: Hawlucha
|-damage|p2a: Hawlucha|235\/303
|-sideend|p1: alb_prova|Stealth Rock|[from] move: Rapid Spin|[of] p1a: Tentacruel
|
|-weather|none
|-heal|p1a: Tentacruel|331\/364|[from] item: Black Sludge
|turn|22
|
|move|p2a: Hawlucha|Substitute|p2a: Hawlucha
|-start|p2a: Hawlucha|Substitute
|-damage|p2a: Hawlucha|160\/303
|move|p1a: Tentacruel|Scald|p2a: Hawlucha
|-end|p2a: Hawlucha|Substitute
|
|-heal|p1a: Tentacruel|353\/364|[from] item: Black Sludge
|turn|23
|
|switch|p1a: Clefable|Clefable, F|394\/394
|move|p2a: Hawlucha|Substitute|p2a: Hawlucha
|-start|p2a: Hawlucha|Substitute
|-damage|p2a: Hawlucha|85\/303
|-enditem|p2a: Hawlucha|Sitrus Berry|[eat]
|-heal|p2a: Hawlucha|160\/303|[from] item: Sitrus Berry
|
|turn|24
|
|move|p2a: Hawlucha|Acrobatics|p1a: Clefable
|-damage|p1a: Clefable|246\/394
|move|p1a: Clefable|Moonblast|p2a: Hawlucha
|-supereffective|p2a: Hawlucha
|-end|p2a: Hawlucha|Substitute
|
|-heal|p1a: Clefable|270\/394|[from] item: Leftovers
|turn|25
|
|switch|p2a: Gengar|Gengar, M, shiny|211\/259
|-damage|p2a: Gengar|179\/259|[from] Stealth Rock
|move|p1a: Clefable|Moonblast|p2a: Gengar
|-resisted|p2a: Gengar
|-damage|p2a: Gengar|113\/259
|
|-heal|p1a: Clefable|294\/394|[from] item: Leftovers
|turn|26
|
|switch|p1a: Tentacruel|Tentacruel, M|353\/364
|move|p2a: Gengar|Shadow Ball|p1a: Tentacruel
|-damage|p1a: Tentacruel|201\/364
|-damage|p2a: Gengar|88\/259|[from] item: Life Orb
|
|-heal|p1a: Tentacruel|223\/364|[from] item: Black Sludge
|turn|27
|
|switch|p2a: Manectric|Manectric-Mega, F|8\/281
|-damage|p2a: Manectric|0 fnt|[from] Stealth Rock
|faint|p2a: Manectric
|move|p1a: Tentacruel|Scald|p2: Manectric|[notarget]
|-notarget
|
|-heal|p1a: Tentacruel|245\/364|[from] item: Black Sludge
|
|switch|p2a: Hawlucha|Hawlucha, F, shiny|160\/303
|-damage|p2a: Hawlucha|123\/303|[from] Stealth Rock
|turn|28
|
|move|p2a: Hawlucha|Acrobatics|p1a: Tentacruel
|-damage|p1a: Tentacruel|88\/364
|move|p1a: Tentacruel|Scald|p2a: Hawlucha
|-damage|p2a: Hawlucha|3\/303
|
|-heal|p1a: Tentacruel|110\/364|[from] item: Black Sludge
|turn|29
|
|switch|p1a: Tyranitar|Tyranitar, M|268\/404
|-weather|Sandstorm
|move|p2a: Hawlucha|Acrobatics|p1a: Tyranitar
|-resisted|p1a: Tyranitar
|-damage|p1a: Tyranitar|211\/404
|
|-weather|Sandstorm|[upkeep]
|-damage|p2a: Hawlucha|0 fnt|[from] sandstorm
|faint|p2a: Hawlucha
|
|switch|p2a: Lucario|Lucario, F|273\/279
|-damage|p2a: Lucario|265\/279|[from] Stealth Rock
|turn|30
|
|move|p2a: Lucario|Aura Sphere|p1a: Tyranitar
|-crit|p1a: Tyranitar
|-supereffective|p1a: Tyranitar
|-damage|p1a: Tyranitar|0 fnt
|-damage|p2a: Lucario|238\/279|[from] item: Life Orb
|faint|p1a: Tyranitar
|
|-weather|Sandstorm|[upkeep]
|
|switch|p1a: Bronzong|Bronzong|279\/338
|turn|31
|
|switch|p2a: Landorus-Therian|Landorus-Therian, M|47\/325
|-damage|p2a: Landorus-Therian|7\/325|[from] Stealth Rock
|-ability|p2a: Landorus-Therian|Intimidate|[of] p1a: Bronzong
|-unboost|p1a: Bronzong|atk|1
|move|p1a: Bronzong|Trick Room|p1a: Bronzong
|-fieldstart|move: Trick Room|[of] p1a: Bronzong
|
|-weather|Sandstorm|[upkeep]
|-heal|p1a: Bronzong|300\/338|[from] item: Leftovers
|turn|32
|
|move|p1a: Bronzong|Explosion|p2a: Landorus-Therian
|-damage|p2a: Landorus-Therian|0 fnt
|faint|p1a: Bronzong
|faint|p2a: Landorus-Therian
|
|-weather|Sandstorm|[upkeep]
|
|switch|p2a: Clefable|Clefable, M|213\/391 brn
|switch|p1a: Camerupt|Camerupt-Mega, F|344\/344
|turn|33
|
|move|p1a: Camerupt|Fire Blast|p2a: Clefable|[miss]
|-miss|p1a: Camerupt|p2a: Clefable
|move|p2a: Clefable|Soft-Boiled|p2a: Clefable
|-heal|p2a: Clefable|391\/391 brn
|
|-weather|none
|turn|34
|
|move|p1a: Camerupt|Fire Blast|p2a: Clefable
|-damage|p2a: Clefable|139\/391 brn
|move|p2a: Clefable|Calm Mind|p2a: Clefable
|-boost|p2a: Clefable|spa|1
|-boost|p2a: Clefable|spd|1
|
|-heal|p2a: Clefable|163\/391 brn|[from] item: Leftovers
|turn|35
|
|move|p1a: Camerupt|Fire Blast|p2a: Clefable
|-damage|p2a: Clefable|0 fnt
|faint|p2a: Clefable
|
|-fieldend|move: Trick Room
|
|switch|p2a: Gengar|Gengar, M, shiny|88\/259
|-damage|p2a: Gengar|56\/259|[from] Stealth Rock
|turn|36
|
|switch|p1a: Tentacruel|Tentacruel, M|110\/364
|move|p2a: Gengar|Shadow Ball|p1a: Tentacruel
|-damage|p1a: Tentacruel|0 fnt
|-damage|p2a: Gengar|31\/259|[from] item: Life Orb
|faint|p1a: Tentacruel
|
|
|switch|p1a: Chesnaught|Chesnaught, F|326\/379
|turn|37
|
|move|p2a: Gengar|Sludge Wave|p1a: Chesnaught
|-supereffective|p1a: Chesnaught
|-damage|p1a: Chesnaught|0 fnt
|-damage|p2a: Gengar|6\/259|[from] item: Life Orb
|faint|p1a: Chesnaught
|
|
|switch|p1a: Clefable|Clefable, F|294\/394
|turn|38
|
|move|p2a: Gengar|Shadow Ball|p1a: Clefable
|-damage|p1a: Clefable|83\/394
|-damage|p2a: Gengar|0 fnt|[from] item: Life Orb
|faint|p2a: Gengar
|move|p1a: Clefable|Flamethrower|p2: Gengar|[notarget]
|-notarget
|
|-heal|p1a: Clefable|107\/394|[from] item: Leftovers
|
|switch|p2a: Lucario|Lucario, F|238\/279
|-damage|p2a: Lucario|230\/279|[from] Stealth Rock
|turn|39
|
|move|p2a: Lucario|Nasty Plot|p2a: Lucario
|-boost|p2a: Lucario|spa|2
|move|p1a: Clefable|Flamethrower|p2a: Lucario
|-supereffective|p2a: Lucario
|-damage|p2a: Lucario|54\/279
|
|-heal|p1a: Clefable|131\/394|[from] item: Leftovers
|turn|40
|
|move|p2a: Lucario|Flash Cannon|p1a: Clefable
|-supereffective|p1a: Clefable
|-damage|p1a: Clefable|0 fnt
|-damage|p2a: Lucario|27\/279|[from] item: Life Orb
|faint|p1a: Clefable
|
|
|switch|p1a: Camerupt|Camerupt-Mega, F|344\/344
|turn|41
|
|move|p2a: Lucario|Aura Sphere|p1a: Camerupt
|-damage|p1a: Camerupt|11\/344
|-damage|p2a: Lucario|0 fnt|[from] item: Life Orb
|faint|p2a: Lucario
|
|win|alb_prova
|raw|Ladder updating...
|raw|alb_prova's rating: 1450 &rarr; <strong>1471<\/strong><br \/>(+21 for winning)
|raw|Patodragon.v2's rating: 1454 &rarr; <strong>1434<\/strong><br \/>(-20 for losing)
|leave|Patodragon.v2
|player|p2