|join|JustTheFx
|join|alb_prova
|player|p1|JustTheFx|99
|player|p2|alb_prova|210
|gametype|singles
|gen|6
|tier|OU
|rated
|clearpoke
|poke|p1|Zapdos
|poke|p1|Scizor, M
|poke|p1|Gyarados, M, shiny
|poke|p1|Greninja, M, shiny
|poke|p1|Wobbuffet, M
|poke|p1|Mew
|poke|p2|Jirachi
|poke|p2|Azumarill, M
|poke|p2|Poliwrath, M
|poke|p2|Heracross, F
|poke|p2|Raikou
|poke|p2|Avalugg, F
|rule|Swagger Clause: Swagger is banned
|rule|Baton Pass Clause: Limit one Pokémon knowing Baton Pass
|rule|Sleep Clause Mod: Limit one foe put to sleep
|rule|Species Clause: Limit one of each Pokémon
|rule|OHKO Clause: OHKO moves are banned
|rule|Moody Clause: Moody is banned
|rule|Evasion Moves Clause: Evasion moves are banned
|rule|Endless Battle Clause: Forcing endless battles is banned
|rule|HP Percentage Mod: HP is shown in percentages
|teampreview
|c|★alb_prova|gl hf
|c|★JustTheFx|u 2
|
|start
|switch|p1a: I am Ditto|Mew|404\/404
|switch|p2a: Heracross|Heracross, F|309\/309
|turn|1
|
|detailschange|p2a: Heracross|Heracross-Mega, F
|message|Heracross has Mega Evolved into Mega Heracross!
|move|p2a: Heracross|Pin Missile|p1a: I am Ditto
|-supereffective|p1a: I am Ditto
|-damage|p1a: I am Ditto|282\/404
|-supereffective|p1a: I am Ditto
|-damage|p1a: I am Ditto|162\/404
|-supereffective|p1a: I am Ditto
|-damage|p1a: I am Ditto|42\/404
|-supereffective|p1a: I am Ditto
|-damage|p1a: I am Ditto|0 fnt
|-hitcount|p1a: I am Ditto|4
|faint|p1a: I am Ditto
|
|
|switch|p1a: Beats Paper|Scizor, M|281\/281
|turn|2
|
|switch|p2a: Wrongtoed|Poliwrath, M|384\/384
|move|p1a: Beats Paper|Bullet Punch|p2a: Wrongtoed
|-resisted|p2a: Wrongtoed
|-damage|p2a: Wrongtoed|319\/384
|
|-heal|p2a: Wrongtoed|343\/384|[from] item: Leftovers
|turn|3
|
|switch|p1a: Trolololol|Wobbuffet, M|584\/584
|move|p2a: Wrongtoed|Circle Throw|p1a: Trolololol
|-resisted|p1a: Trolololol
|-damage|p1a: Trolololol|544\/584
|drag|p1a: Grenigguh|Greninja, M, shiny|285\/285
|
|-heal|p2a: Wrongtoed|367\/384|[from] item: Leftovers
|turn|4
|
|move|p1a: Grenigguh|Extrasensory|p2a: Wrongtoed
|-start|p1a: Grenigguh|typechange|Psychic|[from] Protean
|-crit|p2a: Wrongtoed
|-supereffective|p2a: Wrongtoed
|-damage|p2a: Wrongtoed|0 fnt
|-damage|p1a: Grenigguh|257\/285|[from] item: Life Orb
|faint|p2a: Wrongtoed
|
|
|switch|p2a: Azumarill|Azumarill, M|401\/401
|turn|5
|
|move|p1a: Grenigguh|U-turn|p2a: Azumarill
|-start|p1a: Grenigguh|typechange|Bug|[from] Protean
|-resisted|p2a: Azumarill
|-damage|p2a: Azumarill|339\/401
|-damage|p1a: Grenigguh|229\/285|[from] item: Life Orb
|
|switch|p1a: Trolololol|Wobbuffet, M|544\/584
|move|p2a: Azumarill|Knock Off|p1a: Trolololol
|-supereffective|p1a: Trolololol
|-damage|p1a: Trolololol|168\/584
|-enditem|p1a: Trolololol|Leftovers|[from] move: Knock Off|[of] p2a: Azumarill
|
|turn|6
|
|move|p2a: Azumarill|Waterfall|p1a: Trolololol
|-damage|p1a: Trolololol|0 fnt
|faint|p1a: Trolololol
|
|
|switch|p1a: Zapdos|Zapdos|383\/383
|-ability|p1a: Zapdos|Pressure
|turn|7
|
|switch|p2a: Nano malefico|Jirachi|404\/404
|move|p1a: Zapdos|Discharge|p2a: Nano malefico
|-damage|p2a: Nano malefico|320\/404
|-status|p2a: Nano malefico|par
|
|-heal|p2a: Nano malefico|345\/404 par|[from] item: Leftovers
|turn|8
|
|move|p1a: Zapdos|Heat Wave|p2a: Nano malefico
|-supereffective|p2a: Nano malefico
|-damage|p2a: Nano malefico|201\/404 par
|cant|p2a: Nano malefico|par
|
|-heal|p2a: Nano malefico|226\/404 par|[from] item: Leftovers
|turn|9
|
|move|p1a: Zapdos|Heat Wave|p2a: Nano malefico
|-crit|p2a: Nano malefico
|-supereffective|p2a: Nano malefico
|-damage|p2a: Nano malefico|12\/404 par
|move|p2a: Nano malefico|Stealth Rock|p1a: Zapdos
|-sidestart|p1: JustTheFx|move: Stealth Rock
|
|-heal|p2a: Nano malefico|37\/404 par|[from] item: Leftovers
|turn|10
|
|move|p1a: Zapdos|Volt Switch|p2a: Nano malefico
|-damage|p2a: Nano malefico|0 fnt
|faint|p2a: Nano malefico
|
|switch|p1a: Beats Paper|Scizor, M|281\/281
|-damage|p1a: Beats Paper|246\/281|[from] Stealth Rock
|
|
|switch|p2a: Heracross|Heracross-Mega, F|309\/309
|turn|11
|
|move|p1a: Beats Paper|Bullet Punch|p2a: Heracross
|-damage|p2a: Heracross|158\/309
|move|p2a: Heracross|Close Combat|p1a: Beats Paper
|-damage|p1a: Beats Paper|0 fnt
|-unboost|p2a: Heracross|def|1
|-unboost|p2a: Heracross|spd|1
|faint|p1a: Beats Paper
|
|
|switch|p1a: Grenigguh|Greninja, M, shiny|229\/285
|-damage|p1a: Grenigguh|194\/285|[from] Stealth Rock
|turn|12
|
|switch|p2a: Azumarill|Azumarill, M|339\/401
|move|p1a: Grenigguh|Extrasensory|p2a: Azumarill
|-start|p1a: Grenigguh|typechange|Psychic|[from] Protean
|-damage|p2a: Azumarill|213\/401
|-damage|p1a: Grenigguh|166\/285|[from] item: Life Orb
|
|turn|13
|
|move|p1a: Grenigguh|U-turn|p2a: Azumarill
|-start|p1a: Grenigguh|typechange|Bug|[from] Protean
|-resisted|p2a: Azumarill
|-damage|p2a: Azumarill|143\/401
|-damage|p1a: Grenigguh|138\/285|[from] item: Life Orb
|
|switch|p1a: Zapdos|Zapdos|383\/383
|-damage|p1a: Zapdos|288\/383|[from] Stealth Rock
|-ability|p1a: Zapdos|Pressure
|move|p2a: Azumarill|Knock Off|p1a: Zapdos
|-damage|p1a: Zapdos|175\/383
|-enditem|p1a: Zapdos|Leftovers|[from] move: Knock Off|[of] p2a: Azumarill
|
|turn|14
|
|move|p1a: Zapdos|Roost|p1a: Zapdos
|-heal|p1a: Zapdos|367\/383
|move|p2a: Azumarill|Waterfall|p1a: Zapdos
|-damage|p1a: Zapdos|238\/383
|
|turn|15
|
|move|p1a: Zapdos|Discharge|p2a: Azumarill
|-supereffective|p2a: Azumarill
|-damage|p2a: Azumarill|0 fnt
|faint|p2a: Azumarill
|
|
|switch|p2a: Heracross|Heracross-Mega, F|158\/309
|turn|16
|
|move|p2a: Heracross|Rock Blast|p1a: Zapdos
|-supereffective|p1a: Zapdos
|-damage|p1a: Zapdos|178\/383
|-supereffective|p1a: Zapdos
|-damage|p1a: Zapdos|108\/383
|-supereffective|p1a: Zapdos
|-damage|p1a: Zapdos|42\/383
|-supereffective|p1a: Zapdos
|-damage|p1a: Zapdos|0 fnt
|-hitcount|p1a: Zapdos|4
|faint|p1a: Zapdos
|
|
|switch|p1a: Grenigguh|Greninja, M, shiny|138\/285
|-damage|p1a: Grenigguh|103\/285|[from] Stealth Rock
|turn|17
|
|switch|p2a: Piroetta|Avalugg, F|394\/394
|move|p1a: Grenigguh|Extrasensory|p2a: Piroetta
|-start|p1a: Grenigguh|typechange|Psychic|[from] Protean
|-damage|p2a: Piroetta|206\/394
|-damage|p1a: Grenigguh|75\/285|[from] item: Life Orb
|
|-heal|p2a: Piroetta|230\/394|[from] item: Leftovers
|turn|18
|
|switch|p1a: Kiazer|Gyarados, M, shiny|332\/332
|-damage|p1a: Kiazer|249\/332|[from] Stealth Rock
|-ability|p1a: Kiazer|Intimidate|[of] p2a: Piroetta
|-unboost|p2a: Piroetta|atk|1
|move|p2a: Piroetta|Recover|p2a: Piroetta
|-heal|p2a: Piroetta|394\/394
|
|turn|19
|
|detailschange|p1a: Kiazer|Gyarados-Mega, M, shiny
|message|Gyarados has Mega Evolved into Mega Gyarados!
|-ability|p1a: Kiazer|Mold Breaker
|move|p1a: Kiazer|Dragon Dance|p1a: Kiazer
|-boost|p1a: Kiazer|atk|1
|-boost|p1a: Kiazer|spe|1
|move|p2a: Piroetta|Roar|p1a: Kiazer
|drag|p1a: Grenigguh|Greninja, M, shiny|75\/285
|-damage|p1a: Grenigguh|40\/285|[from] Stealth Rock
|
|turn|20
|
|move|p1a: Grenigguh|Scald|p2a: Piroetta
|-start|p1a: Grenigguh|typechange|Water|[from] Protean
|-damage|p2a: Piroetta|206\/394
|-damage|p1a: Grenigguh|12\/285|[from] item: Life Orb
|move|p2a: Piroetta|Recover|p2a: Piroetta
|-heal|p2a: Piroetta|394\/394
|
|turn|21
|
|move|p1a: Grenigguh|Scald|p2a: Piroetta
|-crit|p2a: Piroetta
|-damage|p2a: Piroetta|128\/394
|-damage|p1a: Grenigguh|0 fnt|[from] item: Life Orb
|faint|p1a: Grenigguh
|move|p2a: Piroetta|Recover|p2a: Piroetta
|-heal|p2a: Piroetta|325\/394
|
|-heal|p2a: Piroetta|349\/394|[from] item: Leftovers
|
|switch|p1a: Kiazer|Gyarados-Mega, M, shiny|249\/332
|-damage|p1a: Kiazer|208\/332|[from] Stealth Rock
|-ability|p1a: Kiazer|Mold Breaker
|turn|22
|
|move|p1a: Kiazer|Dragon Dance|p1a: Kiazer
|-boost|p1a: Kiazer|atk|1
|-boost|p1a: Kiazer|spe|1
|move|p2a: Piroetta|Recover|p2a: Piroetta
|-heal|p2a: Piroetta|394\/394
|
|turn|23
|
|move|p1a: Kiazer|Dragon Dance|p1a: Kiazer
|-boost|p1a: Kiazer|atk|1
|-boost|p1a: Kiazer|spe|1
|move|p2a: Piroetta|Avalanche|p1a: Kiazer
|-crit|p1a: Kiazer
|-resisted|p1a: Kiazer
|-damage|p1a: Kiazer|148\/332
|
|turn|24
|
|move|p1a: Kiazer|Dragon Dance|p1a: Kiazer
|-boost|p1a: Kiazer|atk|1
|-boost|p1a: Kiazer|spe|1
|move|p2a: Piroetta|Avalanche|p1a: Kiazer
|-resisted|p1a: Kiazer
|-damage|p1a: Kiazer|124\/332
|
|turn|25
|
|move|p1a: Kiazer|Dragon Dance|p1a: Kiazer
|-boost|p1a: Kiazer|atk|1
|-boost|p1a: Kiazer|spe|1
|move|p2a: Piroetta|Avalanche|p1a: Kiazer
|-resisted|p1a: Kiazer
|-damage|p1a: Kiazer|100\/332
|
|turn|26
|
|move|p1a: Kiazer|Waterfall|p2a: Piroetta
|-damage|p2a: Piroetta|76\/394
|cant|p2a: Piroetta|flinch
|
|-heal|p2a: Piroetta|100\/394|[from] item: Leftovers
|turn|27
|
|move|p1a: Kiazer|Waterfall|p2a: Piroetta
|-damage|p2a: Piroetta|0 fnt
|faint|p2a: Piroetta
|
|
|switch|p2a: Raikou|Raikou|321\/321
|-ability|p2a: Raikou|Pressure
|turn|28
|
|move|p1a: Kiazer|Waterfall|p2a: Raikou
|-damage|p2a: Raikou|0 fnt
|faint|p2a: Raikou
|
|c|★alb_prova|gg
|
|switch|p2a: Heracross|Heracross-Mega, F|158\/309
|turn|29
|c|★JustTheFx|gg
|
|move|p1a: Kiazer|Waterfall|p2a: Heracross
|-damage|p2a: Heracross|0 fnt
|faint|p2a: Heracross
|
|win|JustTheFx
|raw|Ladder updating...
|raw|JustTheFx's rating: 1641 &rarr; <strong>1660<\/strong><br \/>(+19 for winning)
|raw|alb_prova's rating: 1616 &rarr; <strong>1598<\/strong><br \/>(-18 for losing)