|join|Alb_prova
|join|LT8A TRICKING
|player|p1|Alb_prova|210
|player|p2|LT8A TRICKING|169
|gametype|singles
|gen|6
|tier|OU
|rated
|clearpoke
|poke|p1|Jirachi
|poke|p1|Azumarill, M
|poke|p1|Poliwrath, M
|poke|p1|Heracross, F
|poke|p1|Raikou
|poke|p1|Avalugg, F
|poke|p2|Pinsir, M
|poke|p2|Magnezone
|poke|p2|Landorus-Therian, M
|poke|p2|Mew
|poke|p2|Latias, F
|poke|p2|Keldeo-Resolute
|rule|Swagger Clause: Swagger is banned
|rule|Baton Pass Clause: Limit one Pokémon knowing Baton Pass
|rule|Sleep Clause Mod: Limit one foe put to sleep
|rule|Species Clause: Limit one of each Pokémon
|rule|OHKO Clause: OHKO moves are banned
|rule|Moody Clause: Moody is banned
|rule|Evasion Moves Clause: Evasion moves are banned
|rule|Endless Battle Clause: Forcing endless battles is banned
|rule|HP Percentage Mod: HP is shown in percentages
|teampreview
|c|★LT8A TRICKING|gl hf
|c|★LT8A TRICKING|:)
|
|start
|switch|p1a: Heracross|Heracross, F|308\/308
|switch|p2a: Keldeo-Resolute|Keldeo-Resolute|323\/323
|turn|1
|c|★Alb_prova|anche a te
|
|switch|p1a: Azumarill|Azumarill, M|401\/401
|move|p2a: Keldeo-Resolute|Hidden Power|p1a: Azumarill
|-supereffective|p1a: Azumarill
|-damage|p1a: Azumarill|223\/401
|
|turn|2
|
|switch|p2a: Landorus-Therian|Landorus-Therian, M|382\/382
|-ability|p2a: Landorus-Therian|Intimidate|[of] p1a: Azumarill
|-unboost|p1a: Azumarill|atk|1
|move|p1a: Azumarill|Superpower|p2a: Landorus-Therian
|-resisted|p2a: Landorus-Therian
|-damage|p2a: Landorus-Therian|331\/382
|-unboost|p1a: Azumarill|atk|1
|-unboost|p1a: Azumarill|def|1
|
|-heal|p2a: Landorus-Therian|354\/382|[from] item: Leftovers
|turn|3
|
|switch|p1a: Piroetta|Avalugg, F|394\/394
|move|p2a: Landorus-Therian|Earthquake|p1a: Piroetta
|-damage|p1a: Piroetta|295\/394
|
|-heal|p2a: Landorus-Therian|377\/382|[from] item: Leftovers
|-heal|p1a: Piroetta|319\/394|[from] item: Leftovers
|turn|4
|
|move|p2a: Landorus-Therian|Stealth Rock|p1a: Piroetta
|-sidestart|p1: Alb_prova|move: Stealth Rock
|move|p1a: Piroetta|Roar|p2a: Landorus-Therian
|drag|p2a: Pinsir|Pinsir, M|271\/271
|
|-heal|p1a: Piroetta|343\/394|[from] item: Leftovers
|turn|5
|
|switch|p2a: Keldeo-Resolute|Keldeo-Resolute|323\/323
|move|p1a: Piroetta|Avalanche|p2a: Keldeo-Resolute
|-resisted|p2a: Keldeo-Resolute
|-damage|p2a: Keldeo-Resolute|282\/323
|
|-heal|p1a: Piroetta|367\/394|[from] item: Leftovers
|turn|6
|
|switch|p1a: Wrongtoad|Poliwrath, M|384\/384
|-damage|p1a: Wrongtoad|360\/384|[from] Stealth Rock
|move|p2a: Keldeo-Resolute|Hydro Pump|p1a: Wrongtoad
|-heal|p1a: Wrongtoad|384\/384|[from] ability: Water Absorb|[of] p2a: Keldeo-Resolute
|
|turn|7
|
|switch|p2a: Latias|Latias, F|302\/302
|move|p1a: Wrongtoad|Circle Throw|p2a: Latias
|-resisted|p2a: Latias
|-damage|p2a: Latias|266\/302
|drag|p2a: Pinsir|Pinsir, M|271\/271
|
|turn|8
|
|switch|p1a: Nano malefico|Jirachi|404\/404
|-damage|p1a: Nano malefico|379\/404|[from] Stealth Rock
|detailschange|p2a: Pinsir|Pinsir-Mega, M
|message|Pinsir has Mega Evolved into Mega Pinsir!
|move|p2a: Pinsir|Frustration|p1a: Nano malefico
|-resisted|p1a: Nano malefico
|-damage|p1a: Nano malefico|242\/404
|
|-heal|p1a: Nano malefico|267\/404|[from] item: Leftovers
|turn|9
|
|move|p2a: Pinsir|Swords Dance|p2a: Pinsir
|-boost|p2a: Pinsir|atk|2
|move|p1a: Nano malefico|Stealth Rock|p2a: Pinsir
|-sidestart|p2: LT8A TRICKING|move: Stealth Rock
|
|-heal|p1a: Nano malefico|292\/404|[from] item: Leftovers
|turn|10
|
|switch|p1a: Azumarill|Azumarill, M|223\/401
|-damage|p1a: Azumarill|173\/401|[from] Stealth Rock
|move|p2a: Pinsir|Close Combat|p1a: Azumarill
|-resisted|p1a: Azumarill
|-damage|p1a: Azumarill|0 fnt
|-unboost|p2a: Pinsir|def|1
|-unboost|p2a: Pinsir|spd|1
|faint|p1a: Azumarill
|
|
|switch|p1a: Raikou|Raikou|321\/321
|-damage|p1a: Raikou|281\/321|[from] Stealth Rock
|-ability|p1a: Raikou|Pressure
|turn|11
|
|switch|p2a: Mew|Mew|397\/397
|-damage|p2a: Mew|348\/397|[from] Stealth Rock
|move|p1a: Raikou|Hidden Power|p2a: Mew
|-damage|p2a: Mew|294\/397
|
|-heal|p2a: Mew|318\/397|[from] item: Leftovers
|turn|12
|
|move|p1a: Raikou|Volt Switch|p2a: Mew
|-damage|p2a: Mew|225\/397
|
|switch|p1a: Piroetta|Avalugg, F|367\/394
|-damage|p1a: Piroetta|269\/394|[from] Stealth Rock
|move|p2a: Mew|Will-O-Wisp|p1a: Piroetta
|-status|p1a: Piroetta|brn
|
|-heal|p2a: Mew|249\/397|[from] item: Leftovers
|-heal|p1a: Piroetta|293\/394 brn|[from] item: Leftovers
|-damage|p1a: Piroetta|244\/394 brn|[from] brn
|turn|13
|
|move|p2a: Mew|Taunt|p1a: Piroetta
|-start|p1a: Piroetta|move: Taunt
|cant|p1a: Piroetta|move: Taunt|Roar
|
|-heal|p2a: Mew|273\/397|[from] item: Leftovers
|-heal|p1a: Piroetta|268\/394 brn|[from] item: Leftovers
|-damage|p1a: Piroetta|219\/394 brn|[from] brn
|turn|14
|
|move|p2a: Mew|Soft-Boiled|p2a: Mew
|-heal|p2a: Mew|397\/397
|move|p1a: Piroetta|Rapid Spin|p2a: Mew
|-damage|p2a: Mew|387\/397
|-sideend|p1: Alb_prova|Stealth Rock|[from] move: Rapid Spin|[of] p1a: Piroetta
|
|-heal|p2a: Mew|397\/397|[from] item: Leftovers
|-heal|p1a: Piroetta|243\/394 brn|[from] item: Leftovers
|-damage|p1a: Piroetta|194\/394 brn|[from] brn
|turn|15
|
|switch|p1a: Wrongtoad|Poliwrath, M|384\/384
|move|p2a: Mew|Will-O-Wisp|p1a: Wrongtoad|[miss]
|-miss|p2a: Mew|p1a: Wrongtoad
|
|turn|16
|
|move|p2a: Mew|Will-O-Wisp|p1a: Wrongtoad|[miss]
|-miss|p2a: Mew|p1a: Wrongtoad
|move|p1a: Wrongtoad|Scald|p2a: Mew
|-damage|p2a: Mew|340\/397
|-status|p2a: Mew|brn
|-status|p1a: Wrongtoad|brn
|
|-heal|p2a: Mew|364\/397 brn|[from] item: Leftovers
|-damage|p2a: Mew|315\/397 brn|[from] brn
|-damage|p1a: Wrongtoad|336\/384 brn|[from] brn
|turn|17
|c|★LT8A TRICKING|lol
|c|★Alb_prova|ti ho aiutato:)
|
|move|p2a: Mew|Will-O-Wisp|p1a: Wrongtoad
|-fail|p1a: Wrongtoad|brn
|move|p1a: Wrongtoad|Rest|p1a: Wrongtoad
|-status|p1a: Wrongtoad|slp
|-heal|p1a: Wrongtoad|384\/384 slp|[silent]
|-status|p1a: Wrongtoad|slp|[from] move: Rest
|
|-heal|p2a: Mew|339\/397 brn|[from] item: Leftovers
|-damage|p2a: Mew|290\/397 brn|[from] brn
|turn|18
|
|switch|p2a: Magnezone|Magnezone|282\/282
|-damage|p2a: Magnezone|265\/282|[from] Stealth Rock
|switch|p1a: Raikou|Raikou|281\/321
|-ability|p1a: Raikou|Pressure
|
|turn|19
|
|move|p2a: Magnezone|Volt Switch|p1a: Raikou
|-crit|p1a: Raikou
|-resisted|p1a: Raikou
|-damage|p1a: Raikou|224\/321
|
|switch|p2a: Mew|Mew|290\/397 brn
|-damage|p2a: Mew|241\/397 brn|[from] Stealth Rock
|move|p1a: Raikou|Volt Switch|p2a: Mew
|-damage|p2a: Mew|157\/397 brn
|
|switch|p1a: Heracross|Heracross, F|308\/308
|
|-heal|p2a: Mew|181\/397 brn|[from] item: Leftovers
|-damage|p2a: Mew|132\/397 brn|[from] brn
|turn|20
|
|switch|p1a: Raikou|Raikou|224\/321
|-ability|p1a: Raikou|Pressure
|switch|p2a: Landorus-Therian|Landorus-Therian, M|377\/382
|-damage|p2a: Landorus-Therian|330\/382|[from] Stealth Rock
|-ability|p2a: Landorus-Therian|Intimidate|[of] p1a: Raikou
|-unboost|p1a: Raikou|atk|1
|
|-heal|p2a: Landorus-Therian|353\/382|[from] item: Leftovers
|turn|21
|
|switch|p2a: Mew|Mew|132\/397 brn
|-damage|p2a: Mew|83\/397 brn|[from] Stealth Rock
|move|p1a: Raikou|Hidden Power|p2a: Mew
|-damage|p2a: Mew|38\/397 brn
|
|-heal|p2a: Mew|62\/397 brn|[from] item: Leftovers
|-damage|p2a: Mew|13\/397 brn|[from] brn
|turn|22
|
|move|p1a: Raikou|Hidden Power|p2a: Mew
|-damage|p2a: Mew|0 fnt
|faint|p2a: Mew
|
|
|switch|p2a: Latias|Latias, F|266\/302
|-damage|p2a: Latias|229\/302|[from] Stealth Rock
|turn|23
|
|switch|p1a: Nano malefico|Jirachi|292\/404
|move|p2a: Latias|Psyshock|p1a: Nano malefico
|-resisted|p1a: Nano malefico
|-damage|p1a: Nano malefico|249\/404
|-damage|p2a: Latias|199\/302|[from] item: Life Orb
|
|-heal|p1a: Nano malefico|274\/404|[from] item: Leftovers
|turn|24
|
|move|p2a: Latias|Defog|p1a: Nano malefico
|-unboost|p1a: Nano malefico|evasion|1
|-sideend|p2: LT8A TRICKING|Stealth Rock|[from] move: Defog|[of] p2a: Latias
|move|p1a: Nano malefico|Body Slam|p2a: Latias
|-damage|p2a: Latias|127\/302
|
|-heal|p1a: Nano malefico|299\/404|[from] item: Leftovers
|turn|25
|
|switch|p2a: Magnezone|Magnezone|265\/282
|move|p1a: Nano malefico|Stealth Rock|p2a: Magnezone
|-sidestart|p2: LT8A TRICKING|move: Stealth Rock
|
|-heal|p1a: Nano malefico|324\/404|[from] item: Leftovers
|turn|26
|
|move|p2a: Magnezone|Thunderbolt|p1a: Nano malefico
|-damage|p1a: Nano malefico|195\/404
|move|p1a: Nano malefico|Fire Punch|p2a: Magnezone
|-supereffective|p2a: Magnezone
|-damage|p2a: Magnezone|169\/282
|
|-heal|p1a: Nano malefico|220\/404|[from] item: Leftovers
|turn|27
|
|move|p2a: Magnezone|Thunderbolt|p1a: Nano malefico
|-damage|p1a: Nano malefico|91\/404
|move|p1a: Nano malefico|Fire Punch|p2a: Magnezone
|-supereffective|p2a: Magnezone
|-damage|p2a: Magnezone|71\/282
|
|-heal|p1a: Nano malefico|116\/404|[from] item: Leftovers
|turn|28
|
|move|p2a: Magnezone|Thunderbolt|p1a: Nano malefico
|-damage|p1a: Nano malefico|0 fnt
|faint|p1a: Nano malefico
|
|
|switch|p1a: Heracross|Heracross, F|308\/308
|turn|29
|
|switch|p2a: Landorus-Therian|Landorus-Therian, M|353\/382
|-damage|p2a: Landorus-Therian|306\/382|[from] Stealth Rock
|-ability|p2a: Landorus-Therian|Intimidate|[of] p1a: Heracross
|-unboost|p1a: Heracross|atk|1
|detailschange|p1a: Heracross|Heracross-Mega, F
|message|Heracross has Mega Evolved into Mega Heracross!
|move|p1a: Heracross|Close Combat|p2a: Landorus-Therian
|-resisted|p2a: Landorus-Therian
|-damage|p2a: Landorus-Therian|220\/382
|-unboost|p1a: Heracross|def|1
|-unboost|p1a: Heracross|spd|1
|
|-heal|p2a: Landorus-Therian|243\/382|[from] item: Leftovers
|turn|30
|
|switch|p1a: Piroetta|Avalugg, F|194\/394 brn
|move|p2a: Landorus-Therian|Stealth Rock|p1a: Piroetta
|-sidestart|p1: Alb_prova|move: Stealth Rock
|
|-heal|p2a: Landorus-Therian|266\/382|[from] item: Leftovers
|-heal|p1a: Piroetta|218\/394 brn|[from] item: Leftovers
|-damage|p1a: Piroetta|169\/394 brn|[from] brn
|turn|31
|
|move|p2a: Landorus-Therian|Stone Edge|p1a: Piroetta
|-supereffective|p1a: Piroetta
|-damage|p1a: Piroetta|21\/394 brn
|move|p1a: Piroetta|Avalanche|p2a: Landorus-Therian
|-supereffective|p2a: Landorus-Therian
|-damage|p2a: Landorus-Therian|0 fnt
|faint|p2a: Landorus-Therian
|
|-heal|p1a: Piroetta|45\/394 brn|[from] item: Leftovers
|-damage|p1a: Piroetta|0 fnt|[from] brn
|faint|p1a: Piroetta
|
|switch|p2a: Magnezone|Magnezone|71\/282
|-damage|p2a: Magnezone|54\/282|[from] Stealth Rock
|switch|p1a: Raikou|Raikou|224\/321
|-damage|p1a: Raikou|184\/321|[from] Stealth Rock
|-ability|p1a: Raikou|Pressure
|turn|32
|
|move|p2a: Magnezone|Volt Switch|p1a: Raikou
|-resisted|p1a: Raikou
|-damage|p1a: Raikou|145\/321
|
|switch|p2a: Latias|Latias, F|127\/302
|-damage|p2a: Latias|90\/302|[from] Stealth Rock
|move|p1a: Raikou|Thunderbolt|p2a: Latias
|-resisted|p2a: Latias
|-damage|p2a: Latias|27\/302
|
|turn|33
|
|move|p1a: Raikou|Hidden Power|p2a: Latias
|-supereffective|p2a: Latias
|-damage|p2a: Latias|0 fnt
|faint|p2a: Latias
|
|
|switch|p2a: Magnezone|Magnezone|54\/282
|-damage|p2a: Magnezone|37\/282|[from] Stealth Rock
|turn|34
|
|move|p2a: Magnezone|Thunderbolt|p1a: Raikou
|-resisted|p1a: Raikou
|-damage|p1a: Raikou|96\/321
|move|p1a: Raikou|Thunderbolt|p2a: Magnezone
|-crit|p2a: Magnezone
|-resisted|p2a: Magnezone
|-damage|p2a: Magnezone|0 fnt
|faint|p2a: Magnezone
|
|join|Big the Hedgehog
|
|switch|p2a: Keldeo-Resolute|Keldeo-Resolute|282\/323
|-damage|p2a: Keldeo-Resolute|262\/323|[from] Stealth Rock
|turn|35
|
|move|p1a: Raikou|Thunderbolt|p2a: Keldeo-Resolute
|-supereffective|p2a: Keldeo-Resolute
|-damage|p2a: Keldeo-Resolute|0 fnt
|faint|p2a: Keldeo-Resolute
|
|c| Big the Hedgehog|tricking l 2 p
|
|switch|p2a: Pinsir|Pinsir-Mega, M|271\/271
|-damage|p2a: Pinsir|136\/271|[from] Stealth Rock
|turn|36
|
|move|p2a: Pinsir|Quick Attack|p1a: Raikou
|-resisted|p1a: Raikou
|-damage|p1a: Raikou|27\/321
|move|p1a: Raikou|Volt Switch|p2a: Pinsir
|-supereffective|p2a: Pinsir
|-damage|p2a: Pinsir|0 fnt
|faint|p2a: Pinsir
|
|win|Alb_prova
|raw|Ladder updating...
|raw|Alb_prova's rating: 1651 &rarr; <strong>1670<\/strong><br \/>(+19 for winning)
|raw|LT8A TRICKING's rating: 1635 &rarr; <strong>1616<\/strong><br \/>(-19 for losing)
|leave|Big the Hedgehog
|c|★Alb_prova|gg
|c|★LT8A TRICKING|gg
|leave|LT8A TRICKING
|player|p2