|join|Noamey
|join|FIREEEE
|player|p1|Noamey|137
|player|p2|FIREEEE|23
|gametype|singles
|gen|6
|tier|OU
|clearpoke
|poke|p1|Azumarill, F
|poke|p2|Chansey, F
|poke|p2|Scizor, F
|poke|p2|Gliscor, F
|poke|p2|Zapdos
|poke|p2|Slowbro, F
|poke|p2|Heatran, M
|rule|Swagger Clause: Swagger is banned
|rule|Baton Pass Clause: Limit one Pokémon knowing Baton Pass
|rule|Sleep Clause Mod: Limit one foe put to sleep
|rule|Species Clause: Limit one of each Pokémon
|rule|OHKO Clause: OHKO moves are banned
|rule|Moody Clause: Moody is banned
|rule|Evasion Moves Clause: Evasion moves are banned
|rule|Endless Battle Clause: Forcing endless battles is banned
|rule|HP Percentage Mod: HP is shown in percentages
|teampreview
|
|start
|switch|p1a: Azumarill|Azumarill, F|362\/362
|switch|p2a: Zapdos|Zapdos|384\/384
|-ability|p2a: Zapdos|Pressure
|turn|1
|
|move|p2a: Zapdos|Thunderbolt|p1a: Azumarill
|-supereffective|p1a: Azumarill
|-damage|p1a: Azumarill|84\/362
|move|p1a: Azumarill|Present|p2a: Zapdos
|-damage|p2a: Zapdos|348\/384
|
|-heal|p2a: Zapdos|372\/384|[from] item: Leftovers
|turn|2
|c|★FIREEEE|nice present
|
|move|p2a: Zapdos|Thunderbolt|p1a: Azumarill
|-crit|p1a: Azumarill
|-supereffective|p1a: Azumarill
|-damage|p1a: Azumarill|0 fnt
|faint|p1a: Azumarill
|
|win|FIREEEE
|c|★Noamey|np
|leave|FIREEEE
|player|p2