|join|DerpaniteX
|join|rkmx5
|player|p1|DerpaniteX|114
|player|p2|rkmx5|265
|gametype|singles
|gen|6
|tier|UU
|rated
|rule|Sleep Clause Mod: Limit one foe put to sleep
|rule|Species Clause: Limit one of each Pokémon
|rule|OHKO Clause: OHKO moves are banned
|rule|Moody Clause: Moody is banned
|rule|Evasion Moves Clause: Evasion moves are banned
|rule|Endless Battle Clause: Forcing endless battles is banned
|rule|HP Percentage Mod: HP is shown in percentages
|clearpoke
|poke|p1|Nidoking, M
|poke|p1|Forretress, M, shiny
|poke|p1|Infernape, M
|poke|p1|Celebi
|poke|p1|Mienshao, F, shiny
|poke|p1|Vaporeon, F
|poke|p2|Zygarde
|poke|p2|Arcanine, M
|poke|p2|Empoleon, F
|poke|p2|Mienshao, F
|poke|p2|Hippowdon, F, shiny
|poke|p2|Shaymin
|rule|Swagger Clause: Swagger is banned
|rule|Baton Pass Clause: Limit one Pokémon knowing Baton Pass
|teampreview
|
|start
|switch|p1a: Forretress|Forretress, M, shiny|354\/354
|switch|p2a: Mienshao|Mienshao, F|271\/271
|turn|1
|
|move|p2a: Mienshao|U-turn|p1a: Forretress
|-crit|p1a: Forretress
|-resisted|p1a: Forretress
|-damage|p1a: Forretress|320\/354
|
|switch|p2a: Arcanine|Arcanine, M|321\/321
|-ability|p2a: Arcanine|Intimidate|[of] p1a: Forretress
|-unboost|p1a: Forretress|atk|1
|move|p1a: Forretress|Toxic|p2a: Arcanine
|-status|p2a: Arcanine|tox
|
|-heal|p1a: Forretress|342\/354|[from] item: Leftovers
|-damage|p2a: Arcanine|301\/321 tox|[from] psn
|turn|2
|
|switch|p1a: Vaporeon|Vaporeon, F|448\/448
|move|p2a: Arcanine|Flare Blitz|p1a: Vaporeon
|-resisted|p1a: Vaporeon
|-damage|p1a: Vaporeon|277\/448
|-damage|p2a: Arcanine|245\/321 tox|[from] recoil|[of] p1a: Vaporeon
|
|-heal|p1a: Vaporeon|305\/448|[from] item: Leftovers
|-damage|p2a: Arcanine|205\/321 tox|[from] psn
|turn|3
|
|switch|p2a: Shaymin|Shaymin|341\/341
|move|p1a: Vaporeon|Baton Pass|p1a: Vaporeon
|
|switch|p1a: Infernape|Infernape, M|294\/294
|
|turn|4
|
|switch|p2a: Hippowdon|Hippowdon, F, shiny|420\/420
|-weather|Sandstorm
|move|p1a: Infernape|Fire Punch|p2a: Hippowdon
|-damage|p2a: Hippowdon|303\/420
|-damage|p1a: Infernape|265\/294|[from] item: Life Orb
|
|-weather|Sandstorm|[upkeep]
|-damage|p1a: Infernape|247\/294|[from] sandstorm
|-heal|p2a: Hippowdon|329\/420|[from] item: Leftovers
|turn|5
|
|switch|p1a: Forretress|Forretress, M, shiny|342\/354
|move|p2a: Hippowdon|Stealth Rock|p1a: Forretress
|-sidestart|p1: DerpaniteX|move: Stealth Rock
|
|-weather|Sandstorm|[upkeep]
|-heal|p2a: Hippowdon|355\/420|[from] item: Leftovers
|-heal|p1a: Forretress|354\/354|[from] item: Leftovers
|turn|6
|
|switch|p2a: Arcanine|Arcanine, M|205\/321 tox
|-ability|p2a: Arcanine|Intimidate|[of] p1a: Forretress
|-unboost|p1a: Forretress|atk|1
|move|p1a: Forretress|Rapid Spin|p2a: Arcanine
|-damage|p2a: Arcanine|193\/321 tox
|-sideend|p1: DerpaniteX|Stealth Rock|[from] move: Rapid Spin|[of] p1a: Forretress
|
|-weather|Sandstorm|[upkeep]
|-damage|p2a: Arcanine|173\/321 tox|[from] sandstorm
|-damage|p2a: Arcanine|153\/321 tox|[from] psn
|turn|7
|
|switch|p1a: Vaporeon|Vaporeon, F|305\/448
|move|p2a: Arcanine|Flare Blitz|p1a: Vaporeon
|-crit|p1a: Vaporeon
|-resisted|p1a: Vaporeon
|-damage|p1a: Vaporeon|46\/448
|-damage|p2a: Arcanine|68\/321 tox|[from] recoil|[of] p1a: Vaporeon
|
|-weather|Sandstorm|[upkeep]
|-damage|p2a: Arcanine|48\/321 tox|[from] sandstorm
|-damage|p1a: Vaporeon|18\/448|[from] sandstorm
|-heal|p1a: Vaporeon|46\/448|[from] item: Leftovers
|-damage|p2a: Arcanine|8\/321 tox|[from] psn
|turn|8
|
|move|p2a: Arcanine|Flare Blitz|p1a: Vaporeon
|-resisted|p1a: Vaporeon
|-damage|p1a: Vaporeon|0 fnt
|-damage|p2a: Arcanine|0 fnt|[from] recoil|[of] p1a: Vaporeon
|faint|p1a: Vaporeon
|faint|p2a: Arcanine
|
|-weather|none
|
|switch|p1a: Mienshao|Mienshao, F, shiny|271\/271
|switch|p2a: Zygarde|Zygarde|401\/401
|-ability|p2a: Zygarde|Aura Break
|turn|9
|
|move|p1a: Mienshao|High Jump Kick|p2a: Zygarde
|-damage|p2a: Zygarde|188\/401
|move|p2a: Zygarde|Earthquake|p1a: Mienshao
|-damage|p1a: Mienshao|79\/271
|
|-heal|p2a: Zygarde|213\/401|[from] item: Leftovers
|turn|10
|
|switch|p2a: Hippowdon|Hippowdon, F, shiny|355\/420
|-weather|Sandstorm
|move|p1a: Mienshao|High Jump Kick|p2a: Hippowdon
|-damage|p2a: Hippowdon|183\/420
|
|-weather|Sandstorm|[upkeep]
|-damage|p1a: Mienshao|63\/271|[from] sandstorm
|-heal|p2a: Hippowdon|209\/420|[from] item: Leftovers
|turn|11
|
|switch|p1a: Celebi|Celebi|404\/404
|move|p2a: Hippowdon|Stealth Rock|p1a: Celebi
|-sidestart|p1: DerpaniteX|move: Stealth Rock
|
|-weather|Sandstorm|[upkeep]
|-damage|p1a: Celebi|379\/404|[from] sandstorm
|-heal|p1a: Celebi|404\/404|[from] item: Leftovers
|-heal|p2a: Hippowdon|235\/420|[from] item: Leftovers
|turn|12
|
|switch|p2a: Shaymin|Shaymin|341\/341
|move|p1a: Celebi|Thunder Wave|p2a: Shaymin
|-status|p2a: Shaymin|par
|
|-weather|Sandstorm|[upkeep]
|-damage|p1a: Celebi|379\/404|[from] sandstorm
|-damage|p2a: Shaymin|320\/341 par|[from] sandstorm
|-heal|p1a: Celebi|404\/404|[from] item: Leftovers
|turn|13
|
|switch|p1a: Forretress|Forretress, M, shiny|354\/354
|-damage|p1a: Forretress|310\/354|[from] Stealth Rock
|switch|p2a: Mienshao|Mienshao, F|271\/271
|
|-weather|Sandstorm|[upkeep]
|-damage|p2a: Mienshao|255\/271|[from] sandstorm
|-heal|p1a: Forretress|332\/354|[from] item: Leftovers
|turn|14
|
|move|p2a: Mienshao|U-turn|p1a: Forretress
|-resisted|p1a: Forretress
|-damage|p1a: Forretress|309\/354
|
|switch|p2a: Zygarde|Zygarde|213\/401
|-ability|p2a: Zygarde|Aura Break
|move|p1a: Forretress|Toxic|p2a: Zygarde
|-status|p2a: Zygarde|tox
|
|-weather|none
|-heal|p2a: Zygarde|238\/401 tox|[from] item: Leftovers
|-heal|p1a: Forretress|331\/354|[from] item: Leftovers
|-damage|p2a: Zygarde|213\/401 tox|[from] psn
|turn|15
|
|move|p2a: Zygarde|Dragon Dance|p2a: Zygarde
|-boost|p2a: Zygarde|atk|1
|-boost|p2a: Zygarde|spe|1
|move|p1a: Forretress|Rapid Spin|p2a: Zygarde
|-damage|p2a: Zygarde|200\/401 tox
|-sideend|p1: DerpaniteX|Stealth Rock|[from] move: Rapid Spin|[of] p1a: Forretress
|
|-heal|p2a: Zygarde|225\/401 tox|[from] item: Leftovers
|-heal|p1a: Forretress|353\/354|[from] item: Leftovers
|-damage|p2a: Zygarde|175\/401 tox|[from] psn
|turn|16
|
|move|p2a: Zygarde|Earthquake|p1a: Forretress
|-damage|p1a: Forretress|236\/354
|move|p1a: Forretress|Gyro Ball|p2a: Zygarde
|-damage|p2a: Zygarde|54\/401 tox
|
|-heal|p2a: Zygarde|79\/401 tox|[from] item: Leftovers
|-heal|p1a: Forretress|258\/354|[from] item: Leftovers
|-damage|p2a: Zygarde|4\/401 tox|[from] psn
|turn|17
|
|move|p2a: Zygarde|Earthquake|p1a: Forretress
|-damage|p1a: Forretress|137\/354
|move|p1a: Forretress|Stealth Rock|p2a: Zygarde
|-sidestart|p2: rkmx5|move: Stealth Rock
|
|-heal|p2a: Zygarde|29\/401 tox|[from] item: Leftovers
|-heal|p1a: Forretress|159\/354|[from] item: Leftovers
|-damage|p2a: Zygarde|0 fnt|[from] psn
|faint|p2a: Zygarde
|
|switch|p2a: Empoleon|Empoleon, F|372\/372
|-damage|p2a: Empoleon|349\/372|[from] Stealth Rock
|turn|18
|
|switch|p1a: Celebi|Celebi|404\/404
|move|p2a: Empoleon|Defog|p1a: Celebi
|-unboost|p1a: Celebi|evasion|1
|-sideend|p2: rkmx5|Stealth Rock|[from] move: Defog|[of] p2a: Empoleon
|
|-heal|p2a: Empoleon|372\/372|[from] item: Leftovers
|turn|19
|
|move|p1a: Celebi|Thunder Wave|p2a: Empoleon
|-status|p2a: Empoleon|par
|move|p2a: Empoleon|Ice Beam|p1a: Celebi
|-supereffective|p1a: Celebi
|-damage|p1a: Celebi|294\/404
|
|-heal|p1a: Celebi|319\/404|[from] item: Leftovers
|turn|20
|
|switch|p1a: Nidoking|Nidoking, M|303\/303
|switch|p2a: Shaymin|Shaymin|320\/341
|
|turn|21
|
|switch|p1a: Celebi|Celebi|319\/404
|move|p2a: Shaymin|Earth Power|p1a: Celebi
|-resisted|p1a: Celebi
|-damage|p1a: Celebi|277\/404
|-damage|p2a: Shaymin|286\/341|[from] item: Life Orb
|
|-heal|p1a: Celebi|302\/404|[from] item: Leftovers
|turn|22
|
|switch|p2a: Mienshao|Mienshao, F|271\/271
|move|p1a: Celebi|Thunder Wave|p2a: Mienshao
|-status|p2a: Mienshao|par
|
|-heal|p1a: Celebi|327\/404|[from] item: Leftovers
|turn|23
|c|★rkmx5|dog
|c|★rkmx5|its not fucking cool to spam twave
|
|switch|p1a: Forretress|Forretress, M, shiny|159\/354
|cant|p2a: Mienshao|par
|
|-heal|p1a: Forretress|181\/354|[from] item: Leftovers
|turn|24
|c|★DerpaniteX|coming from the guy
|c|★rkmx5|youre a fag
|c|★DerpaniteX|who uses zygarde
|-message|rkmx5 forfeited.
|leave|rkmx5
|
|win|DerpaniteX
|raw|Ladder updating...
|player|p2
|raw|DerpaniteX's rating: 1518 &rarr; <strong>1531<\/strong><br \/>(+13 for winning)
|raw|rkmx5's rating: 1404 &rarr; <strong>1391<\/strong><br \/>(-13 for losing)