|join|Volbeatdown
|join|DerpaniteX
|player|p1|Volbeatdown|126
|player|p2|DerpaniteX|85
|gametype|singles
|gen|6
|tier|UU
|rated
|rule|Sleep Clause Mod: Limit one foe put to sleep
|rule|Species Clause: Limit one of each Pokémon
|rule|OHKO Clause: OHKO moves are banned
|rule|Moody Clause: Moody is banned
|rule|Evasion Moves Clause: Evasion moves are banned
|rule|Endless Battle Clause: Forcing endless battles is banned
|rule|HP Percentage Mod: HP is shown in percentages
|clearpoke
|poke|p1|Froslass, F
|poke|p1|Spiritomb, F
|poke|p1|Swampert, F
|poke|p1|Sharpedo, M
|poke|p1|Lucario, M
|poke|p1|Celebi
|poke|p2|Nidoking, M
|poke|p2|Infernape, F
|poke|p2|Celebi
|poke|p2|Mienshao, M, shiny
|poke|p2|Vaporeon, M
|poke|p2|Forretress, M, shiny
|rule|Swagger Clause: Swagger is banned
|rule|Baton Pass Clause: Limit one Pokémon knowing Baton Pass
|teampreview
|join|BenzMafia
|join|so dynamic
|c| so dynamic|are u there nick
|c|★Volbeatdown|y
|c|★Volbeatdown|i am now
|c| so dynamic|i c
|
|start
|switch|p1a: Froslass|Froslass, F|343\/343
|switch|p2a: Forretress|Forretress, M, shiny|354\/354
|turn|1
|
|move|p1a: Froslass|Taunt|p2a: Forretress
|-start|p2a: Forretress|move: Taunt
|move|p2a: Forretress|Gyro Ball|p1a: Froslass
|-supereffective|p1a: Froslass
|-damage|p1a: Froslass|19\/343
|
|turn|2
|
|move|p1a: Froslass|Spikes|p2a: Forretress
|-sidestart|p2: DerpaniteX|Spikes
|move|p2a: Forretress|Gyro Ball|p1a: Froslass
|-supereffective|p1a: Froslass
|-damage|p1a: Froslass|0 fnt
|-start|p2a: Forretress|Disable|Gyro Ball
|faint|p1a: Froslass
|
|
|switch|p1a: Lucario|Lucario, M|281\/281
|turn|3
|c| so dynamic|pert where
|c|★Volbeatdown|ur mum
|join|OGWanka
|c| so dynamic|got me good
|c| so dynamic|xDD
|c|★Volbeatdown|ecks dee
|
|switch|p2a: Celebi|Celebi|404\/404
|-damage|p2a: Celebi|354\/404|[from] Spikes
|move|p1a: Lucario|Swords Dance|p1a: Lucario
|-boost|p1a: Lucario|atk|2
|
|-heal|p2a: Celebi|379\/404|[from] item: Leftovers
|turn|4
|c| BenzMafia|reveal earth power
|
|move|p1a: Lucario|Ice Punch|p2a: Celebi
|-supereffective|p2a: Celebi
|-damage|p2a: Celebi|5\/404
|-damage|p1a: Lucario|253\/281|[from] item: Life Orb
|move|p2a: Celebi|Thunder Wave|p1a: Lucario
|-status|p1a: Lucario|par
|
|-heal|p2a: Celebi|30\/404|[from] item: Leftovers
|turn|5
|
|move|p1a: Lucario|Extreme Speed|p2a: Celebi
|-damage|p2a: Celebi|0 fnt
|-damage|p1a: Lucario|225\/281 par|[from] item: Life Orb
|faint|p2a: Celebi
|
|c| so dynamic|u get full para'd now
|c|★Volbeatdown|ik
|
|switch|p2a: Forretress|Forretress, M, shiny|354\/354
|-damage|p2a: Forretress|310\/354|[from] Spikes
|turn|6
|
|move|p1a: Lucario|Close Combat|p2a: Forretress
|-damage|p2a: Forretress|44\/354
|-unboost|p1a: Lucario|def|1
|-unboost|p1a: Lucario|spd|1
|-damage|p1a: Lucario|197\/281 par|[from] item: Life Orb
|move|p2a: Forretress|Rapid Spin|p1a: Lucario
|-resisted|p1a: Lucario
|-damage|p1a: Lucario|183\/281 par
|-sideend|p2: DerpaniteX|Spikes|[from] move: Rapid Spin|[of] p2a: Forretress
|
|-heal|p2a: Forretress|66\/354|[from] item: Leftovers
|turn|7
|c| so dynamic|know what would be p cool if u could fit it
|c|★Volbeatdown|hm
|join|UrNemesis357
|c| so dynamic|healing wish on celebi
|c|★Volbeatdown|eh
|
|move|p2a: Forretress|Gyro Ball|p1a: Lucario
|-resisted|p1a: Lucario
|-damage|p1a: Lucario|155\/281 par
|move|p1a: Lucario|Close Combat|p2a: Forretress
|-damage|p2a: Forretress|0 fnt
|-unboost|p1a: Lucario|def|1
|-unboost|p1a: Lucario|spd|1
|-damage|p1a: Lucario|127\/281 par|[from] item: Life Orb
|faint|p2a: Forretress
|
|c| so dynamic|or maybe magic coat
|c| so dynamic|cause oar agg
|c| so dynamic|idk
|
|switch|p2a: Vaporeon|Vaporeon, M|448\/448
|turn|8
|c| so dynamic|maybe im over thinkig
|c|★Volbeatdown|i forgot adamant
|c|★Volbeatdown|cri
|
|move|p1a: Lucario|Extreme Speed|p2a: Vaporeon
|-damage|p2a: Vaporeon|187\/448
|-damage|p1a: Lucario|99\/281 par|[from] item: Life Orb
|move|p2a: Vaporeon|Scald|p1a: Lucario
|-damage|p1a: Lucario|0 fnt
|faint|p1a: Lucario
|
|-heal|p2a: Vaporeon|215\/448|[from] item: Leftovers
|
|switch|p1a: Celebi|Celebi|380\/380
|turn|9
|c| so dynamic|but u probs prefer longevity
|c|★Volbeatdown|yh
|c| so dynamic|for stall
|c|★Volbeatdown|i do
|c| so dynamic|man what does stall run for celebi
|
|move|p1a: Celebi|Nasty Plot|p1a: Celebi
|-boost|p1a: Celebi|spa|2
|move|p2a: Vaporeon|Baton Pass|p2a: Vaporeon
|c|★Volbeatdown|uturn
|c| so dynamic|anyways
|join|DrReuniclus3
|c| so dynamic|uturn what
|join|PaulK618
|c|★Volbeatdown|crobat i dunno
|
|switch|p2a: Infernape|Infernape, F|293\/293
|
|turn|10
|c| so dynamic|probs fails to kill w\/ 0 atk bbird
|
|move|p2a: Infernape|Fire Punch|p1a: Celebi
|-crit|p1a: Celebi
|-supereffective|p1a: Celebi
|-damage|p1a: Celebi|0 fnt
|-damage|p2a: Infernape|264\/293|[from] item: Life Orb
|faint|p1a: Celebi
|
|c|★Volbeatdown|that mattered
|c| OGWanka|tht mattered
|c| so dynamic|oof
|c|★Volbeatdown|,,,,,,,,,,,
|c| OGWanka|you wouldve just lost
|c|★DerpaniteX|max attack life orb
|
|switch|p1a: Swampert|Swampert, F|404\/404
|turn|11
|c| OGWanka|no
|c|★DerpaniteX|unless u have defense investment
|c|★Volbeatdown|you wouldve lost
|c| OGWanka|you wouldve lost
|c| OGWanka|he has bulk invest
|c|★DerpaniteX|do u have defense invest on p celebi
|c| OGWanka|yes
|c|★DerpaniteX|np*
|c|★Volbeatdown|i have bulk
|c| PaulK618|fake out shao ?
|c| DrReuniclus3|He obv had def investment he was going to pass
|c|★DerpaniteX|that's retarded lol
|c| DrReuniclus3|plz
|c|★Volbeatdown|no it isnt
|c| so dynamic|to special mega shark?
|c|★Volbeatdown|that crit was retarded
|c|★DerpaniteX|and u stayed in
|c| DrReuniclus3|ofc
|c| OGWanka|no he was gunna pass the np and the wp boost into sharpedo and sweep you
|c|★DerpaniteX|what if i had flare blitz
|c| DrReuniclus3|you gotta have
|c| OGWanka|it wouldve been gg
|c| DrReuniclus3|the creative sets
|c| so dynamic|o right
|c|★Volbeatdown|but you didnt
|c|★Volbeatdown|have flare blitz
|c|★DerpaniteX|right great prediction
|c| OGWanka|stfu you should be saying srry you were going to lose
|c|★Volbeatdown|ikr
|c|★DerpaniteX|that was obvious
|c|★DerpaniteX|10\/10 play bro
|c|★Volbeatdown|get good
|c|★DerpaniteX|ur great
|c|★Volbeatdown|kill yourself
|c| OGWanka|BRO YOU WOULDVE LOST
|c| OGWanka|STFU
|c| so dynamic|guys get over it its a game
|c|★Volbeatdown|ik
|c|★DerpaniteX|lol
|c|★Volbeatdown|hes just talking mad shit when he got lucky
|c| so dynamic|yea
|c|★Volbeatdown|but w\/e
|c| OGWanka|sighh...SOD is rihgt
|
|switch|p2a: Vaporeon|Vaporeon, M|215\/448
|move|p1a: Swampert|Stealth Rock|p2a: Vaporeon
|-sidestart|p2: DerpaniteX|move: Stealth Rock
|
|-heal|p2a: Vaporeon|243\/448|[from] item: Leftovers
|turn|12
|c| so dynamic|u probs still win too
|c|★Volbeatdown|n
|c| so dynamic|p sure
|c|★Volbeatdown|n
|c|★Volbeatdown|i don
|
|move|p2a: Vaporeon|Scald|p1a: Swampert
|-damage|p1a: Swampert|296\/404
|move|p1a: Swampert|Roar|p2a: Vaporeon
|drag|p2a: Nidoking|Nidoking, M|303\/303
|-damage|p2a: Nidoking|285\/303|[from] Stealth Rock
|
|-heal|p1a: Swampert|321\/404|[from] item: Leftovers
|turn|13
|c| so dynamic|why wouldnt u
|c| PaulK618|252+ Atk Life Orb Iron Fist Infernape Fire Punch vs. 252 HP \/ 0 Def Celebi: 359-424 (88.8 - 104.9%) -- 31.3% chance to OHKO
|c| so dynamic|unless its mach ape
|c| so dynamic|i guess
|c| so dynamic|he probs could be though
|
|move|p2a: Nidoking|Earth Power|p1a: Swampert
|-crit|p1a: Swampert
|-damage|p1a: Swampert|4\/404
|move|p1a: Swampert|Earthquake|p2a: Nidoking
|-supereffective|p2a: Nidoking
|-damage|p2a: Nidoking|0 fnt
|faint|p2a: Nidoking
|
|-heal|p1a: Swampert|29\/404|[from] item: Leftovers
|c|★DerpaniteX|lol
|c| so dynamic|is that atk invest
|c| so dynamic|pert
|c| OGWanka|he has to hit his hydros and somehow kill vap
|c|★Volbeatdown|no
|c| so dynamic|o hes special
|c| so dynamic|shark
|
|switch|p2a: Vaporeon|Vaporeon, M|243\/448
|-damage|p2a: Vaporeon|187\/448|[from] Stealth Rock
|turn|14
|c| so dynamic|i thought it was like
|
|move|p2a: Vaporeon|Scald|p1a: Swampert
|-damage|p1a: Swampert|0 fnt
|faint|p1a: Swampert
|
|-heal|p2a: Vaporeon|215\/448|[from] item: Leftovers
|c| so dynamic|sweeping celebi w\/ wp boos
|c| so dynamic|to support luke and shark
|c|★Volbeatdown|n
|
|switch|p1a: Sharpedo|Sharpedo, M|281\/281
|turn|15
|c| so dynamic|imo run physical
|c|★Volbeatdown|i ref00se
|c| OGWanka|hes nasty plot WP celebi
|c| OGWanka|with bp
|c| OGWanka|pass into pedo
|c|★Volbeatdown|^
|c| OGWanka|and win
|
|move|p1a: Sharpedo|Dark Pulse|p2a: Vaporeon
|-damage|p2a: Vaporeon|116\/448
|move|p2a: Vaporeon|Wish|p2a: Vaporeon
|
|-heal|p2a: Vaporeon|144\/448|[from] item: Leftovers
|-boost|p1a: Sharpedo|spe|1|[from] ability: Speed Boost
|turn|16
|c|★DerpaniteX|too bad im spdef
|c| so dynamic|roar
|c| so dynamic|here
|join|Shit User
|
|move|p2a: Vaporeon|Protect|p2a: Vaporeon
|-singleturn|p2a: Vaporeon|Protect
|move|p1a: Sharpedo|Dark Pulse|p2a: Vaporeon
|-activate|p2a: Vaporeon|Protect
|
|-heal|p2a: Vaporeon|368\/448|[from] move: Wish|[wisher] Vaporeon
|-heal|p2a: Vaporeon|396\/448|[from] item: Leftovers
|-boost|p1a: Sharpedo|spe|1|[from] ability: Speed Boost
|turn|17
|c| Shit User|needs more
|c| Shit User|strong
|c| Shit User|jaw
|c| Shit User|imo
|c| so dynamic|Sharpedo can learn Roar
|
|detailschange|p1a: Sharpedo|Sharpedo-Mega, M
|-mega|p1a: Sharpedo|Sharpedo|Sharpedonite
|move|p1a: Sharpedo|Dark Pulse|p2a: Vaporeon
|-damage|p2a: Vaporeon|282\/448
|move|p2a: Vaporeon|Scald|p1a: Sharpedo
|-resisted|p1a: Sharpedo
|-damage|p1a: Sharpedo|203\/281
|
|-heal|p2a: Vaporeon|310\/448|[from] item: Leftovers
|turn|18
|c| Shit User|at least your crotomb
|c| Shit User|so you win
|c|★Volbeatdown|flinch x3
|c|★Volbeatdown|im not crotomb
|
|move|p2a: Vaporeon|Protect|p2a: Vaporeon
|-singleturn|p2a: Vaporeon|Protect
|move|p1a: Sharpedo|Dark Pulse|p2a: Vaporeon
|-activate|p2a: Vaporeon|Protect
|
|-heal|p2a: Vaporeon|338\/448|[from] item: Leftovers
|turn|19
|c| OGWanka|lol crotomb
|-message|Volbeatdown forfeited.
|leave|Volbeatdown
|c| Shit User|you're*
|c|★DerpaniteX|dick
|
|win|DerpaniteX
|raw|Ladder updating...
|player|p1
|c| Shit User|crotomb is good
|c| Shit User|in ru
|raw|Volbeatdown's rating: 1509 &rarr; <strong>1486<\/strong><br \/>(-23 for losing)
|raw|DerpaniteX's rating: 1448 &rarr; <strong>1472<\/strong><br \/>(+24 for winning)
|c| Shit User|tbh
|c| Shit User|js