|join|Croven
|join|Drake G.
|player|p1|Croven|70
|player|p2|Drake G.|25
|gametype|singles
|gen|6
|tier|OU
|rated
|clearpoke
|poke|p1|Lopunny, F
|poke|p1|Heatran, F
|poke|p1|Celebi
|poke|p1|Gliscor, F
|poke|p1|Mandibuzz, F
|poke|p1|Tornadus-Therian, M
|poke|p2|Charizard, M
|poke|p2|Keldeo-Resolute
|poke|p2|Tyranitar, F
|poke|p2|Clefable, M
|poke|p2|Amoonguss, M
|poke|p2|Mandibuzz, F
|rule|Swagger Clause: Swagger is banned
|rule|Baton Pass Clause: Limit one Pokémon knowing Baton Pass
|rule|Sleep Clause Mod: Limit one foe put to sleep
|rule|Species Clause: Limit one of each Pokémon
|rule|OHKO Clause: OHKO moves are banned
|rule|Moody Clause: Moody is banned
|rule|Evasion Moves Clause: Evasion moves are banned
|rule|Endless Battle Clause: Forcing endless battles is banned
|rule|HP Percentage Mod: HP is shown in percentages
|teampreview
|
|start
|switch|p1a: Gliscor|Gliscor, F|354\/354
|switch|p2a: Keldeo-Resolute|Keldeo-Resolute|323\/323
|turn|1
|
|switch|p1a: Celebi|Celebi|404\/404
|move|p2a: Keldeo-Resolute|Hydro Pump|p1a: Celebi
|-resisted|p1a: Celebi
|-damage|p1a: Celebi|246\/404
|
|-heal|p1a: Celebi|271\/404|[from] item: Leftovers
|turn|2
|
|switch|p2a: Tyranitar|Tyranitar, F|403\/403
|-weather|Sandstorm
|move|p1a: Celebi|Recover|p1a: Celebi
|-heal|p1a: Celebi|404\/404
|
|-weather|Sandstorm|[upkeep]
|-damage|p1a: Celebi|379\/404|[from] sandstorm
|-heal|p1a: Celebi|404\/404|[from] item: Leftovers
|turn|3
|
|move|p1a: Celebi|Baton Pass|p1a: Celebi
|
|switch|p1a: Lopunny|Lopunny, F|271\/271
|move|p2a: Tyranitar|Pursuit|p1a: Lopunny
|-damage|p1a: Lopunny|174\/271
|
|-weather|Sandstorm|[upkeep]
|-damage|p1a: Lopunny|158\/271|[from] sandstorm
|turn|4
|
|switch|p2a: Amoonguss|Amoonguss, M|432\/432
|detailschange|p1a: Lopunny|Lopunny-Mega, F
|-mega|p1a: Lopunny|Lopunny|Lopunnite
|move|p1a: Lopunny|Return|p2a: Amoonguss
|-damage|p2a: Amoonguss|225\/432
|
|-weather|Sandstorm|[upkeep]
|-damage|p1a: Lopunny|142\/271|[from] sandstorm
|-damage|p2a: Amoonguss|198\/432|[from] sandstorm
|-heal|p2a: Amoonguss|225\/432|[from] item: Black Sludge
|turn|5
|
|switch|p1a: Mandibuzz|Mandibuzz, F|423\/423
|move|p2a: Amoonguss|Sludge Bomb|p1a: Mandibuzz
|-damage|p1a: Mandibuzz|330\/423
|
|-weather|Sandstorm|[upkeep]
|-damage|p2a: Amoonguss|198\/432|[from] sandstorm
|-heal|p1a: Mandibuzz|356\/423|[from] item: Leftovers
|-heal|p2a: Amoonguss|225\/432|[from] item: Black Sludge
|turn|6
|
|switch|p2a: Clefable|Clefable, M|394\/394
|move|p1a: Mandibuzz|U-turn|p2a: Clefable
|-crit|p2a: Clefable
|-resisted|p2a: Clefable
|-damage|p2a: Clefable|356\/394
|
|switch|p1a: Heatran|Heatran, F|384\/384
|
|-weather|none
|-heal|p2a: Clefable|380\/394|[from] item: Leftovers
|turn|7
|
|switch|p2a: Tyranitar|Tyranitar, F|403\/403
|-weather|Sandstorm
|move|p1a: Heatran|Stealth Rock|p2a: Tyranitar
|-sidestart|p2: Drake G.|move: Stealth Rock
|
|-weather|Sandstorm|[upkeep]
|turn|8
|
|move|p2a: Tyranitar|Pursuit|p1a: Heatran|[from]Pursuit
|-damage|p1a: Heatran|218\/384
|switch|p1a: Gliscor|Gliscor, F|354\/354
|
|-weather|Sandstorm|[upkeep]
|-status|p1a: Gliscor|tox|[from] item: Toxic Orb
|turn|9
|
|switch|p2a: Mandibuzz|Mandibuzz, F|424\/424
|-damage|p2a: Mandibuzz|318\/424|[from] Stealth Rock
|move|p1a: Gliscor|Knock Off|p2a: Mandibuzz
|-resisted|p2a: Mandibuzz
|-damage|p2a: Mandibuzz|293\/424
|-enditem|p2a: Mandibuzz|Leftovers|[from] move: Knock Off|[of] p1a: Gliscor
|
|-weather|Sandstorm|[upkeep]
|turn|10
|
|move|p1a: Gliscor|Taunt|p2a: Mandibuzz
|-start|p2a: Mandibuzz|move: Taunt
|cant|p2a: Mandibuzz|move: Taunt|Defog
|
|-weather|Sandstorm|[upkeep]
|turn|11
|
|move|p1a: Gliscor|Swords Dance|p1a: Gliscor
|-boost|p1a: Gliscor|atk|2
|move|p2a: Mandibuzz|Foul Play|p1a: Gliscor
|-damage|p1a: Gliscor|210\/354 tox
|
|-weather|none
|-heal|p1a: Gliscor|254\/354 tox|[from] ability: Poison Heal
|turn|12
|
|move|p1a: Gliscor|Knock Off|p2a: Mandibuzz
|-resisted|p2a: Mandibuzz
|-damage|p2a: Mandibuzz|262\/424
|move|p2a: Mandibuzz|Foul Play|p1a: Gliscor
|-damage|p1a: Gliscor|106\/354 tox
|
|-heal|p1a: Gliscor|150\/354 tox|[from] ability: Poison Heal
|-end|p2a: Mandibuzz|move: Taunt
|turn|13
|
|move|p1a: Gliscor|Taunt|p2a: Mandibuzz
|-start|p2a: Mandibuzz|move: Taunt
|move|p2a: Mandibuzz|Foul Play|p1a: Gliscor
|-damage|p1a: Gliscor|0 fnt
|faint|p1a: Gliscor
|
|
|switch|p1a: Tornadus-Therian|Tornadus-Therian, M|299\/299
|turn|14
|
|switch|p2a: Tyranitar|Tyranitar, F|403\/403
|-damage|p2a: Tyranitar|353\/403|[from] Stealth Rock
|-weather|Sandstorm
|move|p1a: Tornadus-Therian|Hurricane|p2a: Tyranitar|[miss]
|-miss|p1a: Tornadus-Therian|p2a: Tyranitar
|
|-weather|Sandstorm|[upkeep]
|-damage|p1a: Tornadus-Therian|281\/299|[from] sandstorm
|turn|15
|
|move|p1a: Tornadus-Therian|Superpower|p2a: Tyranitar
|-supereffective|p2a: Tyranitar
|-damage|p2a: Tyranitar|0 fnt
|-unboost|p1a: Tornadus-Therian|atk|1
|-unboost|p1a: Tornadus-Therian|def|1
|-damage|p1a: Tornadus-Therian|252\/299|[from] item: Life Orb
|faint|p2a: Tyranitar
|
|-weather|Sandstorm|[upkeep]
|-damage|p1a: Tornadus-Therian|234\/299|[from] sandstorm
|
|switch|p2a: Clefable|Clefable, M|380\/394
|turn|16
|
|move|p1a: Tornadus-Therian|Hurricane|p2a: Clefable|[miss]
|-miss|p1a: Tornadus-Therian|p2a: Clefable
|move|p2a: Clefable|Thunder Wave|p1a: Tornadus-Therian
|-status|p1a: Tornadus-Therian|par
|
|-weather|Sandstorm|[upkeep]
|-damage|p1a: Tornadus-Therian|216\/299 par|[from] sandstorm
|-heal|p2a: Clefable|394\/394|[from] item: Leftovers
|turn|17
|
|move|p2a: Clefable|Thunder Wave|p1a: Tornadus-Therian
|-fail|p1a: Tornadus-Therian|par
|move|p1a: Tornadus-Therian|Hurricane|p2a: Clefable
|-damage|p2a: Clefable|209\/394
|-damage|p1a: Tornadus-Therian|187\/299 par|[from] item: Life Orb
|
|-weather|Sandstorm|[upkeep]
|-damage|p1a: Tornadus-Therian|169\/299 par|[from] sandstorm
|-heal|p2a: Clefable|233\/394|[from] item: Leftovers
|turn|18
|
|move|p2a: Clefable|Wish|p2a: Clefable
|move|p1a: Tornadus-Therian|U-turn|p2a: Clefable
|-resisted|p2a: Clefable
|-damage|p2a: Clefable|199\/394
|-damage|p1a: Tornadus-Therian|140\/299 par|[from] item: Life Orb
|
|switch|p1a: Heatran|Heatran, F|218\/384
|
|-weather|none
|-heal|p1a: Heatran|242\/384|[from] item: Leftovers
|-heal|p2a: Clefable|223\/394|[from] item: Leftovers
|turn|19
|
|move|p1a: Heatran|Stealth Rock|p2a: Clefable
|-fail|p2a: Clefable
|move|p2a: Clefable|Thunder Wave|p1a: Heatran
|-status|p1a: Heatran|par
|
|-heal|p2a: Clefable|394\/394|[from] move: Wish|[wisher] Clefable
|-heal|p1a: Heatran|266\/384 par|[from] item: Leftovers
|turn|20
|c|★Croven|i'm smart
|-message|Croven forfeited.
|leave|Croven
|
|win|Drake G.
|raw|Ladder updating...
|player|p1
|raw|Croven's rating: 1562 &rarr; <strong>1541<\/strong><br \/>(-21 for losing)
|raw|Drake G.'s rating: 1542 &rarr; <strong>1563<\/strong><br \/>(+21 for winning)