|join|Zabrael
|join|LT4A LolzOverLang
|player|p1|Zabrael|146
|player|p2|LT4A LolzOverLang|144
|gametype|singles
|gen|6
|tier|OU
|rated
|clearpoke
|poke|p1|Espeon, M
|poke|p1|Kyurem-Black
|poke|p1|Wobbuffet, F
|poke|p1|Landorus-Therian, M
|poke|p1|Azumarill, M
|poke|p1|Rotom-Wash
|poke|p2|Azumarill, M
|poke|p2|Bisharp, M
|poke|p2|Latios, M
|poke|p2|Raikou
|poke|p2|Landorus-Therian, M
|poke|p2|Breloom, M
|rule|Swagger Clause: Swagger is banned
|rule|Baton Pass Clause: Limit one Pokémon knowing Baton Pass
|rule|Sleep Clause Mod: Limit one foe put to sleep
|rule|Species Clause: Limit one of each Pokémon
|rule|OHKO Clause: OHKO moves are banned
|rule|Moody Clause: Moody is banned
|rule|Evasion Moves Clause: Evasion moves are banned
|rule|Endless Battle Clause: Forcing endless battles is banned
|rule|HP Percentage Mod: HP is shown in percentages
|teampreview
|
|start
|switch|p1a: Rotom-Wash|Rotom-Wash|304\/304
|switch|p2a: Raikou|Raikou|322\/322
|-ability|p2a: Raikou|Pressure
|turn|1
|join|Phillips
|c|★LT4A LolzOverLang|gl
|
|move|p2a: Raikou|Volt Switch|p1a: Rotom-Wash
|-damage|p1a: Rotom-Wash|136\/304
|
|switch|p2a: Latios|Latios, M|302\/302
|move|p1a: Rotom-Wash|Will-O-Wisp|p2a: Latios
|-status|p2a: Latios|brn
|
|-damage|p2a: Latios|265\/302 brn|[from] brn
|turn|2
|
|switch|p1a: Wobbuffet|Wobbuffet, F|584\/584
|move|p2a: Latios|Psyshock|p1a: Wobbuffet
|-resisted|p1a: Wobbuffet
|-damage|p1a: Wobbuffet|464\/584
|-damage|p2a: Latios|235\/302 brn|[from] item: Life Orb
|
|-heal|p1a: Wobbuffet|500\/584|[from] item: Leftovers
|-damage|p2a: Latios|198\/302 brn|[from] brn
|turn|3
|
|move|p2a: Latios|Draco Meteor|p1a: Wobbuffet
|-damage|p1a: Wobbuffet|156\/584
|-unboost|p2a: Latios|spa|2
|-damage|p2a: Latios|168\/302 brn|[from] item: Life Orb
|move|p1a: Wobbuffet|Mirror Coat|p2a: Latios
|-damage|p2a: Latios|0 fnt
|faint|p2a: Latios
|
|-heal|p1a: Wobbuffet|192\/584|[from] item: Leftovers
|
|switch|p2a: Bisharp|Bisharp, M|272\/272
|turn|4
|
|move|p2a: Bisharp|Knock Off|p1a: Wobbuffet
|-supereffective|p1a: Wobbuffet
|-damage|p1a: Wobbuffet|0 fnt
|-enditem|p1a: Wobbuffet|Leftovers|[from] move: Knock Off|[of] p2a: Bisharp
|-damage|p2a: Bisharp|245\/272|[from] item: Life Orb
|faint|p1a: Wobbuffet
|
|
|switch|p1a: Landorus-Therian|Landorus-Therian, M|329\/329
|-ability|p1a: Landorus-Therian|Intimidate|[of] p2a: Bisharp
|-unboost|p2a: Bisharp|atk|1
|-boost|p2a: Bisharp|atk|2|[from] ability: Defiant
|turn|5
|
|switch|p2a: Landorus-Therian|Landorus-Therian, M|381\/381
|-ability|p2a: Landorus-Therian|Intimidate|[of] p1a: Landorus-Therian
|-unboost|p1a: Landorus-Therian|atk|1
|move|p1a: Landorus-Therian|Substitute|p1a: Landorus-Therian
|-start|p1a: Landorus-Therian|Substitute
|-damage|p1a: Landorus-Therian|247\/329
|
|-heal|p1a: Landorus-Therian|267\/329|[from] item: Leftovers
|turn|6
|
|move|p1a: Landorus-Therian|Bulk Up|p1a: Landorus-Therian
|-boost|p1a: Landorus-Therian|atk|1
|-boost|p1a: Landorus-Therian|def|1
|move|p2a: Landorus-Therian|Stealth Rock|p1a: Landorus-Therian
|-sidestart|p1: Zabrael|move: Stealth Rock
|
|-heal|p1a: Landorus-Therian|287\/329|[from] item: Leftovers
|turn|7
|
|move|p1a: Landorus-Therian|Bulk Up|p1a: Landorus-Therian
|-boost|p1a: Landorus-Therian|atk|1
|-boost|p1a: Landorus-Therian|def|1
|move|p2a: Landorus-Therian|Stone Edge|p1a: Landorus-Therian
|-activate|p1a: Landorus-Therian|Substitute|[damage]
|
|-heal|p1a: Landorus-Therian|307\/329|[from] item: Leftovers
|turn|8
|
|move|p1a: Landorus-Therian|Bulk Up|p1a: Landorus-Therian
|-boost|p1a: Landorus-Therian|atk|1
|-boost|p1a: Landorus-Therian|def|1
|move|p2a: Landorus-Therian|U-turn|p1a: Landorus-Therian
|-resisted|p1a: Landorus-Therian
|-activate|p1a: Landorus-Therian|Substitute|[damage]
|
|switch|p2a: Azumarill|Azumarill, M|342\/342
|
|-heal|p1a: Landorus-Therian|327\/329|[from] item: Leftovers
|turn|9
|
|move|p2a: Azumarill|Aqua Jet|p1a: Landorus-Therian
|-supereffective|p1a: Landorus-Therian
|-end|p1a: Landorus-Therian|Substitute
|move|p1a: Landorus-Therian|Earthquake|p2a: Azumarill
|-damage|p2a: Azumarill|0 fnt
|faint|p2a: Azumarill
|
|-heal|p1a: Landorus-Therian|329\/329|[from] item: Leftovers
|
|switch|p2a: Raikou|Raikou|322\/322
|-ability|p2a: Raikou|Pressure
|turn|10
|
|switch|p1a: Kyurem-Black|Kyurem-Black|392\/392
|-damage|p1a: Kyurem-Black|294\/392|[from] Stealth Rock
|-ability|p1a: Kyurem-Black|Teravolt
|move|p2a: Raikou|Hidden Power|p1a: Kyurem-Black
|-damage|p1a: Kyurem-Black|192\/392
|
|turn|11
|
|switch|p2a: Bisharp|Bisharp, M|245\/272
|move|p1a: Kyurem-Black|Outrage|p2a: Bisharp
|-resisted|p2a: Bisharp
|-damage|p2a: Bisharp|48\/272
|
|turn|12
|
|move|p2a: Bisharp|Sucker Punch|p1a: Kyurem-Black
|-damage|p1a: Kyurem-Black|1\/392
|-damage|p2a: Bisharp|21\/272|[from] item: Life Orb
|move|p1a: Kyurem-Black|Outrage|p2a: Bisharp
|-resisted|p2a: Bisharp
|-damage|p2a: Bisharp|0 fnt
|faint|p2a: Bisharp
|
|-end|p1a: Kyurem-Black|rampage
|-start|p1a: Kyurem-Black|confusion
|
|switch|p2a: Raikou|Raikou|322\/322
|-ability|p2a: Raikou|Pressure
|turn|13
|
|move|p2a: Raikou|Shadow Ball|p1a: Kyurem-Black
|-damage|p1a: Kyurem-Black|0 fnt
|faint|p1a: Kyurem-Black
|
|
|switch|p1a: Espeon|Espeon, M|271\/271
|-damage|p1a: Espeon|238\/271|[from] Stealth Rock
|turn|14
|
|move|p2a: Raikou|Shadow Ball|p1a: Espeon
|-supereffective|p1a: Espeon
|-damage|p1a: Espeon|0 fnt
|faint|p1a: Espeon
|
|
|switch|p1a: Azumarill|Azumarill, M|402\/402
|-damage|p1a: Azumarill|352\/402|[from] Stealth Rock
|turn|15
|
|switch|p2a: Landorus-Therian|Landorus-Therian, M|381\/381
|-ability|p2a: Landorus-Therian|Intimidate|[of] p1a: Azumarill
|-unboost|p1a: Azumarill|atk|1
|move|p1a: Azumarill|Scald|p2a: Landorus-Therian
|-crit|p2a: Landorus-Therian
|-supereffective|p2a: Landorus-Therian
|-damage|p2a: Landorus-Therian|177\/381
|-status|p2a: Landorus-Therian|brn
|
|-heal|p2a: Landorus-Therian|200\/381 brn|[from] item: Leftovers
|-heal|p1a: Azumarill|377\/402|[from] item: Leftovers
|-damage|p2a: Landorus-Therian|153\/381 brn|[from] brn
|turn|16
|c|★LT4A LolzOverLang|oml
|c|★LT4A LolzOverLang|he's that azu set
|
|switch|p1a: Rotom-Wash|Rotom-Wash|136\/304
|-damage|p1a: Rotom-Wash|98\/304|[from] Stealth Rock
|move|p2a: Landorus-Therian|Earthquake|p1a: Rotom-Wash
|-immune|p1a: Rotom-Wash|[msg]
|
|-heal|p2a: Landorus-Therian|176\/381 brn|[from] item: Leftovers
|-damage|p2a: Landorus-Therian|129\/381 brn|[from] brn
|turn|17
|
|move|p2a: Landorus-Therian|U-turn|p1a: Rotom-Wash
|-damage|p1a: Rotom-Wash|71\/304
|-damage|p2a: Landorus-Therian|66\/381 brn|[from] item: Rocky Helmet|[of] p1a: Rotom-Wash
|
|switch|p2a: Raikou|Raikou|322\/322
|-ability|p2a: Raikou|Pressure
|move|p1a: Rotom-Wash|Hydro Pump|p2a: Raikou
|-damage|p2a: Raikou|184\/322
|
|turn|18
|
|move|p2a: Raikou|Shadow Ball|p1a: Rotom-Wash
|-damage|p1a: Rotom-Wash|0 fnt
|faint|p1a: Rotom-Wash
|
|
|switch|p1a: Azumarill|Azumarill, M|377\/402
|-damage|p1a: Azumarill|327\/402|[from] Stealth Rock
|turn|19
|
|move|p1a: Azumarill|Aqua Jet|p2a: Raikou
|-damage|p2a: Raikou|82\/322
|move|p2a: Raikou|Shadow Ball|p1a: Azumarill
|-damage|p1a: Azumarill|160\/402
|
|-heal|p1a: Azumarill|185\/402|[from] item: Leftovers
|turn|20
|
|switch|p2a: Landorus-Therian|Landorus-Therian, M|66\/381 brn
|-ability|p2a: Landorus-Therian|Intimidate|[of] p1a: Azumarill
|-unboost|p1a: Azumarill|atk|1
|move|p1a: Azumarill|Aqua Jet|p2a: Landorus-Therian
|-supereffective|p2a: Landorus-Therian
|-damage|p2a: Landorus-Therian|0 fnt
|faint|p2a: Landorus-Therian
|
|-heal|p1a: Azumarill|210\/402|[from] item: Leftovers
|
|switch|p2a: Raikou|Raikou|82\/322
|-ability|p2a: Raikou|Pressure
|turn|21
|
|move|p1a: Azumarill|Aqua Jet|p2a: Raikou
|-damage|p2a: Raikou|13\/322
|move|p2a: Raikou|Shadow Ball|p1a: Azumarill
|-damage|p1a: Azumarill|62\/402
|-unboost|p1a: Azumarill|spd|1
|
|-heal|p1a: Azumarill|87\/402|[from] item: Leftovers
|turn|22
|
|switch|p2a: Breloom|Breloom, M|262\/262
|move|p1a: Azumarill|Aqua Jet|p2a: Breloom
|-resisted|p2a: Breloom
|-damage|p2a: Breloom|227\/262
|
|-heal|p1a: Azumarill|112\/402|[from] item: Leftovers
|turn|23
|
|move|p2a: Breloom|Rock Tomb|p1a: Azumarill
|-damage|p1a: Azumarill|0 fnt
|faint|p1a: Azumarill
|
|
|switch|p1a: Landorus-Therian|Landorus-Therian, M|329\/329
|-damage|p1a: Landorus-Therian|288\/329|[from] Stealth Rock
|-ability|p1a: Landorus-Therian|Intimidate|[of] p2a: Breloom
|-unboost|p2a: Breloom|atk|1
|turn|24
|
|move|p1a: Landorus-Therian|Bulk Up|p1a: Landorus-Therian
|-boost|p1a: Landorus-Therian|atk|1
|-boost|p1a: Landorus-Therian|def|1
|move|p2a: Breloom|Bullet Seed|p1a: Landorus-Therian
|-damage|p1a: Landorus-Therian|261\/329
|-damage|p1a: Landorus-Therian|234\/329
|-damage|p1a: Landorus-Therian|204\/329
|-damage|p1a: Landorus-Therian|174\/329
|-damage|p1a: Landorus-Therian|144\/329
|-hitcount|p1a: Landorus-Therian|5
|
|-heal|p1a: Landorus-Therian|164\/329|[from] item: Leftovers
|turn|25
|
|move|p1a: Landorus-Therian|Substitute|p1a: Landorus-Therian
|-start|p1a: Landorus-Therian|Substitute
|-damage|p1a: Landorus-Therian|82\/329
|move|p2a: Breloom|Bullet Seed|p1a: Landorus-Therian
|-activate|p1a: Landorus-Therian|Substitute|[damage]
|-activate|p1a: Landorus-Therian|Substitute|[damage]
|-hitcount|p1a: Landorus-Therian|2
|
|-heal|p1a: Landorus-Therian|102\/329|[from] item: Leftovers
|turn|26
|
|move|p1a: Landorus-Therian|Earthquake|p2a: Breloom
|-resisted|p2a: Breloom
|-damage|p2a: Breloom|73\/262
|move|p2a: Breloom|Bullet Seed|p1a: Landorus-Therian
|-activate|p1a: Landorus-Therian|Substitute|[damage]
|-crit|p1a: Landorus-Therian
|-end|p1a: Landorus-Therian|Substitute
|-hitcount|p1a: Landorus-Therian|2
|
|-heal|p1a: Landorus-Therian|122\/329|[from] item: Leftovers
|turn|27
|
|move|p1a: Landorus-Therian|Substitute|p1a: Landorus-Therian
|-start|p1a: Landorus-Therian|Substitute
|-damage|p1a: Landorus-Therian|40\/329
|move|p2a: Breloom|Bullet Seed|p1a: Landorus-Therian
|-activate|p1a: Landorus-Therian|Substitute|[damage]
|-activate|p1a: Landorus-Therian|Substitute|[damage]
|-end|p1a: Landorus-Therian|Substitute
|-damage|p1a: Landorus-Therian|12\/329
|-hitcount|p1a: Landorus-Therian|4
|
|-heal|p1a: Landorus-Therian|32\/329|[from] item: Leftovers
|turn|28
|
|move|p1a: Landorus-Therian|Earthquake|p2a: Breloom
|-crit|p2a: Breloom
|-resisted|p2a: Breloom
|-damage|p2a: Breloom|0 fnt
|faint|p2a: Breloom
|
|-heal|p1a: Landorus-Therian|52\/329|[from] item: Leftovers
|
|switch|p2a: Raikou|Raikou|13\/322
|-ability|p2a: Raikou|Pressure
|turn|29
|join|JustB1az3
|c|★LT4A LolzOverLang|that was a really close game
|-message|Zabrael forfeited.
|
|win|LT4A LolzOverLang
|raw|Ladder updating...
|leave|Zabrael
|player|p1
|c|★LT4A LolzOverLang|but i love the lando set
|raw|Zabrael's rating: 1746 &rarr; <strong>1723<\/strong><br \/>(-23 for losing)
|raw|LT4A LolzOverLang's rating: 1699 &rarr; <strong>1722<\/strong><br \/>(+23 for winning)
|c|★LT4A LolzOverLang|nice innovation
|c|★LT4A LolzOverLang|:]
|c| Phillips|it is different
|c|★LT4A LolzOverLang|its p nice
|leave|JustB1az3