|join|Bill1218
|join|jks234
|player|p1|Bill1218|78
|player|p2|jks234|162
|gametype|singles
|gen|6
|tier|OU
|rated
|clearpoke
|poke|p1|Lopunny, M, shiny
|poke|p1|Heatran, F
|poke|p1|Tyranitar, M
|poke|p1|Landorus-Therian, M
|poke|p1|Swampert, F
|poke|p1|Chansey, F
|poke|p2|Breloom, M
|poke|p2|Talonflame, F
|poke|p2|Latias, F
|poke|p2|Ferrothorn, M
|poke|p2|Chansey, F
|poke|p2|Manectric, F
|rule|Swagger Clause: Swagger is banned
|rule|Baton Pass Clause: Limit one Pokémon knowing Baton Pass
|rule|Sleep Clause Mod: Limit one foe put to sleep
|rule|Species Clause: Limit one of each Pokémon
|rule|OHKO Clause: OHKO moves are banned
|rule|Moody Clause: Moody is banned
|rule|Evasion Moves Clause: Evasion moves are banned
|rule|Endless Battle Clause: Forcing endless battles is banned
|rule|HP Percentage Mod: HP is shown in percentages
|teampreview
|
|start
|switch|p1a: Lopunny|Lopunny, M, shiny|272\/272
|switch|p2a: Ferrothorn|Ferrothorn, M|352\/352
|turn|1
|
|switch|p1a: Heatran|Heatran, F|324\/324
|move|p2a: Ferrothorn|Stealth Rock|p1a: Heatran
|-sidestart|p1: Bill1218|move: Stealth Rock
|
|turn|2
|
|switch|p2a: Chansey|Chansey, F|704\/704
|move|p1a: Heatran|Hidden Power|p2a: Chansey
|-damage|p2a: Chansey|661\/704
|
|turn|3
|
|switch|p1a: Swampert|Swampert, F|404\/404
|-damage|p1a: Swampert|379\/404|[from] Stealth Rock
|move|p2a: Chansey|Seismic Toss|p1a: Swampert
|-damage|p1a: Swampert|279\/404
|
|-heal|p1a: Swampert|304\/404|[from] item: Leftovers
|turn|4
|
|switch|p2a: Ferrothorn|Ferrothorn, M|352\/352
|move|p1a: Swampert|Stealth Rock|p2a: Ferrothorn
|-sidestart|p2: jks234|move: Stealth Rock
|
|-heal|p1a: Swampert|329\/404|[from] item: Leftovers
|turn|5
|
|switch|p1a: Chansey|Chansey, F|704\/704
|-damage|p1a: Chansey|616\/704|[from] Stealth Rock
|move|p2a: Ferrothorn|Leech Seed|p1a: Chansey|[miss]
|-miss|p2a: Ferrothorn|p1a: Chansey
|
|turn|6
|
|move|p1a: Chansey|Fire Blast|p2a: Ferrothorn
|-supereffective|p2a: Ferrothorn
|-damage|p2a: Ferrothorn|220\/352
|move|p2a: Ferrothorn|Leech Seed|p1a: Chansey|[miss]
|-miss|p2a: Ferrothorn|p1a: Chansey
|
|turn|7
|
|move|p1a: Chansey|Fire Blast|p2a: Ferrothorn
|-supereffective|p2a: Ferrothorn
|-damage|p2a: Ferrothorn|88\/352
|-status|p2a: Ferrothorn|brn
|move|p2a: Ferrothorn|Leech Seed|p1a: Chansey
|-start|p1a: Chansey|move: Leech Seed
|
|-damage|p1a: Chansey|528\/704|[from] Leech Seed|[of] p2a: Ferrothorn
|-heal|p2a: Ferrothorn|176\/352 brn|[silent]
|-damage|p2a: Ferrothorn|132\/352 brn|[from] brn
|turn|8
|
|switch|p1a: Heatran|Heatran, F|324\/324
|-damage|p1a: Heatran|284\/324|[from] Stealth Rock
|move|p2a: Ferrothorn|Gyro Ball|p1a: Heatran
|-resisted|p1a: Heatran
|-damage|p1a: Heatran|263\/324
|
|-damage|p2a: Ferrothorn|88\/352 brn|[from] brn
|turn|9
|
|move|p1a: Heatran|Fire Blast|p2a: Ferrothorn
|-crit|p2a: Ferrothorn
|-supereffective|p2a: Ferrothorn
|-damage|p2a: Ferrothorn|0 fnt
|faint|p2a: Ferrothorn
|
|
|switch|p2a: Latias|Latias, F|301\/301
|-damage|p2a: Latias|264\/301|[from] Stealth Rock
|turn|10
|
|switch|p1a: Lopunny|Lopunny, M, shiny|272\/272
|-damage|p1a: Lopunny|238\/272|[from] Stealth Rock
|switch|p2a: Chansey|Chansey, F|661\/704
|-damage|p2a: Chansey|573\/704|[from] Stealth Rock
|
|turn|11
|
|detailschange|p1a: Lopunny|Lopunny-Mega, M, shiny
|message|Lopunny has Mega Evolved into Mega Lopunny!
|move|p1a: Lopunny|Fake Out|p2a: Chansey
|-damage|p2a: Chansey|458\/704
|cant|p2a: Chansey|flinch
|
|turn|12
|
|switch|p2a: Latias|Latias, F|264\/301
|-damage|p2a: Latias|227\/301|[from] Stealth Rock
|move|p1a: Lopunny|Jump Kick|p2a: Latias
|-resisted|p2a: Latias
|-damage|p2a: Latias|111\/301
|
|turn|13
|
|move|p1a: Lopunny|Ice Punch|p2a: Latias
|-crit|p2a: Latias
|-supereffective|p2a: Latias
|-damage|p2a: Latias|0 fnt
|faint|p2a: Latias
|
|
|switch|p2a: Talonflame|Talonflame, F|298\/298
|-damage|p2a: Talonflame|149\/298|[from] Stealth Rock
|turn|14
|
|switch|p1a: Swampert|Swampert, F|329\/404
|-damage|p1a: Swampert|304\/404|[from] Stealth Rock
|move|p2a: Talonflame|Acrobatics|p1a: Swampert
|-damage|p1a: Swampert|186\/404
|
|-heal|p1a: Swampert|211\/404|[from] item: Leftovers
|turn|15
|-message|jks234 forfeited.
|
|win|Bill1218
|raw|Ladder updating...
|leave|jks234
|player|p2