|join|rafael_tikara
|join|Bill1218
|player|p1|rafael_tikara|32
|player|p2|Bill1218|78
|gametype|singles
|gen|6
|tier|OU
|rated
|clearpoke
|poke|p1|Scolipede, F
|poke|p1|Electivire, M
|poke|p1|Scizor, M
|poke|p1|Metagross
|poke|p1|Excadrill, M
|poke|p1|Ferrothorn, F
|poke|p2|Lopunny, F, shiny
|poke|p2|Heatran, F
|poke|p2|Tyranitar, F
|poke|p2|Landorus-Therian, M
|poke|p2|Swampert, M
|poke|p2|Gardevoir, F, shiny
|rule|Swagger Clause: Swagger is banned
|rule|Baton Pass Clause: Limit one Pokémon knowing Baton Pass
|rule|Sleep Clause Mod: Limit one foe put to sleep
|rule|Species Clause: Limit one of each Pokémon
|rule|OHKO Clause: OHKO moves are banned
|rule|Moody Clause: Moody is banned
|rule|Evasion Moves Clause: Evasion moves are banned
|rule|Endless Battle Clause: Forcing endless battles is banned
|rule|HP Percentage Mod: HP is shown in percentages
|teampreview
|
|start
|switch|p1a: Electivire|Electivire, M|291\/291
|switch|p2a: Swampert|Swampert, M|404\/404
|-item|p1a: Electivire|Air Balloon
|turn|1
|
|switch|p1a: Ferrothorn|Ferrothorn, F|309\/309
|move|p2a: Swampert|Stealth Rock|p1a: Ferrothorn
|-sidestart|p1: rafael_tikara|move: Stealth Rock
|
|turn|2
|
|switch|p2a: Heatran|Heatran, F|324\/324
|move|p1a: Ferrothorn|Leech Seed|p2a: Heatran
|-start|p2a: Heatran|move: Leech Seed
|
|-damage|p2a: Heatran|284\/324|[from] Leech Seed|[of] p1a: Ferrothorn
|turn|3
|join|FrostedSky
|
|switch|p1a: Electivire|Electivire, M|291\/291
|-damage|p1a: Electivire|255\/291|[from] Stealth Rock
|-item|p1a: Electivire|Air Balloon
|move|p2a: Heatran|Fire Blast|p1a: Electivire
|-damage|p1a: Electivire|45\/291
|-enditem|p1a: Electivire|Air Balloon
|
|-damage|p2a: Heatran|244\/324|[from] Leech Seed|[of] p1a: Electivire
|-heal|p1a: Electivire|85\/291|[silent]
|turn|4
|
|move|p2a: Heatran|Fire Blast|p1a: Electivire
|-damage|p1a: Electivire|0 fnt
|faint|p1a: Electivire
|
|
|switch|p1a: Excadrill|Excadrill, M|361\/361
|-damage|p1a: Excadrill|350\/361|[from] Stealth Rock
|-ability|p1a: Excadrill|Mold Breaker
|-item|p1a: Excadrill|Air Balloon
|turn|5
|
|move|p2a: Heatran|Fire Blast|p1a: Excadrill
|-supereffective|p1a: Excadrill
|-damage|p1a: Excadrill|0 fnt
|-enditem|p1a: Excadrill|Air Balloon
|faint|p1a: Excadrill
|
|
|switch|p1a: Scolipede|Scolipede, F|261\/261
|-damage|p1a: Scolipede|196\/261|[from] Stealth Rock
|turn|6
|
|move|p1a: Scolipede|Protect|p1a: Scolipede
|-singleturn|p1a: Scolipede|Protect
|move|p2a: Heatran|Fire Blast|p1a: Scolipede
|-activate|p1a: Scolipede|Protect
|
|-heal|p1a: Scolipede|212\/261|[from] item: Leftovers
|-damage|p2a: Heatran|204\/324|[from] Leech Seed|[of] p1a: Scolipede
|-heal|p1a: Scolipede|252\/261|[silent]
|-boost|p1a: Scolipede|spe|1|[from] ability: Speed Boost
|turn|7
|
|move|p1a: Scolipede|Substitute|p1a: Scolipede
|-start|p1a: Scolipede|Substitute
|-damage|p1a: Scolipede|187\/261
|move|p2a: Heatran|Fire Blast|p1a: Scolipede
|-supereffective|p1a: Scolipede
|-end|p1a: Scolipede|Substitute
|
|-heal|p1a: Scolipede|203\/261|[from] item: Leftovers
|-damage|p2a: Heatran|164\/324|[from] Leech Seed|[of] p1a: Scolipede
|-heal|p1a: Scolipede|243\/261|[silent]
|-boost|p1a: Scolipede|spe|1|[from] ability: Speed Boost
|turn|8
|
|switch|p2a: Swampert|Swampert, M|404\/404
|move|p1a: Scolipede|Substitute|p1a: Scolipede
|-start|p1a: Scolipede|Substitute
|-damage|p1a: Scolipede|178\/261
|
|-heal|p1a: Scolipede|194\/261|[from] item: Leftovers
|-boost|p1a: Scolipede|spe|1|[from] ability: Speed Boost
|turn|9
|
|move|p1a: Scolipede|Swords Dance|p1a: Scolipede
|-boost|p1a: Scolipede|atk|2
|move|p2a: Swampert|Roar|p1a: Scolipede
|drag|p1a: Metagross|Metagross|301\/301
|-damage|p1a: Metagross|283\/301|[from] Stealth Rock
|
|turn|10
|
|detailschange|p1a: Metagross|Metagross-Mega
|message|Metagross has Mega Evolved into Mega Metagross!
|move|p1a: Metagross|Brick Break|p2a: Swampert
|-damage|p2a: Swampert|304\/404
|move|p2a: Swampert|Earthquake|p1a: Metagross
|-supereffective|p1a: Metagross
|-damage|p1a: Metagross|115\/301
|
|-heal|p2a: Swampert|329\/404|[from] item: Leftovers
|turn|11
|-message|rafael_tikara forfeited.
|
|win|Bill1218
|raw|Ladder updating...
|leave|rafael_tikara
|player|p1