|join|Parnstar
|join|bill1218
|player|p1|Parnstar|119
|player|p2|bill1218|293
|gametype|singles
|gen|6
|tier|OU
|rated
|clearpoke
|poke|p1|Garchomp, M
|poke|p1|Ferrothorn, F
|poke|p1|Thundurus, M
|poke|p1|Heatran, F
|poke|p1|Bisharp, F
|poke|p1|Azumarill, M
|poke|p2|Cottonee, M
|poke|p2|Azelf
|poke|p2|Whimsicott, M
|poke|p2|Espeon, F
|poke|p2|Smeargle, F
|poke|p2|Gardevoir, F
|rule|Swagger Clause: Swagger is banned
|rule|Baton Pass Clause: Limit one Pokémon knowing Baton Pass
|rule|Sleep Clause Mod: Limit one foe put to sleep
|rule|Species Clause: Limit one of each Pokémon
|rule|OHKO Clause: OHKO moves are banned
|rule|Moody Clause: Moody is banned
|rule|Evasion Moves Clause: Evasion moves are banned
|rule|Endless Battle Clause: Forcing endless battles is banned
|rule|HP Percentage Mod: HP is shown in percentages
|teampreview
|
|start
|switch|p1a: Ferrothorn|Ferrothorn, F|352\/352
|switch|p2a: Cottonee|Cottonee, M|284\/284
|turn|1
|
|switch|p2a: Espeon|Espeon, F|311\/311
|move|p1a: Ferrothorn|Knock Off|p2a: Espeon
|-supereffective|p2a: Espeon
|-damage|p2a: Espeon|119\/311
|-enditem|p2a: Espeon|Assault Vest|[from] move: Knock Off|[of] p1a: Ferrothorn
|
|turn|2
|
|switch|p1a: Bisharp|Bisharp, F|279\/279
|move|p2a: Espeon|Hidden Power|p1a: Bisharp
|-supereffective|p1a: Bisharp
|-damage|p1a: Bisharp|87\/279
|
|turn|3
|
|switch|p2a: Cottonee|Cottonee, M|284\/284
|move|p1a: Bisharp|Sucker Punch|p2a: Cottonee
|-fail|p2a: Cottonee
|
|turn|4
|
|switch|p1a: Ferrothorn|Ferrothorn, F|352\/352
|move|p2a: Cottonee|Encore|p1a: Ferrothorn
|-fail|p1a: Ferrothorn
|
|turn|5
|
|move|p2a: Cottonee|Memento|p1a: Ferrothorn
|-unboost|p1a: Ferrothorn|atk|2
|-unboost|p1a: Ferrothorn|spa|2
|faint|p2a: Cottonee
|move|p1a: Ferrothorn|Knock Off|p2: Cottonee|[notarget]
|-notarget
|
|
|switch|p2a: Azelf|Azelf|354\/354
|turn|6
|
|switch|p1a: Thundurus|Thundurus, M|300\/300
|move|p2a: Azelf|Reflect|p2a: Azelf
|-sidestart|p2: bill1218|Reflect
|
|turn|7
|
|switch|p2a: Espeon|Espeon, F|119\/311
|move|p1a: Thundurus|Thunder Wave|p2a: Espeon
|move|p2a: Espeon|Thunder Wave|p1a: Thundurus|[from]Magic Bounce
|-fail|p1a: Thundurus
|
|turn|8
|
|move|p1a: Thundurus|Thunderbolt|p2a: Espeon
|-damage|p2a: Espeon|0 fnt
|faint|p2a: Espeon
|
|
|switch|p2a: Azelf|Azelf|354\/354
|turn|9
|
|move|p1a: Thundurus|Thunder Wave|p2a: Azelf
|-status|p2a: Azelf|par
|move|p2a: Azelf|Light Screen|p2a: Azelf
|-sidestart|p2: bill1218|move: Light Screen
|
|turn|10
|
|switch|p1a: Bisharp|Bisharp, F|87\/279
|cant|p2a: Azelf|par
|
|turn|11
|
|move|p1a: Bisharp|Knock Off|p2a: Azelf
|-supereffective|p2a: Azelf
|-damage|p2a: Azelf|10\/354 par
|-enditem|p2a: Azelf|Light Clay|[from] move: Knock Off|[of] p1a: Bisharp
|-damage|p1a: Bisharp|60\/279|[from] item: Life Orb
|move|p2a: Azelf|Stealth Rock|p1a: Bisharp
|-sidestart|p1: Parnstar|move: Stealth Rock
|
|turn|12
|
|move|p1a: Bisharp|Iron Head|p2a: Azelf
|-damage|p2a: Azelf|0 fnt
|-damage|p1a: Bisharp|33\/279|[from] item: Life Orb
|faint|p2a: Azelf
|
|
|switch|p2a: Whimsicott|Whimsicott, M|324\/324
|turn|13
|
|move|p2a: Whimsicott|Memento|p1a: Bisharp
|-unboost|p1a: Bisharp|atk|2
|-boost|p1a: Bisharp|atk|2|[from] ability: Defiant
|-unboost|p1a: Bisharp|spa|2
|-boost|p1a: Bisharp|atk|2|[from] ability: Defiant
|faint|p2a: Whimsicott
|move|p1a: Bisharp|Knock Off|p2: Whimsicott|[notarget]
|-notarget
|
|-sideend|p2: bill1218|Reflect
|c|★bill1218|.0.0
|
|switch|p2a: Smeargle|Smeargle, F|314\/314
|turn|14
|c|★Parnstar|ummm
|
|move|p1a: Bisharp|Iron Head|p2a: Smeargle
|-damage|p2a: Smeargle|0 fnt
|-damage|p1a: Bisharp|6\/279|[from] item: Life Orb
|faint|p2a: Smeargle
|
|-message|bill1218 forfeited.
|
|win|Parnstar
|raw|Ladder updating...
|leave|bill1218
|player|p2
|raw|Parnstar's rating: 1271 &rarr; <strong>1289<\/strong><br \/>(+18 for winning)
|raw|bill1218's rating: 1168 &rarr; <strong>1151<\/strong><br \/>(-17 for losing)