|join|COMESTOANEND
|join|man sgt
|player|p1|COMESTOANEND|51
|player|p2|man sgt|273
|gametype|singles
|gen|6
|tier|UU
|rated
|rule|Sleep Clause Mod: Limit one foe put to sleep
|rule|Species Clause: Limit one of each Pokémon
|rule|OHKO Clause: OHKO moves are banned
|rule|Moody Clause: Moody is banned
|rule|Evasion Moves Clause: Evasion moves are banned
|rule|Endless Battle Clause: Forcing endless battles is banned
|rule|HP Percentage Mod: HP is reported as percentages
|clearpoke
|poke|p1|Jirachi
|poke|p1|Hydreigon, F
|poke|p1|Swampert, F
|poke|p1|Haxorus, M
|poke|p1|Shaymin
|poke|p1|Nidoqueen, F
|poke|p2|Victini, shiny
|poke|p2|Porygon2
|poke|p2|Hydreigon, M
|poke|p2|Galvantula, M
|poke|p2|Machamp, M, shiny
|poke|p2|Nidoking, M
|rule|Swagger Clause: Swagger is banned
|rule|Baton Pass Clause: Limit one Pokémon knowing Baton Pass
|teampreview
|
|start
|switch|p1a: Nidoqueen|Nidoqueen, F|366\/366
|switch|p2a: Spider|Galvantula, M|281\/281
|turn|1
|
|move|p2a: Spider|Sticky Web|p1a: Nidoqueen
|-sidestart|p1: COMESTOANEND|move: Sticky Web
|move|p1a: Nidoqueen|Sludge Wave|p2a: Spider
|-enditem|p2a: Spider|Focus Sash
|-damage|p2a: Spider|1\/281
|
|turn|2
|
|move|p2a: Spider|Giga Drain|p1a: Nidoqueen
|-damage|p1a: Nidoqueen|279\/366
|-heal|p2a: Spider|45\/281|[from] drain|[of] p1a: Nidoqueen
|move|p1a: Nidoqueen|Ice Beam|p2a: Spider
|-damage|p2a: Spider|0 fnt
|faint|p2a: Spider
|
|
|switch|p2a: The King|Nidoking, M|304\/304
|turn|3
|
|switch|p1a: Hydreigon|Hydreigon, F|325\/325
|move|p2a: The King|Drill Run|p1a: Hydreigon
|-immune|p1a: Hydreigon|[msg]
|
|turn|4
|
|switch|p2a: Le Quack|Porygon2|374\/374
|-ability|p2a: Le Quack|Levitate|[from] ability: Trace|[of] p1a: Hydreigon
|move|p1a: Hydreigon|U-turn|p2a: Le Quack
|-damage|p2a: Le Quack|336\/374
|
|switch|p1a: Swampert|Swampert, F|404\/404
|-activate|p1a: Swampert|move: Sticky Web
|-unboost|p1a: Swampert|spe|1
|
|turn|5
|
|move|p2a: Le Quack|Toxic|p1a: Swampert
|-status|p1a: Swampert|tox
|move|p1a: Swampert|Stealth Rock|p2a: Le Quack
|-sidestart|p2: man sgt|move: Stealth Rock
|
|-damage|p1a: Swampert|379\/404 tox|[from] psn
|turn|6
|
|switch|p2a: Hulk|Machamp, M, shiny|384\/384
|-damage|p2a: Hulk|360\/384|[from] Stealth Rock
|switch|p1a: Jirachi|Jirachi|341\/341
|-activate|p1a: Jirachi|move: Sticky Web
|-unboost|p1a: Jirachi|spe|1
|
|-heal|p2a: Hulk|384\/384|[from] item: Leftovers
|turn|7
|
|switch|p1a: Swampert|Swampert, F|379\/404 tox
|-activate|p1a: Swampert|move: Sticky Web
|-unboost|p1a: Swampert|spe|1
|move|p2a: Hulk|Dynamic Punch|p1a: Swampert
|-damage|p1a: Swampert|246\/404 tox
|-start|p1a: Swampert|confusion
|
|-heal|p1a: Swampert|271\/404 tox|[from] item: Leftovers
|-damage|p1a: Swampert|246\/404 tox|[from] psn
|turn|8
|
|move|p2a: Hulk|Knock Off|p1a: Swampert
|-damage|p1a: Swampert|147\/404 tox
|-enditem|p1a: Swampert|Leftovers|[from] move: Knock Off|[of] p2a: Hulk
|-activate|p1a: Swampert|confusion
|-damage|p1a: Swampert|119\/404 tox|[from] confusion
|
|-damage|p1a: Swampert|69\/404 tox|[from] psn
|turn|9
|
|move|p2a: Hulk|Dynamic Punch|p1a: Swampert
|-damage|p1a: Swampert|0 fnt
|faint|p1a: Swampert
|
|
|switch|p1a: Shaymin|Shaymin|404\/404
|-activate|p1a: Shaymin|move: Sticky Web
|-unboost|p1a: Shaymin|spe|1
|turn|10
|
|move|p1a: Shaymin|Air Slash|p2a: Hulk
|-supereffective|p2a: Hulk
|-damage|p2a: Hulk|244\/384
|cant|p2a: Hulk|flinch
|
|-heal|p2a: Hulk|268\/384|[from] item: Leftovers
|turn|11
|
|move|p1a: Shaymin|Leech Seed|p2a: Hulk
|-start|p2a: Hulk|move: Leech Seed
|move|p2a: Hulk|Dynamic Punch|p1a: Shaymin
|-damage|p1a: Shaymin|217\/404
|-start|p1a: Shaymin|confusion
|
|-heal|p1a: Shaymin|242\/404|[from] item: Leftovers
|-heal|p2a: Hulk|292\/384|[from] item: Leftovers
|-damage|p2a: Hulk|244\/384|[from] Leech Seed|[of] p1a: Shaymin
|-heal|p1a: Shaymin|290\/404|[silent]
|turn|12
|
|switch|p1a: Nidoqueen|Nidoqueen, F|279\/366
|-activate|p1a: Nidoqueen|move: Sticky Web
|-unboost|p1a: Nidoqueen|spe|1
|switch|p2a: Vecter|Victini, shiny|341\/341
|-damage|p2a: Vecter|256\/341|[from] Stealth Rock
|
|turn|13
|
|move|p2a: Vecter|U-turn|p1a: Nidoqueen
|-resisted|p1a: Nidoqueen
|-damage|p1a: Nidoqueen|242\/366
|
|switch|p2a: Le Quack|Porygon2|336\/374
|-damage|p2a: Le Quack|290\/374|[from] Stealth Rock
|-ability|p2a: Le Quack|Sheer Force|[from] ability: Trace|[of] p1a: Nidoqueen
|move|p1a: Nidoqueen|Earth Power|p2a: Le Quack
|-damage|p2a: Le Quack|191\/374
|
|turn|14
|
|move|p2a: Le Quack|Recover|p2a: Le Quack
|-heal|p2a: Le Quack|374\/374
|move|p1a: Nidoqueen|Toxic Spikes|p2a: Le Quack
|-sidestart|p2: man sgt|move: Toxic Spikes
|
|turn|15
|
|switch|p1a: Jirachi|Jirachi|341\/341
|-activate|p1a: Jirachi|move: Sticky Web
|-unboost|p1a: Jirachi|spe|1
|move|p2a: Le Quack|Ice Beam|p1a: Jirachi
|-resisted|p1a: Jirachi
|-damage|p1a: Jirachi|289\/341
|
|turn|16
|
|switch|p2a: The King|Nidoking, M|304\/304
|-sideend|p2: man sgt|move: Toxic Spikes|[of] p2a: The King
|-damage|p2a: The King|285\/304|[from] Stealth Rock
|move|p1a: Jirachi|Trick|p2a: The King
|-activate|p1a: Jirachi|move: Trick|[of] p2a: The King
|-item|p2a: The King|Choice Scarf|[from] move: Trick
|-item|p1a: Jirachi|Life Orb|[from] move: Trick
|
|turn|17
|
|switch|p1a: Nidoqueen|Nidoqueen, F|242\/366
|-activate|p1a: Nidoqueen|move: Sticky Web
|-unboost|p1a: Nidoqueen|spe|1
|move|p2a: The King|Ice Punch|p1a: Nidoqueen
|-supereffective|p1a: Nidoqueen
|-damage|p1a: Nidoqueen|10\/366
|
|turn|18
|
|move|p2a: The King|Ice Punch|p1a: Nidoqueen
|-supereffective|p1a: Nidoqueen
|-damage|p1a: Nidoqueen|0 fnt
|faint|p1a: Nidoqueen
|
|
|switch|p1a: Jirachi|Jirachi|289\/341
|-activate|p1a: Jirachi|move: Sticky Web
|-unboost|p1a: Jirachi|spe|1
|turn|19
|
|switch|p2a: Le Quack|Porygon2|374\/374
|-damage|p2a: Le Quack|328\/374|[from] Stealth Rock
|-ability|p2a: Le Quack|Serene Grace|[from] ability: Trace|[of] p1a: Jirachi
|move|p1a: Jirachi|U-turn|p2a: Le Quack
|-damage|p2a: Le Quack|270\/374
|-damage|p1a: Jirachi|255\/341|[from] item: Life Orb
|
|switch|p1a: Haxorus|Haxorus, M|293\/293
|-activate|p1a: Haxorus|move: Sticky Web
|-unboost|p1a: Haxorus|spe|1
|-ability|p1a: Haxorus|Mold Breaker
|
|turn|20
|
|move|p1a: Haxorus|Dragon Dance|p1a: Haxorus
|-boost|p1a: Haxorus|atk|1
|-boost|p1a: Haxorus|spe|1
|move|p2a: Le Quack|Ice Beam|p1a: Haxorus
|-crit|p1a: Haxorus
|-supereffective|p1a: Haxorus
|-damage|p1a: Haxorus|0 fnt
|faint|p1a: Haxorus
|
|chat|COMESTOANEND|that mattered
|chat|COMESTOANEND|sad
|
|switch|p1a: Jirachi|Jirachi|255\/341
|-activate|p1a: Jirachi|move: Sticky Web
|-unboost|p1a: Jirachi|spe|1
|turn|21
|
|move|p1a: Jirachi|Iron Head|p2a: Le Quack
|-damage|p2a: Le Quack|157\/374
|-damage|p1a: Jirachi|221\/341|[from] item: Life Orb
|move|p2a: Le Quack|Recover|p2a: Le Quack
|-heal|p2a: Le Quack|344\/374
|
|turn|22
|
|switch|p2a: Vecter|Victini, shiny|256\/341
|-damage|p2a: Vecter|171\/341|[from] Stealth Rock
|move|p1a: Jirachi|Iron Head|p2a: Vecter
|-resisted|p2a: Vecter
|-damage|p2a: Vecter|101\/341
|-damage|p1a: Jirachi|187\/341|[from] item: Life Orb
|
|turn|23
|
|switch|p1a: Hydreigon|Hydreigon, F|325\/325
|move|p2a: Vecter|U-turn|p1a: Hydreigon
|-supereffective|p1a: Hydreigon
|-damage|p1a: Hydreigon|177\/325
|
|switch|p2a: Le Quack|Porygon2|344\/374
|-damage|p2a: Le Quack|298\/374|[from] Stealth Rock
|-ability|p2a: Le Quack|Levitate|[from] ability: Trace|[of] p1a: Hydreigon
|
|turn|24
|
|move|p1a: Hydreigon|Dark Pulse|p2a: Le Quack
|-damage|p2a: Le Quack|231\/374
|move|p2a: Le Quack|Ice Beam|p1a: Hydreigon
|-supereffective|p1a: Hydreigon
|-damage|p1a: Hydreigon|9\/325
|-status|p1a: Hydreigon|frz
|
|turn|25
|-message|COMESTOANEND forfeited.
|
|win|man sgt
|raw|Ladder updating...
|leave|COMESTOANEND
|player|p1
|raw|COMESTOANEND's rating: 1620 &rarr; <strong>1586<\/strong><br \/>(-34 for losing)
|raw|man sgt's rating: 1328 &rarr; <strong>1362<\/strong><br \/>(+34 for winning)