|join|Living Proof
|join|COMESTOANEND
|player|p1|Living Proof|238
|player|p2|COMESTOANEND|1
|gametype|singles
|gen|6
|tier|UU
|rule|Sleep Clause Mod: Limit one foe put to sleep
|rule|Species Clause: Limit one of each Pokémon
|rule|OHKO Clause: OHKO moves are banned
|rule|Moody Clause: Moody is banned
|rule|Evasion Moves Clause: Evasion moves are banned
|rule|Endless Battle Clause: Forcing endless battles is banned
|rule|HP Percentage Mod: HP is shown in percentages
|clearpoke
|poke|p1|Abomasnow, F
|poke|p1|Victini
|poke|p1|Tentacruel, F
|poke|p1|Gligar, F
|poke|p1|Umbreon, F, shiny
|poke|p1|Raikou
|poke|p2|Cobalion
|poke|p2|Raikou
|poke|p2|Gligar, F
|poke|p2|Umbreon, M
|poke|p2|Aerodactyl, F
|poke|p2|Tentacruel, M
|rule|Swagger Clause: Swagger is banned
|rule|Baton Pass Clause: Limit one Pokémon knowing Baton Pass
|teampreview
|join|icicle pl8 donphan
|join|Noriya
|c|★COMESTOANEND|gl ~
|join|Frickett
|c|★Living Proof|Same to you
|c|★Living Proof|This team looks a little familiar
|join|Pinkin Lark
|c|★Living Proof|\/me looks at own team
|c| dynamic rw2|looks like xmarths r=team
|join|Mike Hunts
|join|Buuskeri
|c| dynamic rw2|team*
|join|bananagram
|c|★Living Proof|It could be similar to his yeah
|c| dynamic rw2|cause kou umby tenta gar
|join|Phantomlimb
|join|Guilas Law
|
|start
|switch|p1a: Victini|Victini|341\/341
|switch|p2a: Tentacruel|Tentacruel, M|364\/364
|turn|1
|c| Phantomlimb|Here we go!
|
|move|p1a: Victini|U-turn|p2a: Tentacruel
|-resisted|p2a: Tentacruel
|-damage|p2a: Tentacruel|319\/364
|join|Shaaarp
|
|switch|p1a: Raikou|Raikou|322\/322
|-ability|p1a: Raikou|Pressure
|move|p2a: Tentacruel|Scald|p1a: Raikou
|-damage|p1a: Raikou|247\/322
|
|-heal|p1a: Raikou|267\/322|[from] item: Leftovers
|-heal|p2a: Tentacruel|341\/364|[from] item: Black Sludge
|turn|2
|c| Phantomlimb|gl to the both of you.
|
|switch|p2a: Gligar|Gligar, F|321\/321
|move|p1a: Raikou|Substitute|p1a: Raikou
|-start|p1a: Raikou|Substitute
|-damage|p1a: Raikou|187\/322
|
|-heal|p1a: Raikou|207\/322|[from] item: Leftovers
|turn|3
|leave|Phantomlimb
|c|★COMESTOANEND|hp grass and not ice
|c|★COMESTOANEND|y\/n
|
|move|p1a: Raikou|Hidden Power|p2a: Gligar
|-supereffective|p2a: Gligar
|-damage|p2a: Gligar|57\/321
|move|p2a: Gligar|Earthquake|p1a: Raikou
|-supereffective|p1a: Raikou
|-end|p1a: Raikou|Substitute
|
|-heal|p1a: Raikou|227\/322|[from] item: Leftovers
|turn|4
|c|★COMESTOANEND|I cancelled
|c|★COMESTOANEND|and switched to umbreon
|c|★COMESTOANEND|!
|c| Pinkin Lark|HP water obviously
|c|★Living Proof|The cancel button is a lie
|c| Noriya|why ever stay in
|c| Noriya|to begin with
|c| Pinkin Lark|cancel button is a trap
|c| Noriya|or misclick
|c| Pinkin Lark|i got screwed by it twice in finals yesterday
|
|switch|p2a: Umbreon|Umbreon, M|394\/394
|move|p1a: Raikou|Hidden Power|p2a: Umbreon
|-damage|p2a: Umbreon|353\/394
|
|-heal|p1a: Raikou|247\/322|[from] item: Leftovers
|-heal|p2a: Umbreon|377\/394|[from] item: Leftovers
|turn|5
|
|switch|p1a: Tentacruel|Tentacruel, F|361\/361
|move|p2a: Umbreon|Foul Play|p1a: Tentacruel
|-damage|p1a: Tentacruel|288\/361
|
|-heal|p1a: Tentacruel|310\/361|[from] item: Black Sludge
|-heal|p2a: Umbreon|394\/394|[from] item: Leftovers
|turn|6
|
|switch|p2a: Tentacruel|Tentacruel, M|341\/364
|move|p1a: Tentacruel|Knock Off|p2a: Tentacruel
|-damage|p2a: Tentacruel|290\/364
|-enditem|p2a: Tentacruel|Black Sludge|[from] move: Knock Off|[of] p1a: Tentacruel
|
|-heal|p1a: Tentacruel|332\/361|[from] item: Black Sludge
|turn|7
|
|move|p1a: Tentacruel|Scald|p2a: Tentacruel
|-resisted|p2a: Tentacruel
|-damage|p2a: Tentacruel|256\/364
|-status|p2a: Tentacruel|brn
|move|p2a: Tentacruel|Knock Off|p1a: Tentacruel
|-damage|p1a: Tentacruel|306\/361
|-enditem|p1a: Tentacruel|Black Sludge|[from] move: Knock Off|[of] p2a: Tentacruel
|
|-damage|p2a: Tentacruel|211\/364 brn|[from] brn
|turn|8
|join|WForLife
|leave|Living Proof
|player|p1
|c| Pinkin Lark|proof went poof :3
|c|★COMESTOANEND|rip
|join|SadPierrot
|c| Pinkin Lark|tenta v tenta too powerful
|leave|Noriya
|join|Noriya
|join|Squiggs
|c| Squiggs|cool team
|c| SadPierrot|where is lp
|c| Pinkin Lark|think he dc'd
|c| Squiggs|idk =\/
|c| Pinkin Lark|not in chat anymore
|c| SadPierrot|oh hey pl
|c| Squiggs|well
|join|Living Proof
|c| Squiggs|looks like little difference between both teams
|player|p1|Living Proof|238
|c|★Living Proof|Strange
|c| Squiggs|I'll be waiting for one of you ;)
|c|★Living Proof|My computer gave me the BSOD
|c| Pinkin Lark|ouch
|c|★Living Proof|If I drop out suddenly for a long period of time again
|c|★Living Proof|Assume that's the issue
|
|switch|p1a: Umbreon|Umbreon, F, shiny|394\/394
|switch|p2a: Umbreon|Umbreon, M|394\/394
|
|turn|9
|c| Squiggs|Not to ruin anything but you have less than a minute to act
|c| Pinkin Lark|so in other words: blame microsoft
|c| Pinkin Lark|wow.. that switch
|c| Squiggs|HAHA XD
|
|switch|p1a: Tentacruel|Tentacruel, F|306\/361
|move|p2a: Umbreon|Heal Bell|p2a: Umbreon
|-cureteam|p2a: Umbreon|[from] move: HealBell
|
|turn|10
|c| Pinkin Lark|i was waiting for the double toxic...
|
|move|p1a: Tentacruel|Toxic Spikes|p2a: Umbreon
|-sidestart|p2: COMESTOANEND|move: Toxic Spikes
|move|p2a: Umbreon|Wish|p2a: Umbreon
|
|turn|11
|
|switch|p1a: Victini|Victini|341\/341
|switch|p2a: Tentacruel|Tentacruel, M|211\/364
|-sideend|p2: COMESTOANEND|move: Toxic Spikes|[of] p2a: Tentacruel
|
|-heal|p2a: Tentacruel|364\/364|[from] move: Wish|[wisher] Umbreon
|turn|12
|c| Mike Hunts|LP dont bother with tspikes tenta auto removes it
|c|★Living Proof|I know
|c| SadPierrot|lol
|c| Squiggs|He has the same one on his team -_-
|c| SadPierrot|like lp never played before
|join|James_Capshaw
|
|switch|p2a: Gligar|Gligar, F|57\/321
|move|p1a: Victini|U-turn|p2a: Gligar
|-resisted|p2a: Gligar
|-damage|p2a: Gligar|31\/321
|
|switch|p1a: Abomasnow|Abomasnow, F|341\/341
|
|turn|13
|c| SadPierrot|that victini is gonna win the game
|
|detailschange|p1a: Abomasnow|Abomasnow-Mega, F
|message|Abomasnow has Mega Evolved into Mega Abomasnow!
|-weather|Hail
|move|p1a: Abomasnow|Ice Shard|p2a: Gligar
|-supereffective|p2a: Gligar
|-damage|p2a: Gligar|0 fnt
|faint|p2a: Gligar
|
|-weather|Hail|[upkeep]
|
|switch|p2a: Cobalion|Cobalion|323\/323
|turn|14
|c| James_Capshaw|a maga
|
|switch|p2a: Raikou|Raikou|322\/322
|-ability|p2a: Raikou|Pressure
|switch|p1a: Gligar|Gligar, F|334\/334
|
|-weather|Hail|[upkeep]
|-damage|p2a: Raikou|302\/322|[from] hail
|-damage|p1a: Gligar|314\/334|[from] hail
|turn|15
|join|Casual Raptor
|join|Dad's Dad
|
|switch|p1a: Umbreon|Umbreon, F, shiny|394\/394
|move|p2a: Raikou|Volt Switch|p1a: Umbreon
|-crit|p1a: Umbreon
|-damage|p1a: Umbreon|229\/394
|
|switch|p2a: Cobalion|Cobalion|323\/323
|
|-weather|Hail|[upkeep]
|-damage|p2a: Cobalion|303\/323|[from] hail
|-damage|p1a: Umbreon|205\/394|[from] hail
|-heal|p2a: Cobalion|323\/323|[from] item: Leftovers
|-heal|p1a: Umbreon|229\/394|[from] item: Leftovers
|turn|16
|c| Pinkin Lark|ooooh
|c| Squiggs|woah...
|c| Pinkin Lark|no fear
|
|switch|p1a: Gligar|Gligar, F|314\/334
|move|p2a: Cobalion|Close Combat|p1a: Gligar
|-resisted|p1a: Gligar
|-damage|p1a: Gligar|273\/334
|-unboost|p2a: Cobalion|def|1
|-unboost|p2a: Cobalion|spd|1
|
|-weather|Hail|[upkeep]
|-damage|p2a: Cobalion|303\/323|[from] hail
|-damage|p1a: Gligar|253\/334|[from] hail
|-heal|p2a: Cobalion|323\/323|[from] item: Leftovers
|turn|17
|join|Lixx
|
|switch|p2a: Tentacruel|Tentacruel, M|364\/364
|move|p1a: Gligar|Earthquake|p2a: Tentacruel
|-supereffective|p2a: Tentacruel
|-damage|p2a: Tentacruel|170\/364
|
|-weather|none
|turn|18
|c| James_Capshaw|you can do it if you pit youer mind to it
|c| Noriya|tenta
|join|SkywardSword596
|
|switch|p1a: Raikou|Raikou|247\/322
|-ability|p1a: Raikou|Pressure
|move|p2a: Tentacruel|Knock Off|p1a: Raikou
|-damage|p1a: Raikou|186\/322
|-enditem|p1a: Raikou|Leftovers|[from] move: Knock Off|[of] p2a: Tentacruel
|
|turn|19
|c| Noriya|#1 gligar counter
|c| Mike Hunts|scald does only around 30 LP
|c| Mike Hunts|ey sky
|
|switch|p2a: Umbreon|Umbreon, M|394\/394
|move|p1a: Raikou|Thunderbolt|p2a: Umbreon
|-damage|p2a: Umbreon|307\/394
|
|-heal|p2a: Umbreon|331\/394|[from] item: Leftovers
|turn|20
|c| Mike Hunts|wops u dont recognize this name
|
|switch|p1a: Victini|Victini|341\/341
|move|p2a: Umbreon|Wish|p2a: Umbreon
|
|-heal|p2a: Umbreon|355\/394|[from] item: Leftovers
|turn|21
|c| SkywardSword596|ey
|
|move|p2a: Umbreon|Protect|p2a: Umbreon
|-singleturn|p2a: Umbreon|Protect
|move|p1a: Victini|Bolt Strike|p2a: Umbreon
|-activate|p2a: Umbreon|Protect
|
|-heal|p2a: Umbreon|394\/394|[from] move: Wish|[wisher] Umbreon
|turn|22
|c| Mike Hunts|fanboi ;) hehe
|
|switch|p1a: Tentacruel|Tentacruel, F|306\/361
|move|p2a: Umbreon|Wish|p2a: Umbreon
|
|turn|23
|
|switch|p2a: Raikou|Raikou|302\/322
|-ability|p2a: Raikou|Pressure
|move|p1a: Tentacruel|Scald|p2a: Raikou
|-damage|p2a: Raikou|217\/322
|
|-heal|p2a: Raikou|322\/322|[from] move: Wish|[wisher] Umbreon
|turn|24
|
|switch|p1a: Umbreon|Umbreon, F, shiny|229\/394
|move|p2a: Raikou|Volt Switch|p1a: Umbreon
|-damage|p1a: Umbreon|124\/394
|
|switch|p2a: Cobalion|Cobalion|323\/323
|
|-heal|p1a: Umbreon|148\/394|[from] item: Leftovers
|turn|25
|
|switch|p1a: Gligar|Gligar, F|253\/334
|move|p2a: Cobalion|Swords Dance|p2a: Cobalion
|-boost|p2a: Cobalion|atk|2
|
|turn|26
|
|switch|p2a: Aerodactyl|Aerodactyl, F|321\/321
|-ability|p2a: Aerodactyl|Unnerve|p1: Living Proof
|move|p1a: Gligar|Earthquake|p2a: Aerodactyl
|-immune|p2a: Aerodactyl|[msg]
|
|turn|27
|c| Mike Hunts|iron head 3hko 
|
|detailschange|p2a: Aerodactyl|Aerodactyl-Mega, F
|message|Aerodactyl has Mega Evolved into Mega Aerodactyl!
|move|p2a: Aerodactyl|Aqua Tail|p1a: Gligar
|-supereffective|p1a: Gligar
|-damage|p1a: Gligar|127\/334
|move|p1a: Gligar|Stealth Rock|p2a: Aerodactyl
|-sidestart|p2: COMESTOANEND|move: Stealth Rock
|
|turn|28
|
|move|p2a: Aerodactyl|Aqua Tail|p1a: Gligar
|-supereffective|p1a: Gligar
|-damage|p1a: Gligar|0 fnt
|faint|p1a: Gligar
|
|
|switch|p1a: Abomasnow|Abomasnow-Mega, F|341\/341
|-weather|Hail
|turn|29
|leave|Lixx
|
|switch|p2a: Umbreon|Umbreon, M|394\/394
|-damage|p2a: Umbreon|345\/394|[from] Stealth Rock
|move|p1a: Abomasnow|Ice Shard|p2a: Umbreon
|-damage|p2a: Umbreon|275\/394
|
|-weather|Hail|[upkeep]
|-damage|p2a: Umbreon|251\/394|[from] hail
|-heal|p2a: Umbreon|275\/394|[from] item: Leftovers
|turn|30
|c| James_Capshaw|staet a timerr
|c| James_Capshaw|plz
|c|★COMESTOANEND|!
|
|move|p2a: Umbreon|Wish|p2a: Umbreon
|move|p1a: Abomasnow|Swords Dance|p1a: Abomasnow
|-boost|p1a: Abomasnow|atk|2
|
|-weather|Hail|[upkeep]
|-damage|p2a: Umbreon|251\/394|[from] hail
|-heal|p2a: Umbreon|275\/394|[from] item: Leftovers
|turn|31
|join|xCarlosH
|
|move|p2a: Umbreon|Protect|p2a: Umbreon
|-singleturn|p2a: Umbreon|Protect
|move|p1a: Abomasnow|Earthquake|p2a: Umbreon
|-activate|p2a: Umbreon|Protect
|
|-weather|Hail|[upkeep]
|-damage|p2a: Umbreon|251\/394|[from] hail
|-heal|p2a: Umbreon|394\/394|[from] move: Wish|[wisher] Umbreon
|turn|32
|
|switch|p1a: Umbreon|Umbreon, F, shiny|148\/394
|move|p2a: Umbreon|Foul Play|p1a: Umbreon
|-resisted|p1a: Umbreon
|-damage|p1a: Umbreon|124\/394
|
|-weather|Hail|[upkeep]
|-damage|p2a: Umbreon|370\/394|[from] hail
|-damage|p1a: Umbreon|100\/394|[from] hail
|-heal|p1a: Umbreon|124\/394|[from] item: Leftovers
|-heal|p2a: Umbreon|394\/394|[from] item: Leftovers
|turn|33
|c| SadPierrot|3 of his pkmn can't take eq
|
|switch|p2a: Tentacruel|Tentacruel, M|170\/364
|-damage|p2a: Tentacruel|125\/364|[from] Stealth Rock
|move|p1a: Umbreon|Wish|p1a: Umbreon
|
|-weather|none
|-heal|p1a: Umbreon|148\/394|[from] item: Leftovers
|turn|34
|leave|dynamic rw2
|
|move|p1a: Umbreon|Protect|p1a: Umbreon
|-singleturn|p1a: Umbreon|Protect
|move|p2a: Tentacruel|Rapid Spin|p1a: Umbreon
|-activate|p1a: Umbreon|Protect
|
|-heal|p1a: Umbreon|345\/394|[from] move: Wish|[wisher] Umbreon
|-heal|p1a: Umbreon|369\/394|[from] item: Leftovers
|turn|35
|c| Pinkin Lark|umbreon wouldnt have liked a +2 either
|c| SadPierrot|nope
|
|move|p2a: Tentacruel|Rapid Spin|p1a: Umbreon
|-damage|p1a: Umbreon|359\/394
|-sideend|p2: COMESTOANEND|Stealth Rock|[from] move: Rapid Spin|[of] p2a: Tentacruel
|move|p1a: Umbreon|Foul Play|p2a: Tentacruel
|-damage|p2a: Tentacruel|59\/364
|
|-heal|p1a: Umbreon|383\/394|[from] item: Leftovers
|turn|36
|c| SadPierrot|though it's the same on LP's end
|c| Mike Hunts|be careful now LP
|
|switch|p1a: Tentacruel|Tentacruel, F|306\/361
|move|p2a: Tentacruel|Knock Off|p1a: Tentacruel
|-damage|p1a: Tentacruel|273\/361
|
|turn|37
|
|move|p1a: Tentacruel|Scald|p2a: Tentacruel
|-resisted|p2a: Tentacruel
|-damage|p2a: Tentacruel|27\/364
|-status|p2a: Tentacruel|brn
|move|p2a: Tentacruel|Scald|p1a: Tentacruel
|-resisted|p1a: Tentacruel
|-damage|p1a: Tentacruel|240\/361
|
|-damage|p2a: Tentacruel|0 fnt|[from] brn
|faint|p2a: Tentacruel
|leave|James_Capshaw
|
|switch|p2a: Raikou|Raikou|322\/322
|-ability|p2a: Raikou|Pressure
|turn|38
|c| SadPierrot|time to toxic spike
|c| SadPierrot|not now though
|join|James_Capshaw
|c| SadPierrot|lol
|
|switch|p1a: Raikou|Raikou|186\/322
|-ability|p1a: Raikou|Pressure
|move|p2a: Raikou|Volt Switch|p1a: Raikou
|-resisted|p1a: Raikou
|-damage|p1a: Raikou|101\/322
|leave|James_Capshaw
|
|switch|p2a: Aerodactyl|Aerodactyl-Mega, F|321\/321
|
|turn|39
|
|switch|p1a: Umbreon|Umbreon, F, shiny|383\/394
|move|p2a: Aerodactyl|Stone Edge|p1a: Umbreon
|-crit|p1a: Umbreon
|-damage|p1a: Umbreon|142\/394
|
|-heal|p1a: Umbreon|166\/394|[from] item: Leftovers
|turn|40
|c|★Living Proof|Ugh
|c|★COMESTOANEND|srry
|
|switch|p2a: Cobalion|Cobalion|323\/323
|move|p1a: Umbreon|Wish|p1a: Umbreon
|
|-heal|p1a: Umbreon|190\/394|[from] item: Leftovers
|turn|41
|
|switch|p2a: Raikou|Raikou|322\/322
|-ability|p2a: Raikou|Pressure
|switch|p1a: Victini|Victini|341\/341
|
|turn|42
|c| Mike Hunts|haha sac something
|
|move|p2a: Raikou|Thunderbolt|p1a: Victini
|-damage|p1a: Victini|139\/341
|move|p1a: Victini|Bolt Strike|p2a: Raikou
|-resisted|p2a: Raikou
|-damage|p2a: Raikou|206\/322
|
|turn|43
|c| Squiggs|wut
|c| Mike Hunts|:\/
|c| SadPierrot|O_o
|c|★COMESTOANEND|!
|c| SkywardSword596|prob thought aero
|leave|Shaaarp
|
|switch|p1a: Abomasnow|Abomasnow-Mega, F|341\/341
|-weather|Hail
|move|p2a: Raikou|Thunderbolt|p1a: Abomasnow
|-resisted|p1a: Abomasnow
|-damage|p1a: Abomasnow|239\/341
|-status|p1a: Abomasnow|par
|
|-weather|Hail|[upkeep]
|-damage|p2a: Raikou|186\/322|[from] hail
|turn|44
|join|Lemmy
|c| Squiggs|I love how everyone reacted
|c| WForLife|:O
|c|★Living Proof|._.
|c| SadPierrot|haha
|c| Pinkin Lark|D:
|c|★COMESTOANEND|sry
|c| SkywardSword596|welp
|c| Lemmy|Aun aqui,guille?
|c| Pinkin Lark|damn
|c|★COMESTOANEND|y
|
|switch|p2a: Umbreon|Umbreon, M|394\/394
|cant|p1a: Abomasnow|par
|
|-weather|Hail|[upkeep]
|-damage|p2a: Umbreon|370\/394|[from] hail
|-heal|p2a: Umbreon|394\/394|[from] item: Leftovers
|turn|45
|c|★COMESTOANEND|xD
|join|James_Capshaw
|c| SadPierrot|everyone was ready for some v-create action
|c| Lemmy|Por dios
|c| Mike Hunts|i skylarke wanna make sum team later on yn
|
|switch|p2a: Raikou|Raikou|186\/322
|-ability|p2a: Raikou|Pressure
|switch|p1a: Umbreon|Umbreon, F, shiny|190\/394
|
|-weather|Hail|[upkeep]
|-damage|p2a: Raikou|166\/322|[from] hail
|-damage|p1a: Umbreon|166\/394|[from] hail
|-heal|p1a: Umbreon|190\/394|[from] item: Leftovers
|turn|46
|c| Lemmy|En que ronda estas
|c| Squiggs|No hablos español Lemmy
|c| SkywardSword596|sure
|c|★COMESTOANEND|Estoy con el que te gano
|
|move|p2a: Raikou|Volt Switch|p1a: Umbreon
|-damage|p1a: Umbreon|96\/394
|c| Lemmy|:c
|c| Squiggs|-_-
|c| Mike Hunts|Lemme que hay
|c| Squiggs|nvm
|
|switch|p2a: Cobalion|Cobalion|323\/323
|move|p1a: Umbreon|Wish|p1a: Umbreon
|
|-weather|Hail|[upkeep]
|-damage|p2a: Cobalion|303\/323|[from] hail
|-damage|p1a: Umbreon|72\/394|[from] hail
|-heal|p2a: Cobalion|323\/323|[from] item: Leftovers
|-heal|p1a: Umbreon|96\/394|[from] item: Leftovers
|turn|47
|c| SadPierrot|por favor Lemmy
|
|switch|p1a: Victini|Victini|139\/341
|move|p2a: Cobalion|Substitute|p2a: Cobalion
|-start|p2a: Cobalion|Substitute
|-damage|p2a: Cobalion|243\/323
|
|-weather|none
|-heal|p1a: Victini|336\/341|[from] move: Wish|[wisher] Umbreon
|-heal|p2a: Cobalion|263\/323|[from] item: Leftovers
|turn|48
|c| Lemmy|?
|c| xCarlosH|no les hables español que se quedan todos rayados
|c| xCarlosH|xD
|
|move|p2a: Cobalion|Swords Dance|p2a: Cobalion
|-boost|p2a: Cobalion|atk|2
|move|p1a: Victini|Bolt Strike|p2a: Cobalion
|-end|p2a: Cobalion|Substitute
|
|-heal|p2a: Cobalion|283\/323|[from] item: Leftovers
|turn|49
|c| Squiggs|x)
|c| SadPierrot|Me gustan los barcos con las putas
|c| xCarlosH|soy guilas btw
|c| Mike Hunts|Lemme no hablas espanol?
|c| SadPierrot|es muy bien
|
|move|p2a: Cobalion|Iron Head|p1a: Victini
|-resisted|p1a: Victini
|-damage|p1a: Victini|216\/341
|move|p1a: Victini|Bolt Strike|p2a: Cobalion
|-damage|p2a: Cobalion|120\/323
|-status|p2a: Cobalion|par
|
|-heal|p2a: Cobalion|140\/323 par|[from] item: Leftovers
|turn|50
|c|★COMESTOANEND|dmg
|c| SkywardSword596|rek
|c|★COMESTOANEND|should have calc it lol
|c| Pinkin Lark|the counter para
|c| Lemmy|dmg
|
|switch|p2a: Raikou|Raikou|166\/322
|-ability|p2a: Raikou|Pressure
|move|p1a: Victini|Bolt Strike|p2a: Raikou
|-resisted|p2a: Raikou
|-damage|p2a: Raikou|53\/322
|
|turn|51
|c| SkywardSword596|dommage
|c| Squiggs|gonna get rekt COMESTOANEND
|c| Mike Hunts|Lemmy dice la verdad
|
|switch|p1a: Raikou|Raikou|101\/322
|-ability|p1a: Raikou|Pressure
|move|p2a: Raikou|Volt Switch|p1a: Raikou
|-resisted|p1a: Raikou
|-damage|p1a: Raikou|10\/322
|
|switch|p2a: Aerodactyl|Aerodactyl-Mega, F|321\/321
|
|turn|52
|c| SadPierrot|Ola mike
|c| SkywardSword596|time to reveal the hacked scarf
|c| SadPierrot|que tal
|
|move|p2a: Aerodactyl|Aqua Tail|p1a: Raikou|[miss]
|-miss|p2a: Aerodactyl|p1a: Raikou
|move|p1a: Raikou|Thunderbolt|p2a: Aerodactyl
|-supereffective|p2a: Aerodactyl
|-damage|p2a: Aerodactyl|3\/321
|
|turn|53
|c| James_Capshaw|what hapend
|c| SkywardSword596|LOL
|c|★COMESTOANEND|!
|c| Squiggs|()_()
|c| SadPierrot|OOOh
|c| Pinkin Lark|THE MISS
|c| Lemmy|!!!!!!!!!!
|c|★Living Proof|1% though
|c| Noriya|what's your health?
|c| Noriya|1
|c| SkywardSword596|obama tho
|c| Pinkin Lark|true, but you ahve ice shard
|c|★Living Proof|That phantom sash
|c| SkywardSword596|not even ice shard
|c| Pinkin Lark|have*
|c| SkywardSword596|hail too
|c|★COMESTOANEND|3 ps
|c|★COMESTOANEND|not sas
|c|★COMESTOANEND|sash*
|c| Pinkin Lark|that too
|
|move|p2a: Aerodactyl|Aqua Tail|p1a: Raikou|[miss]
|-miss|p2a: Aerodactyl|p1a: Raikou
|move|p1a: Raikou|Thunderbolt|p2a: Aerodactyl
|-supereffective|p2a: Aerodactyl
|-damage|p2a: Aerodactyl|0 fnt
|faint|p2a: Aerodactyl
|
|c| xCarlosH|si aun se quejará xD
|c| Pinkin Lark|LOL
|c| SkywardSword596|LOL
|c| SadPierrot|oooooh
|c|★COMESTOANEND|gtfo lol
|c| Squiggs|._.
|c| SkywardSword596|who needs hail
|c|★COMESTOANEND|xD
|c|★Living Proof|o.o
|c| SkywardSword596|you've got
|c| SkywardSword596|aqua tail
|c| Pinkin Lark|the 10% miss
|c| Lemmy|!!!!!!!!!!!!!
|-message|COMESTOANEND forfeited.
|
|win|Living Proof
|c| Mike Hunts|why would u go for aqua there
|c| Pinkin Lark|XD
|c| Lemmy|!
|c| Mike Hunts|dontu have eq
|c|★Living Proof|Raikou with that Brightpowser
|c| Squiggs|aww man
|leave|Lemmy
|c| Pinkin Lark|new meta
|leave|COMESTOANEND
|player|p2
|c|★Living Proof|Welplaid
|c| WForLife|whoa
|c| SadPierrot|gg
|c| Mike Hunts|noes
|leave|xCarlosH
|c| James_Capshaw|wtf
|leave|SkywardSword596