|join|BrB 018
|join|Eren Swaeger
|player|p1|BrB 018|192
|player|p2|Eren Swaeger|294
|gametype|singles
|gen|6
|tier|UU
|rated
|rule|Sleep Clause Mod: Limit one foe put to sleep
|rule|Species Clause: Limit one of each Pokémon
|rule|OHKO Clause: OHKO moves are banned
|rule|Moody Clause: Moody is banned
|rule|Evasion Moves Clause: Evasion moves are banned
|rule|Endless Battle Clause: Forcing endless battles is banned
|rule|HP Percentage Mod: HP is shown in percentages
|clearpoke
|poke|p1|Pidgeot, M
|poke|p1|Krookodile, M
|poke|p1|Jirachi
|poke|p1|Nidoqueen, F
|poke|p1|Starmie
|poke|p1|Machamp, M
|poke|p2|Raikou
|poke|p2|Vaporeon, M
|poke|p2|Beedrill, M
|poke|p2|Gligar, F
|poke|p2|Snorlax, M
|poke|p2|Donphan, M
|rule|Swagger Clause: Swagger is banned
|rule|Baton Pass Clause: Limit one Pokémon knowing Baton Pass
|teampreview
|c|★Eren Swaeger|gl hf
|c|★BrB 018|hi
|
|start
|switch|p1a: Nidoqueen|Nidoqueen, F|331\/331
|switch|p2a: Donphan|Donphan, M|384\/384
|turn|1
|
|move|p1a: Nidoqueen|Ice Beam|p2a: Donphan
|-supereffective|p2a: Donphan
|-damage|p2a: Donphan|129\/384
|move|p2a: Donphan|Earthquake|p1a: Nidoqueen
|-supereffective|p1a: Nidoqueen
|-damage|p1a: Nidoqueen|0 fnt
|faint|p1a: Nidoqueen
|
|
|switch|p1a: Lord Pidgeon|Pidgeot, M|307\/307
|turn|2
|
|detailschange|p1a: Lord Pidgeon|Pidgeot-Mega, M
|message|Pidgeot has Mega Evolved into Mega Pidgeot!
|move|p1a: Lord Pidgeon|Hurricane|p2a: Donphan
|-damage|p2a: Donphan|0 fnt
|faint|p2a: Donphan
|
|
|switch|p2a: Vaporeon|Vaporeon, M|451\/451
|turn|3
|
|move|p1a: Lord Pidgeon|U-turn|p2a: Vaporeon
|-damage|p2a: Vaporeon|403\/451
|
|switch|p1a: Machamp|Machamp, M|360\/360
|move|p2a: Vaporeon|Ice Beam|p1a: Machamp
|-damage|p1a: Machamp|297\/360
|
|-heal|p2a: Vaporeon|431\/451|[from] item: Leftovers
|turn|4
|
|switch|p2a: Gligar|Gligar, F|334\/334
|move|p1a: Machamp|Knock Off|p2a: Gligar
|-damage|p2a: Gligar|277\/334
|-enditem|p2a: Gligar|Eviolite|[from] move: Knock Off|[of] p1a: Machamp
|
|turn|5
|
|switch|p1a: Starmie|Starmie|323\/323
|move|p2a: Gligar|Toxic|p1a: Starmie
|-status|p1a: Starmie|tox
|
|-damage|p1a: Starmie|303\/323 tox|[from] psn
|turn|6
|
|switch|p2a: Vaporeon|Vaporeon, M|431\/451
|move|p1a: Starmie|Ice Beam|p2a: Vaporeon
|-resisted|p2a: Vaporeon
|-damage|p2a: Vaporeon|400\/451
|
|-heal|p1a: Starmie|323\/323 tox|[from] item: Leftovers
|-heal|p2a: Vaporeon|428\/451|[from] item: Leftovers
|-damage|p1a: Starmie|283\/323 tox|[from] psn
|turn|7
|
|switch|p1a: Machamp|Machamp, M|297\/360
|move|p2a: Vaporeon|Scald|p1a: Machamp
|-damage|p1a: Machamp|224\/360
|
|-heal|p2a: Vaporeon|451\/451|[from] item: Leftovers
|turn|8
|
|move|p1a: Machamp|Close Combat|p2a: Vaporeon
|-damage|p2a: Vaporeon|177\/451
|-unboost|p1a: Machamp|def|1
|-unboost|p1a: Machamp|spd|1
|move|p2a: Vaporeon|Scald|p1a: Machamp
|-crit|p1a: Machamp
|-damage|p1a: Machamp|47\/360
|
|-heal|p2a: Vaporeon|205\/451|[from] item: Leftovers
|turn|9
|
|move|p2a: Vaporeon|Protect|p2a: Vaporeon
|-singleturn|p2a: Vaporeon|Protect
|move|p1a: Machamp|Close Combat|p2a: Vaporeon
|-activate|p2a: Vaporeon|Protect
|
|-heal|p2a: Vaporeon|233\/451|[from] item: Leftovers
|turn|10
|
|switch|p1a: Lord Pidgeon|Pidgeot-Mega, M|307\/307
|switch|p2a: Gligar|Gligar, F|277\/334
|
|turn|11
|
|move|p1a: Lord Pidgeon|Hurricane|p2a: Gligar
|-damage|p2a: Gligar|12\/334
|-start|p2a: Gligar|confusion
|-activate|p2a: Gligar|confusion
|move|p2a: Gligar|Toxic|p1a: Lord Pidgeon
|-status|p1a: Lord Pidgeon|tox
|
|-damage|p1a: Lord Pidgeon|288\/307 tox|[from] psn
|turn|12
|
|move|p1a: Lord Pidgeon|U-turn|p2a: Gligar
|-resisted|p2a: Gligar
|-damage|p2a: Gligar|0 fnt
|faint|p2a: Gligar
|
|switch|p1a: Machamp|Machamp, M|47\/360
|
|
|switch|p2a: Buzzzz|Beedrill, M|271\/271
|turn|13
|
|detailschange|p2a: Buzzzz|Beedrill-Mega, M
|message|Beedrill has Mega Evolved into Mega Beedrill!
|move|p1a: Machamp|Bullet Punch|p2a: Buzzzz
|-damage|p2a: Buzzzz|173\/271
|move|p2a: Buzzzz|U-turn|p1a: Machamp
|-resisted|p1a: Machamp
|-damage|p1a: Machamp|0 fnt
|faint|p1a: Machamp
|
|switch|p2a: Vaporeon|Vaporeon, M|233\/451
|
|-heal|p2a: Vaporeon|261\/451|[from] item: Leftovers
|
|switch|p1a: Krookodile|Krookodile, M|331\/331
|-ability|p1a: Krookodile|Intimidate|[of] p2a: Vaporeon
|-unboost|p2a: Vaporeon|atk|1
|turn|14
|
|move|p2a: Vaporeon|Protect|p2a: Vaporeon
|-singleturn|p2a: Vaporeon|Protect
|move|p1a: Krookodile|Earthquake|p2a: Vaporeon
|-activate|p2a: Vaporeon|Protect
|
|-heal|p2a: Vaporeon|289\/451|[from] item: Leftovers
|turn|15
|
|move|p1a: Krookodile|Earthquake|p2a: Vaporeon
|-damage|p2a: Vaporeon|27\/451
|move|p2a: Vaporeon|Wish|p2a: Vaporeon
|
|-heal|p2a: Vaporeon|55\/451|[from] item: Leftovers
|turn|16
|
|switch|p1a: Lord Pidgeon|Pidgeot-Mega, M|288\/307 tox
|move|p2a: Vaporeon|Protect|p2a: Vaporeon
|-fail|p2a: Vaporeon
|
|-heal|p2a: Vaporeon|280\/451|[from] move: Wish|[wisher] Vaporeon
|-heal|p2a: Vaporeon|308\/451|[from] item: Leftovers
|-damage|p1a: Lord Pidgeon|269\/307 tox|[from] psn
|turn|17
|
|move|p1a: Lord Pidgeon|Hurricane|p2a: Vaporeon
|-damage|p2a: Vaporeon|136\/451
|move|p2a: Vaporeon|Wish|p2a: Vaporeon
|
|-heal|p2a: Vaporeon|164\/451|[from] item: Leftovers
|-damage|p1a: Lord Pidgeon|231\/307 tox|[from] psn
|turn|18
|
|switch|p1a: Krookodile|Krookodile, M|331\/331
|-ability|p1a: Krookodile|Intimidate|[of] p2a: Vaporeon
|-unboost|p2a: Vaporeon|atk|1
|move|p2a: Vaporeon|Protect|p2a: Vaporeon
|-fail|p2a: Vaporeon
|
|-heal|p2a: Vaporeon|389\/451|[from] move: Wish|[wisher] Vaporeon
|-heal|p2a: Vaporeon|417\/451|[from] item: Leftovers
|turn|19
|
|move|p1a: Krookodile|Knock Off|p2a: Vaporeon
|-damage|p2a: Vaporeon|162\/451
|-enditem|p2a: Vaporeon|Leftovers|[from] move: Knock Off|[of] p1a: Krookodile
|move|p2a: Vaporeon|Wish|p2a: Vaporeon
|
|turn|20
|
|switch|p1a: Pure Skill|Jirachi|341\/341
|move|p2a: Vaporeon|Protect|p2a: Vaporeon
|-fail|p2a: Vaporeon
|
|-heal|p2a: Vaporeon|387\/451|[from] move: Wish|[wisher] Vaporeon
|turn|21
|
|move|p1a: Pure Skill|Trick|p2a: Vaporeon
|-activate|p1a: Pure Skill|move: Trick|[of] p2a: Vaporeon
|-item|p2a: Vaporeon|Choice Scarf|[from] move: Trick
|move|p2a: Vaporeon|Wish|p2a: Vaporeon
|
|turn|22
|
|switch|p2a: Thundercat|Raikou|321\/321
|-ability|p2a: Thundercat|Pressure
|move|p1a: Pure Skill|U-turn|p2a: Thundercat
|-damage|p2a: Thundercat|238\/321
|
|switch|p1a: Krookodile|Krookodile, M|331\/331
|-ability|p1a: Krookodile|Intimidate|[of] p2a: Thundercat
|-unboost|p2a: Thundercat|atk|1
|
|-heal|p2a: Thundercat|321\/321|[from] move: Wish|[wisher] Vaporeon
|turn|23
|
|switch|p2a: Vaporeon|Vaporeon, M|387\/451
|move|p1a: Krookodile|Earthquake|p2a: Vaporeon
|-damage|p2a: Vaporeon|128\/451
|
|turn|24
|
|move|p1a: Krookodile|Earthquake|p2a: Vaporeon
|-damage|p2a: Vaporeon|0 fnt
|faint|p2a: Vaporeon
|
|
|switch|p2a: Buzzzz|Beedrill-Mega, M|173\/271
|turn|25
|
|switch|p1a: Starmie|Starmie|283\/323
|move|p2a: Buzzzz|U-turn|p1a: Starmie
|-supereffective|p1a: Starmie
|-damage|p1a: Starmie|0 fnt
|faint|p1a: Starmie
|
|switch|p2a: Thundercat|Raikou|321\/321
|-ability|p2a: Thundercat|Pressure
|
|
|switch|p1a: Krookodile|Krookodile, M|331\/331
|-ability|p1a: Krookodile|Intimidate|[of] p2a: Thundercat
|-unboost|p2a: Thundercat|atk|1
|turn|26
|
|switch|p2a: Snorlax|Snorlax, M|461\/461
|move|p1a: Krookodile|Earthquake|p2a: Snorlax
|-damage|p2a: Snorlax|190\/461
|
|-heal|p2a: Snorlax|218\/461|[from] item: Leftovers
|turn|27
|
|move|p1a: Krookodile|Earthquake|p2a: Snorlax
|-damage|p2a: Snorlax|0 fnt
|faint|p2a: Snorlax
|
|
|switch|p2a: Buzzzz|Beedrill-Mega, M|173\/271
|turn|28
|
|switch|p1a: Lord Pidgeon|Pidgeot-Mega, M|231\/307 tox
|move|p2a: Buzzzz|U-turn|p1a: Lord Pidgeon
|-resisted|p1a: Lord Pidgeon
|-damage|p1a: Lord Pidgeon|115\/307 tox
|
|switch|p2a: Thundercat|Raikou|321\/321
|-ability|p2a: Thundercat|Pressure
|
|-damage|p1a: Lord Pidgeon|96\/307 tox|[from] psn
|turn|29
|
|move|p1a: Lord Pidgeon|Heat Wave|p2a: Thundercat
|-damage|p2a: Thundercat|207\/321
|move|p2a: Thundercat|Volt Switch|p1a: Lord Pidgeon
|-supereffective|p1a: Lord Pidgeon
|-damage|p1a: Lord Pidgeon|0 fnt
|faint|p1a: Lord Pidgeon
|
|switch|p2a: Buzzzz|Beedrill-Mega, M|173\/271
|
|
|switch|p1a: Krookodile|Krookodile, M|331\/331
|-ability|p1a: Krookodile|Intimidate|[of] p2a: Buzzzz
|-unboost|p2a: Buzzzz|atk|1
|turn|30
|
|move|p2a: Buzzzz|Protect|p2a: Buzzzz
|-singleturn|p2a: Buzzzz|Protect
|move|p1a: Krookodile|Earthquake|p2a: Buzzzz
|-activate|p2a: Buzzzz|Protect
|
|turn|31
|
|move|p2a: Buzzzz|U-turn|p1a: Krookodile
|-supereffective|p1a: Krookodile
|-damage|p1a: Krookodile|19\/331
|
|switch|p2a: Thundercat|Raikou|207\/321
|-ability|p2a: Thundercat|Pressure
|move|p1a: Krookodile|Earthquake|p2a: Thundercat
|-supereffective|p2a: Thundercat
|-damage|p2a: Thundercat|0 fnt
|faint|p2a: Thundercat
|
|
|switch|p2a: Buzzzz|Beedrill-Mega, M|173\/271
|turn|32
|
|move|p2a: Buzzzz|Drill Run|p1a: Krookodile
|-damage|p1a: Krookodile|0 fnt
|faint|p1a: Krookodile
|
|
|switch|p1a: Pure Skill|Jirachi|341\/341
|turn|33
|
|move|p2a: Buzzzz|Protect|p2a: Buzzzz
|-singleturn|p2a: Buzzzz|Protect
|move|p1a: Pure Skill|Fire Punch|p2a: Buzzzz
|-activate|p2a: Buzzzz|Protect
|
|turn|34
|
|move|p2a: Buzzzz|Drill Run|p1a: Pure Skill
|-crit|p1a: Pure Skill
|-supereffective|p1a: Pure Skill
|-damage|p1a: Pure Skill|43\/341
|move|p1a: Pure Skill|Fire Punch|p2a: Buzzzz
|-supereffective|p2a: Buzzzz
|-damage|p2a: Buzzzz|0 fnt
|faint|p2a: Buzzzz
|
|win|BrB 018
|raw|Ladder updating...
|c|★Eren Swaeger|gg
|c|★BrB 018|gg
|leave|Eren Swaeger
|raw|BrB 018's rating: 1497 &rarr; <strong>1508<\/strong><br \/>(+11 for winning)
|raw|Eren Swaeger's rating: 1333 &rarr; <strong>1322<\/strong><br \/>(-11 for losing)
|player|p2