|join|fahad90
|join|Level 56
|player|p1|fahad90|37
|player|p2|Level 56|136
|gametype|singles
|gen|6
|tier|UU
|rated
|rule|Sleep Clause Mod: Limit one foe put to sleep
|rule|Species Clause: Limit one of each Pokémon
|rule|OHKO Clause: OHKO moves are banned
|rule|Moody Clause: Moody is banned
|rule|Evasion Moves Clause: Evasion moves are banned
|rule|Endless Battle Clause: Forcing endless battles is banned
|rule|HP Percentage Mod: HP is shown in percentages
|clearpoke
|poke|p1|Kingdra, M
|poke|p1|Absol, M
|poke|p1|Chesnaught, M
|poke|p1|Donphan, F
|poke|p1|Blissey, F
|poke|p1|Darmanitan, M
|poke|p2|Tornadus, M
|poke|p2|Metagross
|poke|p2|Froslass, F
|poke|p2|Absol, M
|poke|p2|Chandelure, F
|poke|p2|Lucario, M
|rule|Swagger Clause: Swagger is banned
|rule|Baton Pass Clause: Limit one Pokémon knowing Baton Pass
|teampreview
|
|start
|switch|p1a: Darmanitan|Darmanitan, M|351\/351
|switch|p2a: Froslass|Froslass, F|281\/281
|turn|1
|
|move|p1a: Darmanitan|Flare Blitz|p2a: Froslass
|-supereffective|p2a: Froslass
|-enditem|p2a: Froslass|Focus Sash
|-damage|p2a: Froslass|1\/281
|-start|p1a: Darmanitan|Disable|Flare Blitz
|-damage|p1a: Darmanitan|259\/351|[from] recoil|[of] p2a: Froslass
|move|p2a: Froslass|Spikes|p1a: Darmanitan
|-sidestart|p1: fahad90|Spikes
|
|turn|2
|
|-activate|p1a: Darmanitan|move: Struggle
|move|p1a: Darmanitan|Struggle|p2a: Froslass
|-damage|p2a: Froslass|0 fnt
|-damage|p1a: Darmanitan|172\/351
|faint|p2a: Froslass
|
|
|switch|p2a: Lucario|Lucario, M|281\/281
|turn|3
|
|switch|p1a: Chesnaught|Chesnaught, M|380\/380
|-damage|p1a: Chesnaught|333\/380|[from] Spikes
|move|p2a: Lucario|Swords Dance|p2a: Lucario
|-boost|p2a: Lucario|atk|2
|
|-heal|p1a: Chesnaught|356\/380|[from] item: Leftovers
|turn|4
|
|move|p2a: Lucario|Close Combat|p1a: Chesnaught
|-damage|p1a: Chesnaught|21\/380
|-unboost|p2a: Lucario|def|1
|-unboost|p2a: Lucario|spd|1
|-damage|p2a: Lucario|253\/281|[from] item: Life Orb
|move|p1a: Chesnaught|Hammer Arm|p2a: Lucario
|-supereffective|p2a: Lucario
|-damage|p2a: Lucario|0 fnt
|-unboost|p1a: Chesnaught|spe|1
|faint|p2a: Lucario
|
|-heal|p1a: Chesnaught|44\/380|[from] item: Leftovers
|
|switch|p2a: Absol|Absol, M|271\/271
|-ability|p2a: Absol|Pressure
|turn|5
|c|★fahad90|no  son
|
|detailschange|p2a: Absol|Absol-Mega, M
|message|Absol has Mega Evolved into Mega Absol!
|move|p2a: Absol|Knock Off|p1a: Chesnaught
|-resisted|p1a: Chesnaught
|-damage|p1a: Chesnaught|0 fnt
|-enditem|p1a: Chesnaught|Leftovers|[from] move: Knock Off|[of] p2a: Absol
|faint|p1a: Chesnaught
|
|
|switch|p1a: Donphan|Donphan, F|384\/384
|-damage|p1a: Donphan|336\/384|[from] Spikes
|turn|6
|
|switch|p2a: Chandelure|Chandelure, F|261\/261
|move|p1a: Donphan|Earthquake|p2a: Chandelure
|-supereffective|p2a: Chandelure
|-damage|p2a: Chandelure|0 fnt
|faint|p2a: Chandelure
|
|-heal|p1a: Donphan|360\/384|[from] item: Leftovers
|
|switch|p2a: Tornadus|Tornadus, M|300\/300
|turn|7
|
|switch|p1a: Blissey|Blissey, F|714\/714
|-damage|p1a: Blissey|625\/714|[from] Spikes
|move|p2a: Tornadus|Bulk Up|p2a: Tornadus
|-boost|p2a: Tornadus|atk|1
|-boost|p2a: Tornadus|def|1
|
|-heal|p1a: Blissey|669\/714|[from] item: Leftovers
|turn|8
|
|move|p2a: Tornadus|Acrobatics|p1a: Blissey
|-damage|p1a: Blissey|158\/714
|move|p1a: Blissey|Thunder Wave|p2a: Tornadus
|-status|p2a: Tornadus|par
|
|-heal|p1a: Blissey|202\/714|[from] item: Leftovers
|turn|9
|
|move|p1a: Blissey|Seismic Toss|p2a: Tornadus
|-damage|p2a: Tornadus|200\/300 par
|cant|p2a: Tornadus|par
|
|-heal|p1a: Blissey|246\/714|[from] item: Leftovers
|turn|10
|
|move|p1a: Blissey|Soft-Boiled|p1a: Blissey
|-heal|p1a: Blissey|603\/714
|move|p2a: Tornadus|Acrobatics|p1a: Blissey
|-damage|p1a: Blissey|150\/714
|
|-heal|p1a: Blissey|194\/714|[from] item: Leftovers
|turn|11
|
|move|p1a: Blissey|Seismic Toss|p2a: Tornadus
|-damage|p2a: Tornadus|100\/300 par
|cant|p2a: Tornadus|par
|
|-heal|p1a: Blissey|238\/714|[from] item: Leftovers
|turn|12
|
|move|p1a: Blissey|Seismic Toss|p2a: Tornadus
|-damage|p2a: Tornadus|0 fnt
|faint|p2a: Tornadus
|
|-heal|p1a: Blissey|282\/714|[from] item: Leftovers
|
|switch|p2a: Absol|Absol-Mega, M|271\/271
|turn|13
|
|move|p2a: Absol|Swords Dance|p2a: Absol
|-boost|p2a: Absol|atk|2
|move|p1a: Blissey|Seismic Toss|p2a: Absol
|-damage|p2a: Absol|171\/271
|
|-heal|p1a: Blissey|326\/714|[from] item: Leftovers
|turn|14
|
|move|p2a: Absol|Swords Dance|p2a: Absol
|-boost|p2a: Absol|atk|2
|move|p1a: Blissey|Seismic Toss|p2a: Absol
|-damage|p2a: Absol|71\/271
|
|-heal|p1a: Blissey|370\/714|[from] item: Leftovers
|turn|15
|
|move|p2a: Absol|Knock Off|p1a: Blissey
|-damage|p1a: Blissey|0 fnt
|-enditem|p1a: Blissey|Leftovers|[from] move: Knock Off|[of] p2a: Absol
|faint|p1a: Blissey
|
|
|switch|p1a: Darmanitan|Darmanitan, M|172\/351
|-damage|p1a: Darmanitan|129\/351|[from] Spikes
|turn|16
|
|switch|p1a: Kingdra|Kingdra, M|291\/291
|-damage|p1a: Kingdra|255\/291|[from] Spikes
|move|p2a: Absol|Sucker Punch|p1a: Kingdra
|-fail|p1a: Kingdra
|
|turn|17
|
|move|p2a: Absol|Knock Off|p1a: Kingdra
|-damage|p1a: Kingdra|0 fnt
|-enditem|p1a: Kingdra|Scope Lens|[from] move: Knock Off|[of] p2a: Absol
|faint|p1a: Kingdra
|
|c|★Level 56|no son
|
|switch|p1a: Donphan|Donphan, F|360\/384
|-damage|p1a: Donphan|312\/384|[from] Spikes
|turn|18
|
|move|p2a: Absol|Knock Off|p1a: Donphan
|-damage|p1a: Donphan|0 fnt
|-enditem|p1a: Donphan|Leftovers|[from] move: Knock Off|[of] p2a: Absol
|faint|p1a: Donphan
|
|c|★fahad90|gg
|
|switch|p1a: Absol|Absol, M|271\/271
|-damage|p1a: Absol|238\/271|[from] Spikes
|turn|19
|
|detailschange|p1a: Absol|Absol-Mega, M
|message|Absol has Mega Evolved into Mega Absol!
|move|p2a: Absol|Sucker Punch|p1a: Absol
|-crit|p1a: Absol
|-resisted|p1a: Absol
|-damage|p1a: Absol|0 fnt
|faint|p1a: Absol
|
|-message|fahad90 forfeited.
|
|win|Level 56
|raw|Ladder updating...
|leave|fahad90
|player|p1
|raw|fahad90's rating: 1500 &rarr; <strong>1480<\/strong><br \/>(-20 for losing)
|raw|Level 56's rating: 1508 &rarr; <strong>1527<\/strong><br \/>(+19 for winning)