|join|jjekpo
|join|baenail
|player|p1|jjekpo|269
|player|p2|baenail|147
|gametype|singles
|gen|6
|tier|UU
|rated
|rule|Sleep Clause Mod: Limit one foe put to sleep
|rule|Species Clause: Limit one of each Pokémon
|rule|OHKO Clause: OHKO moves are banned
|rule|Moody Clause: Moody is banned
|rule|Evasion Moves Clause: Evasion moves are banned
|rule|Endless Battle Clause: Forcing endless battles is banned
|rule|HP Percentage Mod: HP is shown in percentages
|clearpoke
|poke|p1|Cloyster, F, shiny
|poke|p1|Porygon-Z, shiny
|poke|p1|Forretress, F, shiny
|poke|p1|Scrafty, M, shiny
|poke|p1|Houndoom, M, shiny
|poke|p1|Espeon, M, shiny
|poke|p2|Togekiss, M
|poke|p2|Dugtrio, M
|poke|p2|Alakazam, F
|poke|p2|Cobalion
|poke|p2|Umbreon, M
|poke|p2|Whimsicott, M
|rule|Swagger Clause: Swagger is banned
|rule|Baton Pass Clause: Limit one Pokémon knowing Baton Pass
|teampreview
|c|★baenail|glhf
|
|start
|switch|p1a: Houndoom|Houndoom, M, shiny|292\/292
|switch|p2a: Togekiss|Togekiss, M|373\/373
|turn|1
|
|move|p1a: Houndoom|Nasty Plot|p1a: Houndoom
|-boost|p1a: Houndoom|spa|2
|move|p2a: Togekiss|Air Slash|p1a: Houndoom
|-damage|p1a: Houndoom|159\/292
|
|turn|2
|
|switch|p1a: Cloyster|Cloyster, F, shiny|290\/290
|move|p2a: Togekiss|Air Slash|p1a: Cloyster
|-damage|p1a: Cloyster|98\/290
|
|turn|3
|
|move|p2a: Togekiss|Air Slash|p1a: Cloyster
|-crit|p1a: Cloyster
|-damage|p1a: Cloyster|0 fnt
|faint|p1a: Cloyster
|
|
|switch|p1a: Porygon-Z|Porygon-Z, shiny|374\/374
|-boost|p1a: Porygon-Z|atk|1|[from] ability: Download
|turn|4
|
|switch|p2a: Umbreon|Umbreon, M|394\/394
|move|p1a: Porygon-Z|Thunder Wave|p2a: Umbreon
|-status|p2a: Umbreon|par
|-status|p1a: Porygon-Z|par
|
|turn|5
|
|move|p1a: Porygon-Z|Foul Play|p2a: Umbreon
|-resisted|p2a: Umbreon
|-damage|p2a: Umbreon|374\/394 par
|cant|p2a: Umbreon|par
|
|-heal|p2a: Umbreon|394\/394 par|[from] item: Leftovers
|turn|6
|
|move|p1a: Porygon-Z|Ice Beam|p2a: Umbreon
|-damage|p2a: Umbreon|327\/394 par
|cant|p2a: Umbreon|par
|
|-heal|p2a: Umbreon|351\/394 par|[from] item: Leftovers
|turn|7
|
|cant|p1a: Porygon-Z|par
|move|p2a: Umbreon|Foul Play|p1a: Porygon-Z
|-damage|p1a: Porygon-Z|200\/374 par
|
|-heal|p2a: Umbreon|375\/394 par|[from] item: Leftovers
|turn|8
|
|switch|p1a: Scrafty|Scrafty, M, shiny|334\/334
|-ability|p1a: Scrafty|Intimidate|[of] p2a: Umbreon
|-unboost|p2a: Umbreon|atk|1
|cant|p2a: Umbreon|par
|
|-heal|p2a: Umbreon|394\/394 par|[from] item: Leftovers
|turn|9
|
|move|p1a: Scrafty|Fake Out|p2a: Umbreon
|-damage|p2a: Umbreon|356\/394 par
|cant|p2a: Umbreon|par
|
|-heal|p2a: Umbreon|380\/394 par|[from] item: Leftovers
|turn|10
|
|move|p1a: Scrafty|High Jump Kick|p2a: Umbreon
|-supereffective|p2a: Umbreon
|-damage|p2a: Umbreon|32\/394 par
|move|p2a: Umbreon|Baton Pass|p2a: Umbreon
|
|switch|p2a: Alakazam|Alakazam, F|251\/251
|
|turn|11
|
|detailschange|p2a: Alakazam|Alakazam-Mega, F
|message|Alakazam has Mega Evolved into Mega Alakazam!
|-ability|p2a: Alakazam|Intimidate|[from] ability: Trace|[of] p1a: Scrafty
|-ability|p2a: Alakazam|Intimidate|[of] p1a: Scrafty
|-unboost|p1a: Scrafty|atk|1
|move|p2a: Alakazam|Dazzling Gleam|p1a: Scrafty
|-supereffective|p1a: Scrafty
|-damage|p1a: Scrafty|0 fnt
|faint|p1a: Scrafty
|
|
|switch|p1a: Houndoom|Houndoom, M, shiny|159\/292
|turn|12
|
|move|p2a: Alakazam|Dazzling Gleam|p1a: Houndoom
|-damage|p1a: Houndoom|0 fnt
|faint|p1a: Houndoom
|
|
|switch|p1a: Forretress|Forretress, F, shiny|354\/354
|turn|13
|
|switch|p2a: Togekiss|Togekiss, M|373\/373
|move|p1a: Forretress|Toxic Spikes|p2a: Togekiss
|-sidestart|p2: baenail|move: Toxic Spikes
|
|turn|14
|
|move|p2a: Togekiss|Air Slash|p1a: Forretress
|-damage|p1a: Forretress|186\/354
|move|p1a: Forretress|Toxic Spikes|p2a: Togekiss
|-sidestart|p2: baenail|move: Toxic Spikes
|
|-heal|p1a: Forretress|208\/354|[from] item: Leftovers
|turn|15
|
|move|p2a: Togekiss|Air Slash|p1a: Forretress
|-damage|p1a: Forretress|45\/354
|cant|p1a: Forretress|flinch
|
|-heal|p1a: Forretress|67\/354|[from] item: Leftovers
|turn|16
|
|switch|p1a: Porygon-Z|Porygon-Z, shiny|200\/374 par
|-boost|p1a: Porygon-Z|atk|1|[from] ability: Download
|move|p2a: Togekiss|Defog|p1a: Porygon-Z
|-unboost|p1a: Porygon-Z|evasion|1
|-sideend|p2: baenail|Toxic Spikes|[from] move: Defog|[of] p2a: Togekiss
|
|turn|17
|
|move|p2a: Togekiss|Air Slash|p1a: Porygon-Z
|-damage|p1a: Porygon-Z|70\/374 par
|cant|p1a: Porygon-Z|par
|
|turn|18
|
|move|p2a: Togekiss|Air Slash|p1a: Porygon-Z
|-damage|p1a: Porygon-Z|0 fnt
|faint|p1a: Porygon-Z
|
|
|switch|p1a: Espeon|Espeon, M, shiny|334\/334
|turn|19
|
|move|p1a: Espeon|Psyshock|p2a: Togekiss
|-damage|p2a: Togekiss|258\/373
|move|p2a: Togekiss|Air Slash|p1a: Espeon
|-damage|p1a: Espeon|219\/334
|
|-heal|p1a: Espeon|239\/334|[from] item: Leftovers
|-heal|p2a: Togekiss|281\/373|[from] item: Leftovers
|turn|20
|
|move|p1a: Espeon|Toxic|p2a: Togekiss
|-status|p2a: Togekiss|tox
|move|p2a: Togekiss|Air Slash|p1a: Espeon
|-crit|p1a: Espeon
|-damage|p1a: Espeon|68\/334
|
|-heal|p1a: Espeon|88\/334|[from] item: Leftovers
|-heal|p2a: Togekiss|304\/373 tox|[from] item: Leftovers
|-damage|p2a: Togekiss|281\/373 tox|[from] psn
|turn|21
|
|switch|p1a: Forretress|Forretress, F, shiny|67\/354
|move|p2a: Togekiss|Air Slash|p1a: Forretress
|-crit|p1a: Forretress
|-damage|p1a: Forretress|0 fnt
|faint|p1a: Forretress
|
|-heal|p2a: Togekiss|304\/373 tox|[from] item: Leftovers
|-damage|p2a: Togekiss|258\/373 tox|[from] psn
|
|switch|p1a: Espeon|Espeon, M, shiny|88\/334
|turn|22
|
|move|p1a: Espeon|Psyshock|p2a: Togekiss
|-damage|p2a: Togekiss|144\/373 tox
|move|p2a: Togekiss|Air Slash|p1a: Espeon
|-damage|p1a: Espeon|0 fnt
|faint|p1a: Espeon
|
|win|baenail
|raw|Ladder updating...
|raw|jjekpo's rating: 1095 &rarr; <strong>1067<\/strong><br \/>(-28 for losing)
|raw|baenail's rating: 1040 &rarr; <strong>1079<\/strong><br \/>(+39 for winning)
|leave|jjekpo
|player|p1