|join|axiom_alpha
|join|Gee Mick
|player|p1|axiom_alpha|33
|player|p2|Gee Mick|147
|gametype|singles
|gen|6
|tier|OU
|rated
|clearpoke
|poke|p1|Tyranitar, M
|poke|p1|Charizard, F
|poke|p1|Keldeo
|poke|p1|Latios, M
|poke|p1|Ferrothorn, M
|poke|p1|Landorus-Therian, M
|poke|p2|Hawlucha, M
|poke|p2|Landorus-Therian, M
|poke|p2|Empoleon, M
|poke|p2|Celebi
|poke|p2|Manectric, F
|poke|p2|Gengar, F
|rule|Swagger Clause: Swagger is banned
|rule|Baton Pass Clause: Limit one Pokémon knowing Baton Pass
|rule|Sleep Clause Mod: Limit one foe put to sleep
|rule|Species Clause: Limit one of each Pokémon
|rule|OHKO Clause: OHKO moves are banned
|rule|Moody Clause: Moody is banned
|rule|Evasion Moves Clause: Evasion moves are banned
|rule|Endless Battle Clause: Forcing endless battles is banned
|rule|HP Percentage Mod: HP is shown in percentages
|teampreview
|c|★Gee Mick|gl hf
|c|★axiom_alpha|u2
|
|start
|switch|p1a: Ferrothorn|Ferrothorn, M|352\/352
|switch|p2a: Hawlucha|Hawlucha, M|303\/303
|turn|1
|
|switch|p1a: Landorus-Therian|Landorus-Therian, M|381\/381
|-ability|p1a: Landorus-Therian|Intimidate|[of] p2a: Hawlucha
|-unboost|p2a: Hawlucha|atk|1
|move|p2a: Hawlucha|Substitute|p2a: Hawlucha
|-start|p2a: Hawlucha|Substitute
|-damage|p2a: Hawlucha|228\/303
|
|turn|2
|join|Slayermatty
|
|move|p2a: Hawlucha|Swords Dance|p2a: Hawlucha
|-boost|p2a: Hawlucha|atk|2
|move|p1a: Landorus-Therian|Stone Edge|p2a: Hawlucha
|-end|p2a: Hawlucha|Substitute
|
|turn|3
|
|move|p2a: Hawlucha|Swords Dance|p2a: Hawlucha
|-boost|p2a: Hawlucha|atk|2
|move|p1a: Landorus-Therian|Stone Edge|p2a: Hawlucha
|-damage|p2a: Hawlucha|97\/303
|-enditem|p2a: Hawlucha|Sitrus Berry|[eat]
|-heal|p2a: Hawlucha|172\/303|[from] item: Sitrus Berry
|
|turn|4
|
|switch|p1a: Ferrothorn|Ferrothorn, M|352\/352
|move|p2a: Hawlucha|Swords Dance|p2a: Hawlucha
|-boost|p2a: Hawlucha|atk|2
|
|turn|5
|
|move|p2a: Hawlucha|Substitute|p2a: Hawlucha
|-start|p2a: Hawlucha|Substitute
|-damage|p2a: Hawlucha|97\/303
|move|p1a: Ferrothorn|Gyro Ball|p2a: Hawlucha
|-end|p2a: Hawlucha|Substitute
|
|turn|6
|
|move|p1a: Ferrothorn|Protect|p1a: Ferrothorn
|-singleturn|p1a: Ferrothorn|Protect
|move|p2a: Hawlucha|High Jump Kick|p1a: Ferrothorn
|-activate|p1a: Ferrothorn|Protect
|-damage|p2a: Hawlucha|0 fnt|[from] highjumpkick
|faint|p2a: Hawlucha
|
|c|★Gee Mick|lmao
|c|★axiom_alpha|lol
|
|switch|p2a: Manectric|Manectric, F|287\/287
|turn|7
|
|switch|p1a: Latios|Latios, M|301\/301
|detailschange|p2a: Manectric|Manectric-Mega, F
|message|Manectric has Mega Evolved into Mega Manectric!
|-ability|p2a: Manectric|Intimidate|[of] p1a: Latios
|-unboost|p1a: Latios|atk|1
|move|p2a: Manectric|Flamethrower|p1a: Latios
|-resisted|p1a: Latios
|-damage|p1a: Latios|254\/301
|
|turn|8
|c|★Gee Mick|I would've swept
|c|★axiom_alpha|lando can take +4
|
|move|p2a: Manectric|Volt Switch|p1a: Latios
|-resisted|p1a: Latios
|-damage|p1a: Latios|195\/301
|c|★Gee Mick|no
|
|switch|p2a: Empoleon|Empoleon, M|371\/371
|move|p1a: Latios|Draco Meteor|p2a: Empoleon
|-resisted|p2a: Empoleon
|-damage|p2a: Empoleon|223\/371
|-unboost|p1a: Latios|spa|2
|-damage|p1a: Latios|165\/301|[from] item: Life Orb
|
|-heal|p2a: Empoleon|246\/371|[from] item: Leftovers
|turn|9
|c|★axiom_alpha|oh its a roll
|
|switch|p1a: Charizard|Charizard, F|297\/297
|switch|p2a: Manectric|Manectric-Mega, F|287\/287
|-ability|p2a: Manectric|Intimidate|[of] p1a: Charizard
|-unboost|p1a: Charizard|atk|1
|
|turn|10
|c|★Gee Mick|oh it actually takes it
|
|switch|p1a: Tyranitar|Tyranitar, M|341\/341
|-weather|Sandstorm
|move|p2a: Manectric|Volt Switch|p1a: Tyranitar
|-damage|p1a: Tyranitar|260\/341
|c|★axiom_alpha|ya
|
|switch|p2a: Landorus-Therian|Landorus-Therian, M|333\/333
|-ability|p2a: Landorus-Therian|Intimidate|[of] p1a: Tyranitar
|-unboost|p1a: Tyranitar|atk|1
|
|-weather|Sandstorm|[upkeep]
|turn|11
|
|switch|p1a: Charizard|Charizard, F|297\/297
|move|p2a: Landorus-Therian|Earthquake|p1a: Charizard
|-immune|p1a: Charizard|[msg]
|
|-weather|Sandstorm|[upkeep]
|-damage|p1a: Charizard|279\/297|[from] sandstorm
|turn|12
|
|detailschange|p1a: Charizard|Charizard-Mega-Y, F
|message|Charizard has Mega Evolved into Mega Charizard!
|-weather|SunnyDay
|move|p1a: Charizard|Fire Blast|p2a: Landorus-Therian|[miss]
|-miss|p1a: Charizard|p2a: Landorus-Therian
|move|p2a: Landorus-Therian|Stone Edge|p1a: Charizard
|-supereffective|p1a: Charizard
|-damage|p1a: Charizard|0 fnt
|faint|p1a: Charizard
|
|-weather|SunnyDay|[upkeep]
|c|★axiom_alpha|omfg
|c|★axiom_alpha|zard y destroys your team :\/
|c|★Gee Mick|yes it does
|
|switch|p1a: Keldeo|Keldeo|322\/322
|turn|13
|
|switch|p1a: Landorus-Therian|Landorus-Therian, M|381\/381
|-ability|p1a: Landorus-Therian|Intimidate|[of] p2a: Landorus-Therian
|-unboost|p2a: Landorus-Therian|atk|1
|switch|p2a: Celebi|Celebi|403\/403
|
|-weather|SunnyDay|[upkeep]
|turn|14
|
|move|p2a: Celebi|Recover|p2a: Celebi
|-fail|p2a: Celebi
|move|p1a: Landorus-Therian|Stealth Rock|p2a: Celebi
|-sidestart|p2: Gee Mick|move: Stealth Rock
|
|-weather|SunnyDay|[upkeep]
|turn|15
|
|move|p2a: Celebi|Stealth Rock|p1a: Landorus-Therian
|-sidestart|p1: axiom_alpha|move: Stealth Rock
|move|p1a: Landorus-Therian|U-turn|p2a: Celebi
|-crit|p2a: Celebi
|-supereffective|p2a: Celebi
|-damage|p2a: Celebi|31\/403
|c|★Gee Mick|I'm a turd
|
|switch|p1a: Keldeo|Keldeo|322\/322
|-damage|p1a: Keldeo|302\/322|[from] Stealth Rock
|
|-weather|SunnyDay|[upkeep]
|-heal|p2a: Celebi|56\/403|[from] item: Leftovers
|turn|16
|
|move|p1a: Keldeo|Hidden Power|p2a: Celebi
|-supereffective|p2a: Celebi
|-damage|p2a: Celebi|0 fnt
|faint|p2a: Celebi
|
|-weather|none
|
|switch|p2a: Manectric|Manectric-Mega, F|287\/287
|-damage|p2a: Manectric|252\/287|[from] Stealth Rock
|-ability|p2a: Manectric|Intimidate|[of] p1a: Keldeo
|-unboost|p1a: Keldeo|atk|1
|turn|17
|
|switch|p1a: Tyranitar|Tyranitar, M|260\/341
|-damage|p1a: Tyranitar|218\/341|[from] Stealth Rock
|-weather|Sandstorm
|move|p2a: Manectric|Hidden Power|p1a: Tyranitar
|-damage|p1a: Tyranitar|165\/341
|
|-weather|Sandstorm|[upkeep]
|-damage|p2a: Manectric|235\/287|[from] sandstorm
|turn|18
|
|move|p2a: Manectric|Volt Switch|p1a: Tyranitar
|-damage|p1a: Tyranitar|83\/341
|
|move|p1a: Tyranitar|Pursuit|p2a: Manectric|[from]Pursuit
|-damage|p2a: Manectric|69\/287
|switch|p2a: Landorus-Therian|Landorus-Therian, M|333\/333
|-damage|p2a: Landorus-Therian|292\/333|[from] Stealth Rock
|-ability|p2a: Landorus-Therian|Intimidate|[of] p1a: Tyranitar
|-unboost|p1a: Tyranitar|atk|1
|
|-weather|Sandstorm|[upkeep]
|-heal|p2a: Landorus-Therian|312\/333|[from] item: Leftovers
|turn|19
|
|switch|p1a: Ferrothorn|Ferrothorn, M|352\/352
|-damage|p1a: Ferrothorn|330\/352|[from] Stealth Rock
|move|p2a: Landorus-Therian|Stone Edge|p1a: Ferrothorn
|-resisted|p1a: Ferrothorn
|-damage|p1a: Ferrothorn|283\/352
|
|-weather|Sandstorm|[upkeep]
|-heal|p2a: Landorus-Therian|332\/333|[from] item: Leftovers
|-heal|p1a: Ferrothorn|305\/352|[from] item: Leftovers
|turn|20
|
|switch|p2a: Gengar|Gengar, F|261\/261
|-damage|p2a: Gengar|229\/261|[from] Stealth Rock
|move|p1a: Ferrothorn|Leech Seed|p2a: Gengar|[miss]
|-miss|p1a: Ferrothorn|p2a: Gengar
|
|-weather|Sandstorm|[upkeep]
|-damage|p2a: Gengar|213\/261|[from] sandstorm
|-heal|p1a: Ferrothorn|327\/352|[from] item: Leftovers
|turn|21
|c|★axiom_alpha|..
|c|★Gee Mick|I'm sorry oml
|
|switch|p1a: Landorus-Therian|Landorus-Therian, M|381\/381
|-damage|p1a: Landorus-Therian|334\/381|[from] Stealth Rock
|-ability|p1a: Landorus-Therian|Intimidate|[of] p2a: Gengar
|-unboost|p2a: Gengar|atk|1
|move|p2a: Gengar|Focus Blast|p1a: Landorus-Therian
|-resisted|p1a: Landorus-Therian
|-damage|p1a: Landorus-Therian|229\/381
|-damage|p2a: Gengar|187\/261|[from] item: Life Orb
|
|-weather|none
|-heal|p1a: Landorus-Therian|252\/381|[from] item: Leftovers
|turn|22
|
|move|p2a: Gengar|Shadow Ball|p1a: Landorus-Therian
|-damage|p1a: Landorus-Therian|34\/381
|-damage|p2a: Gengar|161\/261|[from] item: Life Orb
|move|p1a: Landorus-Therian|U-turn|p2a: Gengar
|-resisted|p2a: Gengar
|-damage|p2a: Gengar|134\/261
|
|switch|p1a: Tyranitar|Tyranitar, M|83\/341
|-damage|p1a: Tyranitar|41\/341|[from] Stealth Rock
|-weather|Sandstorm
|
|-weather|Sandstorm|[upkeep]
|-damage|p2a: Gengar|118\/261|[from] sandstorm
|turn|23
|
|move|p1a: Tyranitar|Pursuit|p2a: Gengar
|-supereffective|p2a: Gengar
|-damage|p2a: Gengar|0 fnt
|faint|p2a: Gengar
|
|-weather|Sandstorm|[upkeep]
|
|switch|p2a: Landorus-Therian|Landorus-Therian, M|332\/333
|-damage|p2a: Landorus-Therian|291\/333|[from] Stealth Rock
|-ability|p2a: Landorus-Therian|Intimidate|[of] p1a: Tyranitar
|-unboost|p1a: Tyranitar|atk|1
|turn|24
|
|move|p1a: Tyranitar|Pursuit|p2a: Landorus-Therian
|-damage|p2a: Landorus-Therian|239\/333
|move|p2a: Landorus-Therian|Swords Dance|p2a: Landorus-Therian
|-boost|p2a: Landorus-Therian|atk|2
|
|-weather|Sandstorm|[upkeep]
|-heal|p2a: Landorus-Therian|259\/333|[from] item: Leftovers
|turn|25
|
|switch|p1a: Landorus-Therian|Landorus-Therian, M|34\/381
|-damage|p1a: Landorus-Therian|0 fnt|[from] Stealth Rock
|faint|p1a: Landorus-Therian
|move|p2a: Landorus-Therian|Rock Polish|p2a: Landorus-Therian
|-boost|p2a: Landorus-Therian|spe|2
|
|-weather|Sandstorm|[upkeep]
|-heal|p2a: Landorus-Therian|279\/333|[from] item: Leftovers
|c|★axiom_alpha|im so dumb
|c|★Gee Mick|niiice
|c|★Gee Mick|We're both
|c|★axiom_alpha|why didnt i just sack lando
|
|switch|p1a: Ferrothorn|Ferrothorn, M|327\/352
|-damage|p1a: Ferrothorn|305\/352|[from] Stealth Rock
|turn|26
|
|move|p1a: Ferrothorn|Protect|p1a: Ferrothorn
|-singleturn|p1a: Ferrothorn|Protect
|move|p2a: Landorus-Therian|Earthquake|p1a: Ferrothorn
|-activate|p1a: Ferrothorn|Protect
|
|-weather|none
|-heal|p2a: Landorus-Therian|299\/333|[from] item: Leftovers
|-heal|p1a: Ferrothorn|327\/352|[from] item: Leftovers
|turn|27
|c|★Gee Mick|BRO
|c|★Gee Mick|NEVER DO THAT
|c|★Gee Mick|I nearly SD'ed
|
|move|p2a: Landorus-Therian|Earthquake|p1a: Ferrothorn
|-damage|p1a: Ferrothorn|45\/352
|move|p1a: Ferrothorn|Gyro Ball|p2a: Landorus-Therian
|-damage|p2a: Landorus-Therian|112\/333
|
|-heal|p2a: Landorus-Therian|132\/333|[from] item: Leftovers
|-heal|p1a: Ferrothorn|67\/352|[from] item: Leftovers
|turn|28
|
|switch|p1a: Tyranitar|Tyranitar, M|41\/341
|-damage|p1a: Tyranitar|0 fnt|[from] Stealth Rock
|faint|p1a: Tyranitar
|move|p2a: Landorus-Therian|Earthquake|p1: Tyranitar|[notarget]
|-notarget
|
|-heal|p2a: Landorus-Therian|152\/333|[from] item: Leftovers
|
|switch|p1a: Keldeo|Keldeo|302\/322
|-damage|p1a: Keldeo|282\/322|[from] Stealth Rock
|turn|29
|
|move|p2a: Landorus-Therian|Earthquake|p1a: Keldeo
|-damage|p1a: Keldeo|0 fnt
|faint|p1a: Keldeo
|
|-heal|p2a: Landorus-Therian|172\/333|[from] item: Leftovers
|c|★axiom_alpha|fucking miss
|c|★Gee Mick|ah nice bluff
|
|switch|p1a: Latios|Latios, M|165\/301
|-damage|p1a: Latios|128\/301|[from] Stealth Rock
|turn|30
|
|move|p2a: Landorus-Therian|Stone Edge|p1a: Latios
|-crit|p1a: Latios
|-damage|p1a: Latios|0 fnt
|faint|p1a: Latios
|
|-heal|p2a: Landorus-Therian|192\/333|[from] item: Leftovers
|c|★Gee Mick|LANDO
|-message|axiom_alpha forfeited.
|leave|axiom_alpha
|
|win|Gee Mick
|raw|Ladder updating...
|player|p1
|c|★Gee Mick|BEAST
|raw|axiom_alpha's rating: 1918 &rarr; <strong>1885<\/strong><br \/>(-33 for losing)
|raw|Gee Mick's rating: 1628 &rarr; <strong>1662<\/strong><br \/>(+34 for winning)
|leave|Slayermatty