|join|axiom_alpha
|join|uCan'tSeeMe
|player|p1|axiom_alpha|33
|player|p2|uCan'tSeeMe|211
|gametype|singles
|gen|6
|tier|OU
|clearpoke
|poke|p1|Talonflame, F
|poke|p1|Pinsir, M
|poke|p1|Excadrill, F
|poke|p1|Azumarill, F
|poke|p1|Garchomp, F
|poke|p1|Latios, M
|poke|p2|Tornadus-Therian, M
|poke|p2|Manectric, F
|poke|p2|Crawdaunt, M
|poke|p2|Empoleon, F
|poke|p2|Togekiss, F
|poke|p2|Landorus-Therian, M
|rule|Swagger Clause: Swagger is banned
|rule|Baton Pass Clause: Limit one Pokémon knowing Baton Pass
|rule|Sleep Clause Mod: Limit one foe put to sleep
|rule|Species Clause: Limit one of each Pokémon
|rule|OHKO Clause: OHKO moves are banned
|rule|Moody Clause: Moody is banned
|rule|Evasion Moves Clause: Evasion moves are banned
|rule|Endless Battle Clause: Forcing endless battles is banned
|rule|HP Percentage Mod: HP is shown in percentages
|teampreview
|c|★axiom_alpha|hf
|c|★uCan'tSeeMe|oha direkt hyper offense lol
|c|★uCan'tSeeMe|lead
|c|★uCan'tSeeMe|du fängst an
|c|★uCan'tSeeMe|dann nächste runde ich
|join|CleanerThanRotom-W
|c|★axiom_alpha|kk
|c|★uCan'tSeeMe|sag
|c|★axiom_alpha|ill lead chomp
|c|★uCan'tSeeMe|manetric
|
|start
|switch|p1a: Garchomp|Garchomp, F|357\/357
|switch|p2a: Manectric|Manectric, F|281\/281
|turn|1
|c|★axiom_alpha|stealth rock
|c|★uCan'tSeeMe|togekiss
|
|switch|p2a: Togekiss|Togekiss, F|312\/312
|move|p1a: Garchomp|Stealth Rock|p2a: Togekiss
|-sidestart|p2: uCan'tSeeMe|move: Stealth Rock
|
|turn|2
|c|★axiom_alpha|jz du erst?
|c| CleanerThanRotom-W|lol
|c|★uCan'tSeeMe|air slash
|c|★uCan'tSeeMe|cleaner
|c| CleanerThanRotom-W|yes
|c|★uCan'tSeeMe|we have to say what we do
|c|★uCan'tSeeMe|but
|c|★axiom_alpha|excadrill
|c|★uCan'tSeeMe|we can lie 5 times
|c| CleanerThanRotom-W|lol
|
|switch|p1a: Excadrill|Excadrill, F|367\/367
|-ability|p1a: Excadrill|Mold Breaker
|move|p2a: Togekiss|Air Slash|p1a: Excadrill
|-resisted|p1a: Excadrill
|-damage|p1a: Excadrill|268\/367
|
|turn|3
|c| CleanerThanRotom-W|thats what cosine can do best
|c| CleanerThanRotom-W|lying
|c| CleanerThanRotom-W|...
|c|★uCan'tSeeMe|lol
|c|★axiom_alpha|iron head
|c|★uCan'tSeeMe|landorus
|
|switch|p2a: Landorus-Therian|Landorus-Therian, M|327\/327
|-damage|p2a: Landorus-Therian|287\/327|[from] Stealth Rock
|-ability|p2a: Landorus-Therian|Intimidate|[of] p1a: Excadrill
|-unboost|p1a: Excadrill|atk|1
|move|p1a: Excadrill|Iron Head|p2a: Landorus-Therian
|-damage|p2a: Landorus-Therian|178\/327
|
|turn|4
|c|★uCan'tSeeMe|u turn
|c|★axiom_alpha|garchomp
|
|switch|p1a: Garchomp|Garchomp, F|357\/357
|move|p2a: Landorus-Therian|Earthquake|p1a: Garchomp
|-damage|p1a: Garchomp|167\/357
|
|turn|5
|c|★axiom_alpha|talonflame
|c|★uCan'tSeeMe|manetric
|c|★uCan'tSeeMe|ah ne
|c|★uCan'tSeeMe|empoleon
|
|switch|p2a: Empoleon|Empoleon, F|372\/372
|-damage|p2a: Empoleon|349\/372|[from] Stealth Rock
|move|p1a: Garchomp|Earthquake|p2a: Empoleon
|-supereffective|p2a: Empoleon
|-damage|p2a: Empoleon|42\/372
|-damage|p1a: Garchomp|132\/357|[from] item: Life Orb
|
|-heal|p2a: Empoleon|65\/372|[from] item: Leftovers
|turn|6
|c|★uCan'tSeeMe|shit
|c|★uCan'tSeeMe|togekiss
|c|★axiom_alpha|earthquake
|
|switch|p2a: Togekiss|Togekiss, F|312\/312
|-damage|p2a: Togekiss|234\/312|[from] Stealth Rock
|move|p1a: Garchomp|Earthquake|p2a: Togekiss
|-immune|p2a: Togekiss|[msg]
|
|turn|7
|c|★axiom_alpha|fire blast
|c|★uCan'tSeeMe|roost
|
|move|p1a: Garchomp|Fire Blast|p2a: Togekiss
|-damage|p2a: Togekiss|127\/312
|-damage|p1a: Garchomp|97\/357|[from] item: Life Orb
|move|p2a: Togekiss|Roost|p2a: Togekiss
|-heal|p2a: Togekiss|283\/312
|
|turn|8
|c|★uCan'tSeeMe|air slash
|c|★axiom_alpha|fire blast
|
|move|p1a: Garchomp|Fire Blast|p2a: Togekiss
|-damage|p2a: Togekiss|178\/312
|-damage|p1a: Garchomp|62\/357|[from] item: Life Orb
|move|p2a: Togekiss|Air Slash|p1a: Garchomp
|-damage|p1a: Garchomp|0 fnt
|faint|p1a: Garchomp
|
|c|★axiom_alpha|pinsir :]]]
|
|switch|p1a: Pinsir|Pinsir, M|271\/271
|turn|9
|c|★uCan'tSeeMe|move
|c|★uCan'tSeeMe|?
|c|★axiom_alpha|frustration
|c|★axiom_alpha|ur move?
|c|★uCan'tSeeMe|crawdaunt
|
|switch|p2a: Crawdaunt|Crawdaunt, M|269\/269
|-damage|p2a: Crawdaunt|236\/269|[from] Stealth Rock
|detailschange|p1a: Pinsir|Pinsir-Mega, M
|message|Pinsir has Mega Evolved into Mega Pinsir!
|move|p1a: Pinsir|Substitute|p1a: Pinsir
|-start|p1a: Pinsir|Substitute
|-damage|p1a: Pinsir|204\/271
|
|turn|10
|c|★axiom_alpha|lol
|c|★axiom_alpha|n2
|c|★axiom_alpha|frustration
|c|★uCan'tSeeMe|jet
|
|move|p2a: Crawdaunt|Aqua Jet|p1a: Pinsir
|-end|p1a: Pinsir|Substitute
|-damage|p2a: Crawdaunt|210\/269|[from] item: Life Orb
|move|p1a: Pinsir|Frustration|p2a: Crawdaunt
|-crit|p2a: Crawdaunt
|-damage|p2a: Crawdaunt|0 fnt
|faint|p2a: Crawdaunt
|
|
|switch|p2a: Manectric|Manectric, F|281\/281
|-damage|p2a: Manectric|246\/281|[from] Stealth Rock
|turn|11
|c|★uCan'tSeeMe|tie
|c|★uCan'tSeeMe|lol
|c|★uCan'tSeeMe|tbolt
|c|★axiom_alpha|latios
|
|switch|p1a: Latios|Latios, M|302\/302
|detailschange|p2a: Manectric|Manectric-Mega, F
|message|Manectric has Mega Evolved into Mega Manectric!
|-ability|p2a: Manectric|Intimidate|[of] p1a: Latios
|-unboost|p1a: Latios|atk|1
|move|p2a: Manectric|Overheat|p1a: Latios
|-resisted|p1a: Latios
|-damage|p1a: Latios|226\/302
|-unboost|p2a: Manectric|spa|2
|
|turn|12
|c|★axiom_alpha|auch n2?
|c|★uCan'tSeeMe|ja
|c|★axiom_alpha|psyshock
|c|★uCan'tSeeMe|volt switch
|
|move|p2a: Manectric|Volt Switch|p1a: Latios
|-resisted|p1a: Latios
|-damage|p1a: Latios|196\/302
|
|switch|p2a: Togekiss|Togekiss, F|178\/312
|-damage|p2a: Togekiss|100\/312|[from] Stealth Rock
|move|p1a: Latios|Psyshock|p2a: Togekiss
|-damage|p2a: Togekiss|0 fnt
|-damage|p1a: Latios|166\/302|[from] item: Life Orb
|faint|p2a: Togekiss
|
|
|switch|p2a: Tornadus-Therian|Tornadus-Therian, M|332\/332
|-damage|p2a: Tornadus-Therian|249\/332|[from] Stealth Rock
|turn|13
|c|★uCan'tSeeMe|knock off
|c|★axiom_alpha|draco
|
|move|p2a: Tornadus-Therian|Knock Off|p1a: Latios
|-supereffective|p1a: Latios
|-damage|p1a: Latios|0 fnt
|-enditem|p1a: Latios|Life Orb|[from] move: Knock Off|[of] p2a: Tornadus-Therian
|faint|p1a: Latios
|
|
|switch|p1a: Azumarill|Azumarill, F|399\/399
|turn|14
|c|★axiom_alpha|waterfall
|c|★uCan'tSeeMe|hurricane
|
|move|p2a: Tornadus-Therian|Hurricane|p1a: Azumarill
|-damage|p1a: Azumarill|276\/399
|-start|p1a: Azumarill|confusion
|-activate|p1a: Azumarill|confusion
|-damage|p1a: Azumarill|204\/399|[from] confusion
|
|turn|15
|c|★uCan'tSeeMe|hurricane
|c|★axiom_alpha|shit
|c|★axiom_alpha|waterfall
|
|move|p2a: Tornadus-Therian|Hurricane|p1a: Azumarill
|-damage|p1a: Azumarill|77\/399
|-activate|p1a: Azumarill|confusion
|-damage|p1a: Azumarill|12\/399|[from] confusion
|
|turn|16
|c|★axiom_alpha|omg
|c|★axiom_alpha|aqua jet
|c|★uCan'tSeeMe|knock off
|
|-end|p1a: Azumarill|confusion
|move|p1a: Azumarill|Aqua Jet|p2a: Tornadus-Therian
|-damage|p2a: Tornadus-Therian|144\/332
|move|p2a: Tornadus-Therian|Knock Off|p1a: Azumarill
|-resisted|p1a: Azumarill
|-damage|p1a: Azumarill|0 fnt
|-enditem|p1a: Azumarill|Assault Vest|[from] move: Knock Off|[of] p2a: Tornadus-Therian
|faint|p1a: Azumarill
|
|
|switch|p1a: Excadrill|Excadrill, F|268\/367
|-ability|p1a: Excadrill|Mold Breaker
|turn|17
|c|★axiom_alpha|iron head
|c|★uCan'tSeeMe|ich war dran
|c|★uCan'tSeeMe|nerd
|c|★axiom_alpha|egal
|c|★uCan'tSeeMe|hmm
|c|★uCan'tSeeMe|empo
|
|switch|p2a: Empoleon|Empoleon, F|65\/372
|-damage|p2a: Empoleon|42\/372|[from] Stealth Rock
|move|p1a: Excadrill|Iron Head|p2a: Empoleon
|-resisted|p2a: Empoleon
|-damage|p2a: Empoleon|9\/372
|
|-heal|p2a: Empoleon|32\/372|[from] item: Leftovers
|turn|18
|c|★axiom_alpha|nochma
|
|move|p1a: Excadrill|Iron Head|p2a: Empoleon
|-resisted|p2a: Empoleon
|-damage|p2a: Empoleon|0 fnt
|faint|p2a: Empoleon
|
|c|★uCan'tSeeMe|rocks
|
|switch|p2a: Landorus-Therian|Landorus-Therian, M|178\/327
|-damage|p2a: Landorus-Therian|138\/327|[from] Stealth Rock
|-ability|p2a: Landorus-Therian|Intimidate|[of] p1a: Excadrill
|-unboost|p1a: Excadrill|atk|1
|turn|19
|c|★uCan'tSeeMe|hmmm
|c|★uCan'tSeeMe|u turn
|c|★axiom_alpha|pinsir
|
|switch|p1a: Pinsir|Pinsir-Mega, M|204\/271
|move|p2a: Landorus-Therian|U-turn|p1a: Pinsir
|-resisted|p1a: Pinsir
|-damage|p1a: Pinsir|167\/271
|
|switch|p2a: Manectric|Manectric-Mega, F|246\/281
|-damage|p2a: Manectric|211\/281|[from] Stealth Rock
|-ability|p2a: Manectric|Intimidate|[of] p1a: Pinsir
|-unboost|p1a: Pinsir|atk|1
|
|turn|20
|c|★axiom_alpha|exca
|c|★uCan'tSeeMe|overheat
|
|switch|p1a: Talonflame|Talonflame, F|317\/317
|move|p2a: Manectric|Overheat|p1a: Talonflame
|-crit|p1a: Talonflame
|-resisted|p1a: Talonflame
|-damage|p1a: Talonflame|166\/317
|-unboost|p2a: Manectric|spa|2
|
|turn|21
|c|★uCan'tSeeMe|tbolt
|c|★axiom_alpha|exca
|
|switch|p1a: Excadrill|Excadrill, F|268\/367
|-ability|p1a: Excadrill|Mold Breaker
|move|p2a: Manectric|Overheat|p1a: Excadrill
|-supereffective|p1a: Excadrill
|-damage|p1a: Excadrill|36\/367
|-unboost|p2a: Manectric|spa|2
|
|turn|22
|c|★axiom_alpha|iron head
|
|switch|p2a: Tornadus-Therian|Tornadus-Therian, M|254\/332
|-damage|p2a: Tornadus-Therian|171\/332|[from] Stealth Rock
|move|p1a: Excadrill|Iron Head|p2a: Tornadus-Therian
|-damage|p2a: Tornadus-Therian|0 fnt
|faint|p2a: Tornadus-Therian
|
|c|★uCan'tSeeMe|oh
|c|★uCan'tSeeMe|sorry
|c|★uCan'tSeeMe|tornadus
|c|★axiom_alpha|loool
|c|★uCan'tSeeMe|hatte getippt aber nicht enter
|
|switch|p2a: Landorus-Therian|Landorus-Therian, M|138\/327
|-damage|p2a: Landorus-Therian|98\/327|[from] Stealth Rock
|-ability|p2a: Landorus-Therian|Intimidate|[of] p1a: Excadrill
|-unboost|p1a: Excadrill|atk|1
|turn|23
|c|★uCan'tSeeMe|u turn
|c|★axiom_alpha|pinsir
|
|switch|p1a: Pinsir|Pinsir-Mega, M|167\/271
|move|p2a: Landorus-Therian|Stone Edge|p1a: Pinsir
|-supereffective|p1a: Pinsir
|-damage|p1a: Pinsir|0 fnt
|faint|p1a: Pinsir
|
|
|switch|p1a: Talonflame|Talonflame, F|166\/317
|turn|24
|c|★axiom_alpha|brave bird
|c|★uCan'tSeeMe|ah du gewinnst
|c|★axiom_alpha|ja uturn waer besser
|c|★uCan'tSeeMe|ja
|c|★axiom_alpha|dann waers n 5050
|c|★uCan'tSeeMe|gg
|
|move|p1a: Talonflame|Brave Bird|p2a: Landorus-Therian
|-damage|p2a: Landorus-Therian|0 fnt
|-damage|p1a: Talonflame|134\/317|[from] recoil|[of] p2a: Landorus-Therian
|faint|p2a: Landorus-Therian
|
|c|★axiom_alpha|gg!
|
|switch|p2a: Manectric|Manectric-Mega, F|211\/281
|-damage|p2a: Manectric|176\/281|[from] Stealth Rock
|-ability|p2a: Manectric|Intimidate|[of] p1a: Talonflame
|-unboost|p1a: Talonflame|atk|1
|turn|25
|
|move|p1a: Talonflame|Brave Bird|p2a: Manectric
|-resisted|p2a: Manectric
|-damage|p2a: Manectric|78\/281
|-damage|p1a: Talonflame|102\/317|[from] recoil|[of] p2a: Manectric
|move|p2a: Manectric|Thunderbolt|p1a: Talonflame
|-supereffective|p1a: Talonflame
|-damage|p1a: Talonflame|0 fnt
|faint|p1a: Talonflame
|
|
|switch|p1a: Excadrill|Excadrill, F|36\/367
|-ability|p1a: Excadrill|Mold Breaker
|turn|26
|c|★uCan'tSeeMe|macht voll bock
|c|★axiom_alpha|rapid spin
|c|★uCan'tSeeMe|tbolt
|c|★axiom_alpha|:]
|
|move|p2a: Manectric|Hidden Power|p1a: Excadrill
|-damage|p1a: Excadrill|0 fnt
|faint|p1a: Excadrill
|
|win|uCan'tSeeMe
|c|★uCan'tSeeMe|LOL
|c|★axiom_alpha|LOOOOL
|c|★axiom_alpha|wtf
|c|★uCan'tSeeMe|LOOOOOL
|c|★uCan'tSeeMe|LOOOOOOOOOOOOOOOOOOL
|c| CleanerThanRotom-W|LOL
|c|★axiom_alpha|haeeeeee
|c|★uCan'tSeeMe|REKT
|c|★axiom_alpha|wth 
|c|★uCan'tSeeMe|ADAMANT
|c|★uCan'tSeeMe|??
|c|★uCan'tSeeMe|AHAHAHA
|c|★axiom_alpha|yea