|join|Mcnoodlenose
|join|dtw
|player|p1|Mcnoodlenose|2
|player|p2|dtw|1
|gametype|singles
|gen|6
|tier|OU
|rated
|clearpoke
|poke|p1|Keldeo
|poke|p1|Latios, M
|poke|p1|Bisharp, M, shiny
|poke|p1|Mawile, F
|poke|p1|Garchomp, F, shiny
|poke|p1|Thundurus, M
|poke|p2|Diancie
|poke|p2|Keldeo
|poke|p2|Landorus, M
|poke|p2|Tyranitar, F
|poke|p2|Zapdos
|poke|p2|Scizor, F
|rule|Swagger Clause: Swagger is banned
|rule|Baton Pass Clause: Limit one Pokémon knowing Baton Pass
|rule|Sleep Clause Mod: Limit one foe put to sleep
|rule|Species Clause: Limit one of each Pokémon
|rule|OHKO Clause: OHKO moves are banned
|rule|Moody Clause: Moody is banned
|rule|Evasion Moves Clause: Evasion moves are banned
|rule|Endless Battle Clause: Forcing endless battles is banned
|rule|HP Percentage Mod: HP is reported as percentages
|teampreview
|
|start
|switch|p1a: Garchomp|Garchomp, F, shiny|358\/358
|switch|p2a: Diancie|Diancie|304\/304
|turn|1
|
|move|p1a: Garchomp|Stealth Rock|p2a: Diancie
|-sidestart|p2: dtw|move: Stealth Rock
|move|p2a: Diancie|Stealth Rock|p1a: Garchomp
|-sidestart|p1: Mcnoodlenose|move: Stealth Rock
|
|turn|2
|
|move|p1a: Garchomp|Swords Dance|p1a: Garchomp
|-boost|p1a: Garchomp|atk|2
|move|p2a: Diancie|Moonblast|p1a: Garchomp
|-supereffective|p1a: Garchomp
|-damage|p1a: Garchomp|14\/358
|-unboost|p1a: Garchomp|spa|1
|
|turn|3
|
|move|p1a: Garchomp|Earthquake|p2a: Diancie
|-supereffective|p2a: Diancie
|-damage|p2a: Diancie|0 fnt
|faint|p2a: Diancie
|
|
|switch|p2a: Keldeo|Keldeo|322\/322
|-damage|p2a: Keldeo|302\/322|[from] Stealth Rock
|turn|4
|
|move|p2a: Keldeo|Secret Sword|p1a: Garchomp
|-damage|p1a: Garchomp|0 fnt
|faint|p1a: Garchomp
|
|
|switch|p1a: Latios|Latios, M|302\/302
|-damage|p1a: Latios|265\/302|[from] Stealth Rock
|turn|5
|
|switch|p1a: Keldeo|Keldeo|323\/323
|-damage|p1a: Keldeo|303\/323|[from] Stealth Rock
|switch|p2a: Zapdos|Zapdos|384\/384
|-damage|p2a: Zapdos|288\/384|[from] Stealth Rock
|-ability|p2a: Zapdos|Pressure
|
|-heal|p2a: Zapdos|312\/384|[from] item: Leftovers
|turn|6
|
|move|p1a: Keldeo|Hydro Pump|p2a: Zapdos|[miss]
|-miss|p1a: Keldeo|p2a: Zapdos
|move|p2a: Zapdos|Volt Switch|p1a: Keldeo
|-supereffective|p1a: Keldeo
|-damage|p1a: Keldeo|75\/323
|
|switch|p2a: Scizor|Scizor, F|343\/343
|-damage|p2a: Scizor|301\/343|[from] Stealth Rock
|
|turn|7
|
|move|p2a: Scizor|Bullet Punch|p1a: Keldeo
|-resisted|p1a: Keldeo
|-damage|p1a: Keldeo|0 fnt
|faint|p1a: Keldeo
|
|
|switch|p1a: Bisharp|Bisharp, M, shiny|272\/272
|-damage|p1a: Bisharp|255\/272|[from] Stealth Rock
|turn|8
|
|move|p2a: Scizor|Bullet Punch|p1a: Bisharp
|-resisted|p1a: Bisharp
|-damage|p1a: Bisharp|165\/272
|move|p1a: Bisharp|Knock Off|p2a: Scizor
|-damage|p2a: Scizor|75\/343
|-enditem|p2a: Scizor|Choice Band|[from] move: Knock Off|[of] p1a: Bisharp
|-damage|p1a: Bisharp|138\/272|[from] item: Life Orb
|
|turn|9
|
|move|p2a: Scizor|Bullet Punch|p1a: Bisharp
|-crit|p1a: Bisharp
|-resisted|p1a: Bisharp
|-damage|p1a: Bisharp|50\/272
|move|p1a: Bisharp|Knock Off|p2a: Scizor
|-damage|p2a: Scizor|0 fnt
|-damage|p1a: Bisharp|23\/272|[from] item: Life Orb
|faint|p2a: Scizor
|
|
|switch|p2a: Keldeo|Keldeo|302\/322
|-damage|p2a: Keldeo|282\/322|[from] Stealth Rock
|turn|10
|
|move|p1a: Bisharp|Sucker Punch|p2a: Keldeo
|-resisted|p2a: Keldeo
|-damage|p2a: Keldeo|183\/322
|-boost|p2a: Keldeo|atk|1|[from] ability: Justified
|-damage|p1a: Bisharp|0 fnt|[from] item: Life Orb
|faint|p1a: Bisharp
|move|p2a: Keldeo|Secret Sword|p1: Bisharp|[notarget]
|-notarget
|
|
|switch|p1a: Latios|Latios, M|265\/302
|-damage|p1a: Latios|228\/302|[from] Stealth Rock
|turn|11
|
|switch|p2a: Zapdos|Zapdos|312\/384
|-damage|p2a: Zapdos|216\/384|[from] Stealth Rock
|-ability|p2a: Zapdos|Pressure
|move|p1a: Latios|Draco Meteor|p2a: Zapdos
|-damage|p2a: Zapdos|0 fnt
|-unboost|p1a: Latios|spa|2
|-damage|p1a: Latios|198\/302|[from] item: Life Orb
|faint|p2a: Zapdos
|
|
|switch|p2a: Tyranitar|Tyranitar, F|341\/341
|-damage|p2a: Tyranitar|299\/341|[from] Stealth Rock
|-weather|Sandstorm
|turn|12
|
|detailschange|p2a: Tyranitar|Tyranitar-Mega, F
|message|Tyranitar has Mega Evolved into Mega Tyranitar!
|move|p1a: Latios|Defog|p2a: Tyranitar
|-unboost|p2a: Tyranitar|evasion|1
|-sideend|p2: dtw|Stealth Rock|[from] move: Defog|[of] p2a: Tyranitar
|-sideend|p1: Mcnoodlenose|Stealth Rock|[from] move: Defog|[of] p1a: Latios
|move|p2a: Tyranitar|Dragon Dance|p2a: Tyranitar
|-boost|p2a: Tyranitar|atk|1
|-boost|p2a: Tyranitar|spe|1
|
|-weather|Sandstorm|[upkeep]
|-damage|p1a: Latios|180\/302|[from] sandstorm
|turn|13
|
|move|p2a: Tyranitar|Crunch|p1a: Latios
|-supereffective|p1a: Latios
|-damage|p1a: Latios|0 fnt
|faint|p1a: Latios
|
|-weather|Sandstorm|[upkeep]
|
|switch|p1a: Thundurus|Thundurus, M|300\/300
|turn|14
|
|move|p1a: Thundurus|Thunder Wave|p2a: Tyranitar
|-status|p2a: Tyranitar|par
|cant|p2a: Tyranitar|par
|
|-weather|Sandstorm|[upkeep]
|-damage|p1a: Thundurus|282\/300|[from] sandstorm
|turn|15
|
|switch|p1a: Mawile|Mawile, F|278\/278
|-ability|p1a: Mawile|Intimidate|[of] p2a: Tyranitar
|-unboost|p2a: Tyranitar|atk|1
|move|p2a: Tyranitar|Crunch|p1a: Mawile
|-resisted|p1a: Mawile
|-damage|p1a: Mawile|194\/278
|
|-weather|Sandstorm|[upkeep]
|turn|16
|
|switch|p2a: Landorus|Landorus, M|319\/319
|detailschange|p1a: Mawile|Mawile-Mega, F
|message|Mawile has Mega Evolved into Mega Mawile!
|move|p1a: Mawile|Substitute|p1a: Mawile
|-start|p1a: Mawile|Substitute
|-damage|p1a: Mawile|125\/278
|
|-weather|none
|turn|17
|
|move|p2a: Landorus|Earth Power|p1a: Mawile
|-supereffective|p1a: Mawile
|-end|p1a: Mawile|Substitute
|move|p1a: Mawile|Play Rough|p2a: Landorus
|-damage|p2a: Landorus|0 fnt
|faint|p2a: Landorus
|
|
|switch|p2a: Keldeo|Keldeo|183\/322
|turn|18
|
|move|p1a: Mawile|Sucker Punch|p2a: Keldeo
|-resisted|p2a: Keldeo
|-damage|p2a: Keldeo|79\/322
|-boost|p2a: Keldeo|atk|1|[from] ability: Justified
|move|p2a: Keldeo|Secret Sword|p1a: Mawile
|-damage|p1a: Mawile|0 fnt
|faint|p1a: Mawile
|
|
|switch|p1a: Thundurus|Thundurus, M|282\/300
|turn|19
|
|move|p1a: Thundurus|Thunderbolt|p2a: Keldeo
|-supereffective|p2a: Keldeo
|-damage|p2a: Keldeo|0 fnt
|-damage|p1a: Thundurus|252\/300|[from] item: Life Orb
|faint|p2a: Keldeo
|
|
|switch|p2a: Tyranitar|Tyranitar-Mega, F|299\/341 par
|-weather|Sandstorm
|turn|20
|
|move|p1a: Thundurus|Thunderbolt|p2a: Tyranitar
|-damage|p2a: Tyranitar|181\/341 par
|-damage|p1a: Thundurus|222\/300|[from] item: Life Orb
|move|p2a: Tyranitar|Crunch|p1a: Thundurus
|-damage|p1a: Thundurus|0 fnt
|faint|p1a: Thundurus
|
|win|dtw
|raw|Ladder updating...
|raw|Mcnoodlenose's rating: 1712 &rarr; <strong>1689<\/strong><br \/>(-23 for losing)
|raw|dtw's rating: 1655 &rarr; <strong>1678<\/strong><br \/>(+23 for winning)
|chat|dtw|gg
|leave|Mcnoodlenose
|player|p1