|join|See TC
|join|PangoroHat
|player|p1|See TC|184
|player|p2|PangoroHat|115
|gametype|singles
|gen|6
|tier|OU
|rated
|clearpoke
|poke|p1|Moltres
|poke|p1|Donphan, M
|poke|p1|Registeel
|poke|p1|Hydreigon, M
|poke|p1|Sableye, F
|poke|p1|Ditto
|poke|p2|Jirachi
|poke|p2|Keldeo
|poke|p2|Talonflame, M
|poke|p2|Latios, M
|poke|p2|Altaria, M
|poke|p2|Landorus-Therian, M
|rule|Swagger Clause: Swagger is banned
|rule|Baton Pass Clause: Limit one Pokémon knowing Baton Pass
|rule|Sleep Clause Mod: Limit one foe put to sleep
|rule|Species Clause: Limit one of each Pokémon
|rule|OHKO Clause: OHKO moves are banned
|rule|Moody Clause: Moody is banned
|rule|Evasion Moves Clause: Evasion moves are banned
|rule|Endless Battle Clause: Forcing endless battles is banned
|rule|HP Percentage Mod: HP is shown in percentages
|teampreview
|join|BADY THE BAD
|c|★PangoroHat|see tc
|c|★PangoroHat|hahahaha
|
|start
|switch|p1a: Moltres|Moltres|321\/321
|switch|p2a: Sokka|Keldeo|323\/323
|-ability|p1a: Moltres|Pressure
|turn|1
|join|Like why are u bad
|
|move|p1a: Moltres|Hurricane|p2a: Sokka
|-supereffective|p2a: Sokka
|-damage|p2a: Sokka|0 fnt
|faint|p2a: Sokka
|
|c| Like why are u bad|owned
|c| Like why are u bad|PREDICTED
|c| Like why are u bad|OWNED
|c|★See TC|owned
|
|switch|p2a: Bolandorus|Landorus-Therian, M|365\/365
|-ability|p2a: Bolandorus|Intimidate|[of] p1a: Moltres
|-unboost|p1a: Moltres|atk|1
|turn|2
|c|★See TC|hurricane>your weak pitiful pathetic noob eam
|
|switch|p1a: wikid smaat ked|Sableye, F|304\/304
|move|p2a: Bolandorus|Stealth Rock|p1a: wikid smaat ked
|-sidestart|p1: See TC|move: Stealth Rock
|
|turn|3
|c|★PangoroHat|lol chill
|
|switch|p2a: zaheer|Talonflame, M|319\/319
|detailschange|p1a: wikid smaat ked|Sableye-Mega, F
|-mega|p1a: wikid smaat ked|Sableye|Sablenite
|move|p1a: wikid smaat ked|Will-O-Wisp|p2a: zaheer
|-fail|p2a: zaheer
|
|turn|4
|c|★See TC|like why
|c|★PangoroHat|bc your name is see tc do you even know ctc?
|
|switch|p1a: Donphan|Donphan, M|384\/384
|-damage|p1a: Donphan|360\/384|[from] Stealth Rock
|move|p2a: zaheer|Flare Blitz|p1a: Donphan
|-damage|p1a: Donphan|177\/384
|-damage|p2a: zaheer|259\/319|[from] recoil|[of] p1a: Donphan
|
|-heal|p1a: Donphan|201\/384|[from] item: Leftovers
|turn|5
|c|★See TC|i'm the don
|c|★See TC|ctc
|
|switch|p2a: Bolandorus|Landorus-Therian, M|365\/365
|-ability|p2a: Bolandorus|Intimidate|[of] p1a: Donphan
|-unboost|p1a: Donphan|atk|1
|move|p1a: Donphan|Rock Tomb|p2a: Bolandorus
|-damage|p2a: Bolandorus|327\/365
|-unboost|p2a: Bolandorus|spe|1
|
|-heal|p2a: Bolandorus|349\/365|[from] item: Leftovers
|-heal|p1a: Donphan|225\/384|[from] item: Leftovers
|turn|6
|c|★PangoroHat|you're not ctc ^^
|c|★See TC|you Are a Noob
|
|switch|p1a: itto|Ditto|300\/300
|-damage|p1a: itto|263\/300|[from] Stealth Rock
|-transform|p1a: itto|p2a: Bolandorus
|-ability|p1a: itto|Intimidate|[of] p2a: Bolandorus
|-unboost|p2a: Bolandorus|atk|1
|move|p2a: Bolandorus|Earthquake|p1a: itto
|-immune|p1a: itto|[msg]
|
|-heal|p2a: Bolandorus|365\/365|[from] item: Leftovers
|turn|7
|c|★See TC|this replay is going in my team workshop thread
|
|move|p1a: itto|Stealth Rock|p2a: Bolandorus
|-sidestart|p2: PangoroHat|move: Stealth Rock
|move|p2a: Bolandorus|U-turn|p1a: itto
|-resisted|p1a: itto
|-damage|p1a: itto|245\/300
|c|★PangoroHat|as if ctc posted replays
|c|★See TC|i do,,,
|c|★See TC|now get off my nuts nigga
|c| Like why are u bad|your the first one
|c|★PangoroHat|lol
|c| Like why are u bad|bow down to the based lord
|c|★See TC|like why are u bad is in idm w\/me knowhatmsayn
|c|★See TC|ur trash
|c| Like why are u bad|timestall? noob
|c|★See TC|smh @ ladder fagz,,,
|c| Like why are u bad|timestally the kid,,,
|
|switch|p2a: AsamiAlt|Altaria, M|291\/291
|-damage|p2a: AsamiAlt|219\/291|[from] Stealth Rock
|
|turn|8
|
|switch|p1a: Registeel|Registeel|363\/363
|-damage|p1a: Registeel|341\/363|[from] Stealth Rock
|detailschange|p2a: AsamiAlt|Altaria-Mega, M
|-mega|p2a: AsamiAlt|Altaria|Altarianite
|move|p2a: AsamiAlt|Dragon Dance|p2a: AsamiAlt
|-boost|p2a: AsamiAlt|atk|1
|-boost|p2a: AsamiAlt|spe|1
|
|turn|9
|
|move|p2a: AsamiAlt|Earthquake|p1a: Registeel
|-supereffective|p1a: Registeel
|-damage|p1a: Registeel|87\/363
|move|p1a: Registeel|Thunder Wave|p2a: AsamiAlt
|-status|p2a: AsamiAlt|par
|
|turn|10
|c| Like why are u bad|youre too good for this ladder lol
|c| Like why are u bad|like why
|c|★See TC|like why
|
|move|p1a: Registeel|Iron Head|p2a: AsamiAlt
|-supereffective|p2a: AsamiAlt
|-damage|p2a: AsamiAlt|85\/291 par
|move|p2a: AsamiAlt|Return|p1a: Registeel
|-resisted|p1a: Registeel
|-damage|p1a: Registeel|0 fnt
|faint|p1a: Registeel
|
|c|★See TC|nice hax!
|
|switch|p1a: Donphan|Donphan, M|225\/384
|-damage|p1a: Donphan|201\/384|[from] Stealth Rock
|turn|11
|c| Like why are u bad|eq altaria?
|c| Like why are u bad|you stole that from ctc
|
|switch|p2a: Bolandorus|Landorus-Therian, M|365\/365
|-damage|p2a: Bolandorus|320\/365|[from] Stealth Rock
|-ability|p2a: Bolandorus|Intimidate|[of] p1a: Donphan
|-unboost|p1a: Donphan|atk|1
|move|p1a: Donphan|Earthquake|p2a: Bolandorus
|-immune|p2a: Bolandorus|[msg]
|
|-heal|p2a: Bolandorus|342\/365|[from] item: Leftovers
|-heal|p1a: Donphan|225\/384|[from] item: Leftovers
|turn|12
|c| Like why are u bad|He has The innovative Sets
|
|switch|p1a: itto|Ditto|245\/300
|-damage|p1a: itto|208\/300|[from] Stealth Rock
|-transform|p1a: itto|p2a: Bolandorus
|-ability|p1a: itto|Intimidate|[of] p2a: Bolandorus
|-unboost|p2a: Bolandorus|atk|1
|move|p2a: Bolandorus|Earthquake|p1a: itto
|-immune|p1a: itto|[msg]
|
|-heal|p2a: Bolandorus|364\/365|[from] item: Leftovers
|turn|13
|
|move|p1a: itto|Stone Edge|p2a: Bolandorus
|-damage|p2a: Bolandorus|273\/365
|move|p2a: Bolandorus|U-turn|p1a: itto
|-resisted|p1a: itto
|-damage|p1a: itto|188\/300
|
|switch|p2a: Kuvirachi|Jirachi|404\/404
|-damage|p2a: Kuvirachi|379\/404|[from] Stealth Rock
|
|-heal|p2a: Kuvirachi|404\/404|[from] item: Leftovers
|turn|14
|c| Like why are u bad|timestally
|
|switch|p1a: wikid smaat ked|Sableye-Mega, F|304\/304
|-damage|p1a: wikid smaat ked|266\/304|[from] Stealth Rock
|move|p2a: Kuvirachi|Iron Head|p1a: wikid smaat ked
|-damage|p1a: wikid smaat ked|203\/304
|
|turn|15
|join|Druides
|c| Like why are u bad|the child
|
|move|p2a: Kuvirachi|Iron Head|p1a: wikid smaat ked
|-damage|p1a: wikid smaat ked|146\/304
|cant|p1a: wikid smaat ked|flinch
|
|turn|16
|
|move|p2a: Kuvirachi|Iron Head|p1a: wikid smaat ked
|-damage|p1a: wikid smaat ked|91\/304
|move|p1a: wikid smaat ked|Recover|p1a: wikid smaat ked
|-heal|p1a: wikid smaat ked|243\/304
|
|turn|17
|
|switch|p2a: AsamiAlt|Altaria-Mega, M|85\/291 par
|-damage|p2a: AsamiAlt|49\/291 par|[from] Stealth Rock
|move|p1a: wikid smaat ked|Will-O-Wisp|p2a: AsamiAlt
|-fail|p2a: AsamiAlt
|
|turn|18
|c| Like why are u bad|-
|
|switch|p1a: Donphan|Donphan, M|225\/384
|-damage|p1a: Donphan|201\/384|[from] Stealth Rock
|move|p2a: AsamiAlt|Roost|p2a: AsamiAlt
|-heal|p2a: AsamiAlt|195\/291 par
|
|-heal|p1a: Donphan|225\/384|[from] item: Leftovers
|turn|19
|
|switch|p2a: Bolandorus|Landorus-Therian, M|273\/365
|-damage|p2a: Bolandorus|228\/365|[from] Stealth Rock
|-ability|p2a: Bolandorus|Intimidate|[of] p1a: Donphan
|-unboost|p1a: Donphan|atk|1
|move|p1a: Donphan|Ice Shard|p2a: Bolandorus
|-supereffective|p2a: Bolandorus
|-damage|p2a: Bolandorus|124\/365
|
|-heal|p2a: Bolandorus|146\/365|[from] item: Leftovers
|-heal|p1a: Donphan|249\/384|[from] item: Leftovers
|turn|20
|
|move|p1a: Donphan|Ice Shard|p2a: Bolandorus
|-supereffective|p2a: Bolandorus
|-damage|p2a: Bolandorus|46\/365
|move|p2a: Bolandorus|Earthquake|p1a: Donphan
|-damage|p1a: Donphan|111\/384
|
|-heal|p2a: Bolandorus|68\/365|[from] item: Leftovers
|-heal|p1a: Donphan|135\/384|[from] item: Leftovers
|turn|21
|
|switch|p2a: Kuvirachi|Jirachi|404\/404
|-damage|p2a: Kuvirachi|379\/404|[from] Stealth Rock
|move|p1a: Donphan|Ice Shard|p2a: Kuvirachi
|-resisted|p2a: Kuvirachi
|-damage|p2a: Kuvirachi|361\/404
|
|-heal|p2a: Kuvirachi|386\/404|[from] item: Leftovers
|-heal|p1a: Donphan|159\/384|[from] item: Leftovers
|turn|22
|
|move|p2a: Kuvirachi|Iron Head|p1a: Donphan
|-damage|p1a: Donphan|83\/384
|move|p1a: Donphan|Knock Off|p2a: Kuvirachi
|-supereffective|p2a: Kuvirachi
|-damage|p2a: Kuvirachi|214\/404
|-enditem|p2a: Kuvirachi|Leftovers|[from] move: Knock Off|[of] p1a: Donphan
|
|-heal|p1a: Donphan|107\/384|[from] item: Leftovers
|turn|23
|
|move|p2a: Kuvirachi|Fire Punch|p1a: Donphan
|-damage|p1a: Donphan|53\/384
|move|p1a: Donphan|Earthquake|p2a: Kuvirachi
|-crit|p2a: Kuvirachi
|-supereffective|p2a: Kuvirachi
|-damage|p2a: Kuvirachi|0 fnt
|faint|p2a: Kuvirachi
|
|-heal|p1a: Donphan|77\/384|[from] item: Leftovers
|
|switch|p2a: Latiozai|Latios, M|301\/301
|-damage|p2a: Latiozai|264\/301|[from] Stealth Rock
|turn|24
|
|move|p2a: Latiozai|Psyshock|p1a: Donphan
|-damage|p1a: Donphan|0 fnt
|-damage|p2a: Latiozai|234\/301|[from] item: Life Orb
|faint|p1a: Donphan
|
|
|switch|p1a: Moltres|Moltres|321\/321
|-damage|p1a: Moltres|161\/321|[from] Stealth Rock
|-ability|p1a: Moltres|Pressure
|turn|25
|
|move|p1a: Moltres|Hurricane|p2a: Latiozai
|-damage|p2a: Latiozai|50\/301
|move|p2a: Latiozai|Draco Meteor|p1a: Moltres
|-damage|p1a: Moltres|0 fnt
|-unboost|p2a: Latiozai|spa|2
|-damage|p2a: Latiozai|20\/301|[from] item: Life Orb
|faint|p1a: Moltres
|
|
|switch|p1a: wikid smaat ked|Sableye-Mega, F|243\/304
|-damage|p1a: wikid smaat ked|205\/304|[from] Stealth Rock
|turn|26
|
|move|p2a: Latiozai|Defog|p1a: wikid smaat ked
|move|p1a: wikid smaat ked|Defog|p2a: Latiozai|[from]Magic Bounce
|-unboost|p2a: Latiozai|evasion|1
|-sideend|p2: PangoroHat|Stealth Rock|[from] move: Defog|[of] p2a: Latiozai
|-sideend|p1: See TC|Stealth Rock|[from] move: Defog|[of] p1a: wikid smaat ked
|move|p1a: wikid smaat ked|Calm Mind|p1a: wikid smaat ked
|-boost|p1a: wikid smaat ked|spa|1
|-boost|p1a: wikid smaat ked|spd|1
|
|turn|27
|
|move|p2a: Latiozai|Draco Meteor|p1a: wikid smaat ked
|-damage|p1a: wikid smaat ked|122\/304
|-unboost|p2a: Latiozai|spa|2
|-damage|p2a: Latiozai|0 fnt|[from] item: Life Orb
|faint|p2a: Latiozai
|move|p1a: wikid smaat ked|Recover|p1a: wikid smaat ked
|-heal|p1a: wikid smaat ked|274\/304
|
|
|switch|p2a: AsamiAlt|Altaria-Mega, M|195\/291 par
|turn|28
|
|move|p1a: wikid smaat ked|Dark Pulse|p2a: AsamiAlt
|-resisted|p2a: AsamiAlt
|-damage|p2a: AsamiAlt|136\/291 par
|cant|p2a: AsamiAlt|par
|
|turn|29
|
|move|p1a: wikid smaat ked|Dark Pulse|p2a: AsamiAlt
|-resisted|p2a: AsamiAlt
|-damage|p2a: AsamiAlt|76\/291 par
|cant|p2a: AsamiAlt|flinch
|
|turn|30
|
|move|p1a: wikid smaat ked|Dark Pulse|p2a: AsamiAlt
|-resisted|p2a: AsamiAlt
|-damage|p2a: AsamiAlt|13\/291 par
|cant|p2a: AsamiAlt|par
|
|turn|31
|c| Like why are u bad|OWNED
|join|Apathos
|c|★PangoroHat|hahaha
|c| Like why are u bad|sableye>your pitiful pathetic worthless team
|c|★PangoroHat|so bad
|c|★See TC|lmao
|c|★See TC|u haxed me earlier
|c|★PangoroHat|did i
|c|★See TC|so shut the mouth homie
|
|move|p1a: wikid smaat ked|Dark Pulse|p2a: AsamiAlt
|-resisted|p2a: AsamiAlt
|-damage|p2a: AsamiAlt|0 fnt
|faint|p2a: AsamiAlt
|
|
|switch|p2a: zaheer|Talonflame, M|259\/319
|turn|32
|
|move|p2a: zaheer|Brave Bird|p1a: wikid smaat ked
|-damage|p1a: wikid smaat ked|127\/304
|-damage|p2a: zaheer|210\/319|[from] recoil|[of] p1a: wikid smaat ked
|move|p1a: wikid smaat ked|Dark Pulse|p2a: zaheer
|-damage|p2a: zaheer|51\/319
|
|turn|33
|join|ULT Jefo
|
|move|p2a: zaheer|Brave Bird|p1a: wikid smaat ked
|-damage|p1a: wikid smaat ked|0 fnt
|-damage|p2a: zaheer|9\/319|[from] recoil|[of] p1a: wikid smaat ked
|faint|p1a: wikid smaat ked
|
|
|switch|p1a: itto|Ditto|188\/300
|-transform|p1a: itto|p2a: zaheer
|turn|34
|
|move|p1a: itto|Brave Bird|p2a: zaheer
|-damage|p2a: zaheer|0 fnt
|-damage|p1a: itto|185\/300|[from] recoil|[of] p2a: zaheer
|faint|p2a: zaheer
|
|c|★See TC|gg fag
|c|★See TC|you're shit
|
|switch|p2a: Bolandorus|Landorus-Therian, M|68\/365
|-ability|p2a: Bolandorus|Intimidate|[of] p1a: itto
|-unboost|p1a: itto|atk|1
|turn|35
|c|★See TC|destroyed by ctc
|c|★PangoroHat|why do you imposter him
|c| Apathos|PangoroHat more like PangoroBad
|
|move|p1a: itto|Brave Bird|p2a: Bolandorus
|-damage|p2a: Bolandorus|0 fnt
|-damage|p1a: itto|163\/300|[from] recoil|[of] p2a: Bolandorus
|faint|p2a: Bolandorus
|
|win|See TC
|raw|Ladder updating...
|raw|See TC's rating: 1440 &rarr; <strong>1460<\/strong><br \/>(+20 for winning)
|raw|PangoroHat's rating: 1436 &rarr; <strong>1416<\/strong><br \/>(-20 for losing)
|leave|See TC
|player|p1
|join|See TC
|leave|See TC
|leave|Apathos
|leave|Druides
|join|Druides
|leave|Druides