|join|ULT Meowie
|join|Darkzami
|player|p1|ULT Meowie|160
|player|p2|Darkzami|136
|gametype|singles
|gen|6
|tier|UU
|rated
|rule|Sleep Clause Mod: Limit one foe put to sleep
|rule|Species Clause: Limit one of each Pokémon
|rule|OHKO Clause: OHKO moves are banned
|rule|Moody Clause: Moody is banned
|rule|Evasion Moves Clause: Evasion moves are banned
|rule|Endless Battle Clause: Forcing endless battles is banned
|rule|HP Percentage Mod: HP is shown in percentages
|clearpoke
|poke|p1|Medicham, M
|poke|p1|Swampert, M
|poke|p1|Reuniclus, M
|poke|p1|Hydreigon, M
|poke|p1|Jirachi
|poke|p1|Whimsicott, F
|poke|p2|Beedrill, M
|poke|p2|Empoleon, F
|poke|p2|Chandelure, F
|poke|p2|Snorlax, F, shiny
|poke|p2|Alomomola, M, shiny
|poke|p2|Crobat, M
|rule|Swagger Clause: Swagger is banned
|rule|Baton Pass Clause: Limit one Pokémon knowing Baton Pass
|teampreview
|
|start
|switch|p1a: Hydreigon|Hydreigon, M|325\/325
|switch|p2a: Sahara|Chandelure, F|305\/305
|turn|1
|
|switch|p2a: DabaMuscle|Snorlax, F, shiny|497\/497
|move|p1a: Hydreigon|Draco Meteor|p2a: DabaMuscle
|-damage|p2a: DabaMuscle|302\/497
|-unboost|p1a: Hydreigon|spa|2
|-damage|p1a: Hydreigon|293\/325|[from] item: Life Orb
|
|-heal|p2a: DabaMuscle|333\/497|[from] item: Leftovers
|turn|2
|
|move|p1a: Hydreigon|Superpower|p2a: DabaMuscle
|-supereffective|p2a: DabaMuscle
|-damage|p2a: DabaMuscle|42\/497
|-unboost|p1a: Hydreigon|atk|1
|-unboost|p1a: Hydreigon|def|1
|-damage|p1a: Hydreigon|261\/325|[from] item: Life Orb
|move|p2a: DabaMuscle|Body Slam|p1a: Hydreigon
|-damage|p1a: Hydreigon|78\/325
|
|-heal|p2a: DabaMuscle|73\/497|[from] item: Leftovers
|turn|3
|
|switch|p2a: Nemo|Alomomola, M, shiny|534\/534
|move|p1a: Hydreigon|Draco Meteor|p2a: Nemo
|-damage|p2a: Nemo|271\/534
|-unboost|p1a: Hydreigon|spa|2
|-damage|p1a: Hydreigon|46\/325|[from] item: Life Orb
|
|-heal|p2a: Nemo|304\/534|[from] item: Leftovers
|turn|4
|
|move|p1a: Hydreigon|Roost|p1a: Hydreigon
|-heal|p1a: Hydreigon|209\/325
|move|p2a: Nemo|Wish|p2a: Nemo
|
|-heal|p2a: Nemo|337\/534|[from] item: Leftovers
|turn|5
|
|move|p1a: Hydreigon|Superpower|p2a: Nemo
|-damage|p2a: Nemo|259\/534
|-unboost|p1a: Hydreigon|atk|1
|-unboost|p1a: Hydreigon|def|1
|-damage|p1a: Hydreigon|177\/325|[from] item: Life Orb
|move|p2a: Nemo|Toxic|p1a: Hydreigon
|-status|p1a: Hydreigon|tox
|
|-heal|p2a: Nemo|526\/534|[from] move: Wish|[wisher] Nemo
|-heal|p2a: Nemo|534\/534|[from] item: Leftovers
|-damage|p1a: Hydreigon|157\/325 tox|[from] psn
|turn|6
|
|move|p1a: Hydreigon|Roost|p1a: Hydreigon
|-heal|p1a: Hydreigon|320\/325 tox
|move|p2a: Nemo|Wish|p2a: Nemo
|
|-damage|p1a: Hydreigon|280\/325 tox|[from] psn
|turn|7
|
|switch|p1a: Reuniclus|Reuniclus, M|424\/424
|switch|p2a: DabaMuscle|Snorlax, F, shiny|73\/497
|
|-heal|p2a: DabaMuscle|340\/497|[from] move: Wish|[wisher] Nemo
|-heal|p2a: DabaMuscle|371\/497|[from] item: Leftovers
|turn|8
|
|move|p1a: Reuniclus|Calm Mind|p1a: Reuniclus
|-boost|p1a: Reuniclus|spa|1
|-boost|p1a: Reuniclus|spd|1
|move|p2a: DabaMuscle|Curse|p2a: DabaMuscle
|-boost|p2a: DabaMuscle|atk|1
|-boost|p2a: DabaMuscle|def|1
|-unboost|p2a: DabaMuscle|spe|1
|
|-heal|p2a: DabaMuscle|402\/497|[from] item: Leftovers
|turn|9
|
|switch|p1a: Whimsicott|Whimsicott, F|261\/261
|move|p2a: DabaMuscle|Curse|p2a: DabaMuscle
|-boost|p2a: DabaMuscle|atk|1
|-boost|p2a: DabaMuscle|def|1
|-unboost|p2a: DabaMuscle|spe|1
|
|-heal|p2a: DabaMuscle|433\/497|[from] item: Leftovers
|turn|10
|
|switch|p2a: Magellan|Crobat, M|311\/311
|move|p1a: Whimsicott|Encore|p2a: Magellan
|-fail|p2a: Magellan
|
|turn|11
|
|move|p1a: Whimsicott|Stun Spore|p2a: Magellan
|-status|p2a: Magellan|par
|move|p2a: Magellan|U-turn|p1a: Whimsicott
|-damage|p1a: Whimsicott|161\/261
|-damage|p2a: Magellan|280\/311 par|[from] item: Life Orb
|
|switch|p2a: Big shady|Empoleon, F|371\/371
|
|-heal|p1a: Whimsicott|177\/261|[from] item: Leftovers
|turn|12
|
|switch|p1a: Medicham|Medicham, M|261\/261
|move|p2a: Big shady|Stealth Rock|p1a: Medicham
|-sidestart|p1: ULT Meowie|move: Stealth Rock
|
|turn|13
|
|detailschange|p1a: Medicham|Medicham-Mega, M
|-mega|p1a: Medicham|Medicham|Medichamite
|move|p1a: Medicham|Zen Headbutt|p2a: Big shady|[miss]
|-miss|p1a: Medicham|p2a: Big shady
|move|p2a: Big shady|Scald|p1a: Medicham
|-damage|p1a: Medicham|150\/261
|
|turn|14
|
|switch|p2a: Nemo|Alomomola, M, shiny|534\/534
|move|p1a: Medicham|Zen Headbutt|p2a: Nemo
|-damage|p2a: Nemo|329\/534
|
|-heal|p2a: Nemo|362\/534|[from] item: Leftovers
|turn|15
|
|switch|p1a: Reuniclus|Reuniclus, M|424\/424
|move|p2a: Nemo|Wish|p2a: Nemo
|
|-heal|p2a: Nemo|395\/534|[from] item: Leftovers
|turn|16
|
|switch|p2a: DabaMuscle|Snorlax, F, shiny|433\/497
|move|p1a: Reuniclus|Calm Mind|p1a: Reuniclus
|-boost|p1a: Reuniclus|spa|1
|-boost|p1a: Reuniclus|spd|1
|
|-heal|p2a: DabaMuscle|497\/497|[from] move: Wish|[wisher] Nemo
|turn|17
|
|move|p1a: Reuniclus|Psyshock|p2a: DabaMuscle
|-damage|p2a: DabaMuscle|317\/497
|move|p2a: DabaMuscle|Curse|p2a: DabaMuscle
|-boost|p2a: DabaMuscle|atk|1
|-boost|p2a: DabaMuscle|def|1
|-unboost|p2a: DabaMuscle|spe|1
|
|-heal|p2a: DabaMuscle|348\/497|[from] item: Leftovers
|turn|18
|
|move|p1a: Reuniclus|Calm Mind|p1a: Reuniclus
|-boost|p1a: Reuniclus|spa|1
|-boost|p1a: Reuniclus|spd|1
|move|p2a: DabaMuscle|Curse|p2a: DabaMuscle
|-boost|p2a: DabaMuscle|atk|1
|-boost|p2a: DabaMuscle|def|1
|-unboost|p2a: DabaMuscle|spe|1
|
|-heal|p2a: DabaMuscle|379\/497|[from] item: Leftovers
|turn|19
|
|move|p1a: Reuniclus|Psyshock|p2a: DabaMuscle
|-damage|p2a: DabaMuscle|244\/497
|move|p2a: DabaMuscle|Crunch|p1a: Reuniclus
|-supereffective|p1a: Reuniclus
|-damage|p1a: Reuniclus|186\/424
|
|-heal|p1a: Reuniclus|212\/424|[from] item: Leftovers
|-heal|p2a: DabaMuscle|275\/497|[from] item: Leftovers
|turn|20
|
|move|p1a: Reuniclus|Recover|p1a: Reuniclus
|-heal|p1a: Reuniclus|424\/424
|move|p2a: DabaMuscle|Body Slam|p1a: Reuniclus
|-damage|p1a: Reuniclus|235\/424
|-status|p1a: Reuniclus|par
|
|-heal|p2a: DabaMuscle|306\/497|[from] item: Leftovers
|-heal|p1a: Reuniclus|261\/424 par|[from] item: Leftovers
|turn|21
|
|move|p2a: DabaMuscle|Crunch|p1a: Reuniclus
|-crit|p1a: Reuniclus
|-supereffective|p1a: Reuniclus
|-damage|p1a: Reuniclus|0 fnt
|faint|p1a: Reuniclus
|
|-heal|p2a: DabaMuscle|337\/497|[from] item: Leftovers
|
|switch|p1a: Medicham|Medicham-Mega, M|150\/261
|-damage|p1a: Medicham|134\/261|[from] Stealth Rock
|turn|22
|
|move|p1a: Medicham|High Jump Kick|p2a: DabaMuscle
|-supereffective|p2a: DabaMuscle
|-damage|p2a: DabaMuscle|0 fnt
|faint|p2a: DabaMuscle
|
|
|switch|p2a: Broken|Beedrill, M|271\/271
|turn|23
|
|switch|p1a: Swampert|Swampert, M|404\/404
|-damage|p1a: Swampert|379\/404|[from] Stealth Rock
|detailschange|p2a: Broken|Beedrill-Mega, M
|-mega|p2a: Broken|Beedrill|Beedrillite
|move|p2a: Broken|Protect|p2a: Broken
|-fail|p2a: Broken
|
|-heal|p1a: Swampert|404\/404|[from] item: Leftovers
|turn|24
|
|move|p2a: Broken|U-turn|p1a: Swampert
|-crit|p1a: Swampert
|-damage|p1a: Swampert|182\/404
|
|switch|p2a: Nemo|Alomomola, M, shiny|534\/534
|move|p1a: Swampert|Stealth Rock|p2a: Nemo
|-sidestart|p2: Darkzami|move: Stealth Rock
|
|-heal|p1a: Swampert|207\/404|[from] item: Leftovers
|turn|25
|
|switch|p1a: Whimsicott|Whimsicott, F|177\/261
|-damage|p1a: Whimsicott|145\/261|[from] Stealth Rock
|move|p2a: Nemo|Scald|p1a: Whimsicott
|-resisted|p1a: Whimsicott
|-damage|p1a: Whimsicott|115\/261
|-status|p1a: Whimsicott|brn
|
|-heal|p1a: Whimsicott|131\/261 brn|[from] item: Leftovers
|-damage|p1a: Whimsicott|99\/261 brn|[from] brn
|turn|26
|
|switch|p2a: Big shady|Empoleon, F|371\/371
|-damage|p2a: Big shady|348\/371|[from] Stealth Rock
|move|p1a: Whimsicott|Giga Drain|p2a: Big shady
|-damage|p2a: Big shady|284\/371
|-heal|p1a: Whimsicott|131\/261 brn|[from] drain|[of] p2a: Big shady
|
|-heal|p1a: Whimsicott|147\/261 brn|[from] item: Leftovers
|-heal|p2a: Big shady|307\/371|[from] item: Leftovers
|-damage|p1a: Whimsicott|115\/261 brn|[from] brn
|turn|27
|
|move|p1a: Whimsicott|Stun Spore|p2a: Big shady
|-status|p2a: Big shady|par
|move|p2a: Big shady|Defog|p1a: Whimsicott
|-unboost|p1a: Whimsicott|evasion|1
|-sideend|p1: ULT Meowie|Stealth Rock|[from] move: Defog|[of] p1a: Whimsicott
|-sideend|p2: Darkzami|Stealth Rock|[from] move: Defog|[of] p2a: Big shady
|
|-heal|p1a: Whimsicott|131\/261 brn|[from] item: Leftovers
|-heal|p2a: Big shady|330\/371 par|[from] item: Leftovers
|-damage|p1a: Whimsicott|99\/261 brn|[from] brn
|turn|28
|
|switch|p1a: Medicham|Medicham-Mega, M|134\/261
|move|p2a: Big shady|Stealth Rock|p1a: Medicham
|-sidestart|p1: ULT Meowie|move: Stealth Rock
|
|-heal|p2a: Big shady|353\/371 par|[from] item: Leftovers
|turn|29
|
|move|p1a: Medicham|High Jump Kick|p2a: Big shady
|-supereffective|p2a: Big shady
|-damage|p2a: Big shady|0 fnt
|faint|p2a: Big shady
|
|
|switch|p2a: Broken|Beedrill-Mega, M|271\/271
|turn|30
|
|switch|p1a: Swampert|Swampert, M|207\/404
|-damage|p1a: Swampert|182\/404|[from] Stealth Rock
|move|p2a: Broken|Poison Jab|p1a: Swampert
|-resisted|p1a: Swampert
|-damage|p1a: Swampert|94\/404
|
|-heal|p1a: Swampert|119\/404|[from] item: Leftovers
|turn|31
|
|move|p2a: Broken|U-turn|p1a: Swampert
|-damage|p1a: Swampert|0 fnt
|faint|p1a: Swampert
|
|switch|p2a: Magellan|Crobat, M|280\/311 par
|
|
|switch|p1a: Medicham|Medicham-Mega, M|134\/261
|-damage|p1a: Medicham|118\/261|[from] Stealth Rock
|turn|32
|
|move|p1a: Medicham|Zen Headbutt|p2a: Magellan
|-supereffective|p2a: Magellan
|-damage|p2a: Magellan|0 fnt
|faint|p2a: Magellan
|
|
|switch|p2a: Broken|Beedrill-Mega, M|271\/271
|turn|33
|
|move|p1a: Medicham|Bullet Punch|p2a: Broken
|-damage|p2a: Broken|105\/271
|move|p2a: Broken|U-turn|p1a: Medicham
|-damage|p1a: Medicham|0 fnt
|faint|p1a: Medicham
|
|switch|p2a: Sahara|Chandelure, F|305\/305
|
|
|switch|p1a: Hydreigon|Hydreigon, M|280\/325 tox
|-damage|p1a: Hydreigon|240\/325 tox|[from] Stealth Rock
|turn|34
|
|move|p1a: Hydreigon|Dark Pulse|p2a: Sahara
|-supereffective|p2a: Sahara
|-damage|p2a: Sahara|0 fnt
|-damage|p1a: Hydreigon|208\/325 tox|[from] item: Life Orb
|faint|p2a: Sahara
|
|-damage|p1a: Hydreigon|188\/325 tox|[from] psn
|
|switch|p2a: Broken|Beedrill-Mega, M|105\/271
|turn|35
|
|switch|p1a: Jirachi|Jirachi|341\/341
|-damage|p1a: Jirachi|320\/341|[from] Stealth Rock
|move|p2a: Broken|Poison Jab|p1a: Jirachi
|-immune|p1a: Jirachi|[msg]
|
|turn|36
|
|move|p1a: Jirachi|Healing Wish|p1a: Jirachi
|faint|p1a: Jirachi
|move|p2a: Broken|U-turn|p1: Jirachi|[notarget]
|-notarget
|
|
|switch|p1a: Whimsicott|Whimsicott, F|99\/261 brn
|-heal|p1a: Whimsicott|261\/261|[from] move: Healing Wish
|-damage|p1a: Whimsicott|229\/261|[from] Stealth Rock
|turn|37
|
|move|p2a: Broken|Protect|p2a: Broken
|-singleturn|p2a: Broken|Protect
|move|p1a: Whimsicott|Stun Spore|p2a: Broken
|-activate|p2a: Broken|Protect
|
|-heal|p1a: Whimsicott|245\/261|[from] item: Leftovers
|turn|38
|
|switch|p2a: Nemo|Alomomola, M, shiny|534\/534
|move|p1a: Whimsicott|Encore|p2a: Nemo
|-fail|p2a: Nemo
|
|-heal|p1a: Whimsicott|261\/261|[from] item: Leftovers
|turn|39
|
|move|p1a: Whimsicott|Giga Drain|p2a: Nemo
|-supereffective|p2a: Nemo
|-damage|p2a: Nemo|190\/534
|move|p2a: Nemo|Toxic|p1a: Whimsicott
|-status|p1a: Whimsicott|tox
|
|-heal|p2a: Nemo|223\/534|[from] item: Leftovers
|-damage|p1a: Whimsicott|245\/261 tox|[from] psn
|turn|40
|
|move|p2a: Nemo|Protect|p2a: Nemo
|-singleturn|p2a: Nemo|Protect
|move|p1a: Whimsicott|Giga Drain|p2a: Nemo
|-activate|p2a: Nemo|Protect
|
|-heal|p1a: Whimsicott|261\/261 tox|[from] item: Leftovers
|-heal|p2a: Nemo|256\/534|[from] item: Leftovers
|-damage|p1a: Whimsicott|229\/261 tox|[from] psn
|turn|41
|
|switch|p2a: Broken|Beedrill-Mega, M|105\/271
|move|p1a: Whimsicott|Giga Drain|p2a: Broken
|-resisted|p2a: Broken
|-damage|p2a: Broken|77\/271
|-heal|p1a: Whimsicott|243\/261 tox|[from] drain|[of] p2a: Broken
|
|-heal|p1a: Whimsicott|259\/261 tox|[from] item: Leftovers
|-damage|p1a: Whimsicott|211\/261 tox|[from] psn
|turn|42
|
|move|p2a: Broken|Protect|p2a: Broken
|-singleturn|p2a: Broken|Protect
|move|p1a: Whimsicott|Stun Spore|p2a: Broken
|-activate|p2a: Broken|Protect
|
|-heal|p1a: Whimsicott|227\/261 tox|[from] item: Leftovers
|-damage|p1a: Whimsicott|163\/261 tox|[from] psn
|turn|43
|
|move|p2a: Broken|Poison Jab|p1a: Whimsicott
|-supereffective|p1a: Whimsicott
|-damage|p1a: Whimsicott|0 fnt
|faint|p1a: Whimsicott
|
|c|★ULT Meowie|fuck
|c|★Darkzami|im so good
|
|switch|p1a: Hydreigon|Hydreigon, M|188\/325 tox
|-damage|p1a: Hydreigon|148\/325 tox|[from] Stealth Rock
|turn|44
|
|move|p2a: Broken|U-turn|p1a: Hydreigon
|-supereffective|p1a: Hydreigon
|-damage|p1a: Hydreigon|0 fnt
|faint|p1a: Hydreigon
|
|win|Darkzami
|raw|Ladder updating...
|c|★ULT Meowie|gg
|c|★Darkzami|gg
|raw|ULT Meowie's rating: 1473 &rarr; <strong>1449<\/strong><br \/>(-24 for losing)
|raw|Darkzami's rating: 1396 &rarr; <strong>1420<\/strong><br \/>(+24 for winning)