|join|Specs Cranidos
|join|gobosox
|player|p1|Specs Cranidos|54
|player|p2|gobosox|#cpgtan
|gametype|singles
|gen|6
|tier|UU
|rule|Sleep Clause Mod: Limit one foe put to sleep
|rule|Species Clause: Limit one of each Pokémon
|rule|OHKO Clause: OHKO moves are banned
|rule|Moody Clause: Moody is banned
|rule|Evasion Moves Clause: Evasion moves are banned
|rule|Endless Battle Clause: Forcing endless battles is banned
|rule|HP Percentage Mod: HP is shown in percentages
|clearpoke
|poke|p1|Forretress, M
|poke|p1|Lopunny, M
|poke|p1|Yanmega, F
|poke|p1|Rhyperior, M
|poke|p1|Shaymin
|poke|p1|Chandelure, M
|poke|p2|Noivern, F
|poke|p2|Heliolisk, M
|poke|p2|Donphan, M
|poke|p2|Kabutops, M
|poke|p2|Swampert, F
|poke|p2|Volbeat, M
|rule|Swagger Clause: Swagger is banned
|rule|Baton Pass Clause: Limit one Pokémon knowing Baton Pass
|teampreview
|c|★Specs Cranidos|glhf
|join|gobo's greed
|join|CoolTrainerGary
|
|start
|switch|p1a: Forretress|Forretress, M|354\/354
|switch|p2a: Volbeat|Volbeat, M|334\/334
|turn|1
|
|move|p2a: Volbeat|Substitute|p2a: Volbeat
|-start|p2a: Volbeat|Substitute
|-damage|p2a: Volbeat|251\/334
|move|p1a: Forretress|Spikes|p2a: Volbeat
|-sidestart|p2: gobosox|Spikes
|
|turn|2
|
|move|p2a: Volbeat|Rain Dance|p2a: Volbeat
|-weather|RainDance
|move|p1a: Forretress|Stealth Rock|p2a: Volbeat
|-sidestart|p2: gobosox|move: Stealth Rock
|
|-weather|RainDance|[upkeep]
|turn|3
|
|move|p2a: Volbeat|Baton Pass|p2a: Volbeat
|c|★Specs Cranidos|uh oh
|
|switch|p2a: Swampert|Swampert, F|342\/342
|-damage|p2a: Swampert|300\/342|[from] Spikes
|-damage|p2a: Swampert|279\/342|[from] Stealth Rock
|move|p1a: Forretress|Spikes|p2a: Swampert
|-sidestart|p2: gobosox|Spikes
|
|-weather|RainDance|[upkeep]
|turn|4
|join|Moniker
|join|DrReuniclus3
|join|Shauntal 2.0
|join|So Dynamic
|
|switch|p1a: Shaymin|Shaymin|341\/341
|detailschange|p2a: Swampert|Swampert-Mega, F
|message|Swampert has Mega Evolved into Mega Swampert!
|move|p2a: Swampert|Earthquake|p1a: Shaymin
|-resisted|p1a: Shaymin
|-damage|p1a: Shaymin|229\/341
|
|-weather|RainDance|[upkeep]
|turn|5
|join|Last Earth
|join|DONGER MANAGEMENT
|join|Comin threw
|
|switch|p1a: Rhyperior|Rhyperior, M|413\/413
|move|p2a: Swampert|Ice Punch|p1a: Rhyperior
|-supereffective|p1a: Rhyperior
|-damage|p1a: Rhyperior|275\/413
|-status|p1a: Rhyperior|frz
|
|-weather|RainDance|[upkeep]
|turn|6
|c| DONGER MANAGEMENT|ez
|c| DrReuniclus3|nice
|c| DrReuniclus3|n
|c| DrReuniclus3|ez
|join|xShiba
|join|testing porpoises
|c| Comin threw|HHHHHAAAAXXXX
|join|SecretlyaBidoof
|
|move|p2a: Swampert|Waterfall|p1a: Rhyperior
|-supereffective|p1a: Rhyperior
|-damage|p1a: Rhyperior|0 fnt
|faint|p1a: Rhyperior
|
|-weather|RainDance|[upkeep]
|
|switch|p1a: Yanmega|Yanmega, F|313\/313
|turn|7
|
|switch|p1a: Forretress|Forretress, M|354\/354
|move|p2a: Swampert|Ice Punch|p1a: Forretress
|-resisted|p1a: Forretress
|-damage|p1a: Forretress|312\/354
|
|-weather|RainDance|[upkeep]
|-heal|p1a: Forretress|334\/354|[from] item: Leftovers
|turn|8
|
|move|p2a: Swampert|Waterfall|p1a: Forretress
|-damage|p1a: Forretress|132\/354
|move|p1a: Forretress|Spikes|p2a: Swampert
|-sidestart|p2: gobosox|Spikes
|
|-weather|RainDance|[upkeep]
|-heal|p1a: Forretress|154\/354|[from] item: Leftovers
|turn|9
|
|switch|p1a: Shaymin|Shaymin|229\/341
|move|p2a: Swampert|Waterfall|p1a: Shaymin
|-resisted|p1a: Shaymin
|-damage|p1a: Shaymin|109\/341
|
|-weather|none
|turn|10
|join|sniperaim
|join|THE_iTodd
|
|move|p1a: Shaymin|Seed Flare|p2a: Swampert
|-supereffective|p2a: Swampert
|-end|p2a: Swampert|Substitute
|-damage|p1a: Shaymin|75\/341|[from] item: Life Orb
|move|p2a: Swampert|Rain Dance|p2a: Swampert
|-weather|RainDance
|
|-weather|RainDance|[upkeep]
|turn|11
|join|SmashBrosBrawl
|c| DONGER MANAGEMENT|rip
|c|★Specs Cranidos|oml
|c|★Specs Cranidos|gg basically
|
|switch|p1a: Forretress|Forretress, M|154\/354
|move|p2a: Swampert|Waterfall|p1a: Forretress
|-damage|p1a: Forretress|0 fnt
|faint|p1a: Forretress
|
|-weather|RainDance|[upkeep]
|c|+SmashBrosBrawl|tf is this
|
|switch|p1a: Lopunny|Lopunny, M|271\/271
|turn|12
|join|BIG SCHLONG MCDONG
|
|detailschange|p1a: Lopunny|Lopunny-Mega, M
|message|Lopunny has Mega Evolved into Mega Lopunny!
|move|p1a: Lopunny|Fake Out|p2a: Swampert
|-damage|p2a: Swampert|215\/342
|cant|p2a: Swampert|flinch
|
|-weather|RainDance|[upkeep]
|turn|13
|
|switch|p1a: Shaymin|Shaymin|75\/341
|move|p2a: Swampert|Waterfall|p1a: Shaymin
|-resisted|p1a: Shaymin
|-damage|p1a: Shaymin|0 fnt
|faint|p1a: Shaymin
|
|-weather|RainDance|[upkeep]
|join|watfor
|
|switch|p1a: Lopunny|Lopunny-Mega, M|271\/271
|turn|14
|
|move|p1a: Lopunny|Fake Out|p2a: Swampert
|-damage|p2a: Swampert|152\/342
|cant|p2a: Swampert|flinch
|
|-weather|none
|turn|15
|c| Comin threw|gg m8
|
|switch|p2a: Noivern|Noivern, F|311\/311
|-damage|p2a: Noivern|234\/311|[from] Stealth Rock
|move|p1a: Lopunny|High Jump Kick|p2a: Noivern|[miss]
|-miss|p1a: Lopunny|p2a: Noivern
|-damage|p1a: Lopunny|136\/271|[from] highjumpkick
|
|turn|16
|c| DrReuniclus3|nice
|c| DrReuniclus3|dodge
|
|move|p1a: Lopunny|Return|p2a: Noivern
|-damage|p2a: Noivern|0 fnt
|faint|p2a: Noivern
|
|c| Comin threw|Well trained noivern
|
|switch|p2a: Volbeat|Volbeat, M|251\/334
|-damage|p2a: Volbeat|168\/334|[from] Stealth Rock
|-damage|p2a: Volbeat|85\/334|[from] Spikes
|turn|17
|c| watfor|lopunny wins now
|join|Serebii HD
|c| watfor|y\/y
|
|move|p2a: Volbeat|Rain Dance|p2a: Volbeat
|-weather|RainDance
|move|p1a: Lopunny|Substitute|p1a: Lopunny
|-start|p1a: Lopunny|Substitute
|-damage|p1a: Lopunny|69\/271
|
|-weather|RainDance|[upkeep]
|turn|18
|c| watfor|encore dud
|
|move|p2a: Volbeat|Baton Pass|p2a: Volbeat
|
|switch|p2a: Donphan|Donphan, M|334\/334
|-damage|p2a: Donphan|314\/334|[from] Stealth Rock
|-damage|p2a: Donphan|231\/334|[from] Spikes
|move|p1a: Lopunny|Return|p2a: Donphan
|-damage|p2a: Donphan|62\/334
|
|-weather|RainDance|[upkeep]
|-heal|p2a: Donphan|82\/334|[from] item: Leftovers
|turn|19
|c| watfor|nope
|c| xShiba|volbeat has prankster
|
|move|p1a: Lopunny|Return|p2a: Donphan
|-damage|p2a: Donphan|0 fnt
|faint|p2a: Donphan
|
|-weather|RainDance|[upkeep]
|c| watfor|yeah volbeat has encore
|
|switch|p2a: Kabutops|Kabutops, M|262\/262
|-damage|p2a: Kabutops|197\/262|[from] Spikes
|-damage|p2a: Kabutops|165\/262|[from] Stealth Rock
|turn|20
|join|Luna ty
|c| watfor|that was what i meant
|c| watfor|when he subbed with lop
|c| xShiba|oh
|
|move|p2a: Kabutops|Aqua Jet|p1a: Lopunny
|-end|p1a: Lopunny|Substitute
|-damage|p2a: Kabutops|139\/262|[from] item: Life Orb
|move|p1a: Lopunny|High Jump Kick|p2a: Kabutops
|-crit|p2a: Kabutops
|-supereffective|p2a: Kabutops
|-damage|p2a: Kabutops|0 fnt
|faint|p2a: Kabutops
|
|-weather|RainDance|[upkeep]
|c| xShiba|i thought you meant lop
|c| xShiba|kek
|c|+SmashBrosBrawl|not even subbing
|c|+SmashBrosBrawl|twice
|c|+SmashBrosBrawl|hello
|c| Comin threw|Critz
|c| DONGER MANAGEMENT|needed to sub yea lol
|
|switch|p2a: Swampert|Swampert-Mega, F|152\/342
|-damage|p2a: Swampert|67\/342|[from] Spikes
|-damage|p2a: Swampert|46\/342|[from] Stealth Rock
|turn|21
|c|+SmashBrosBrawl|dudman
|c|+SmashBrosBrawl|ure so cute
|
|switch|p1a: Chandelure|Chandelure, M|261\/261
|move|p2a: Swampert|Waterfall|p1a: Chandelure
|-supereffective|p1a: Chandelure
|-damage|p1a: Chandelure|0 fnt
|faint|p1a: Chandelure
|
|-weather|RainDance|[upkeep]
|c| DONGER MANAGEMENT|n_n
|c|+SmashBrosBrawl|pls fuk my bitches
|
|switch|p1a: Lopunny|Lopunny-Mega, M|69\/271
|turn|22
|c|+SmashBrosBrawl|the ugly ones tho
|
|move|p1a: Lopunny|Fake Out|p2a: Swampert
|-damage|p2a: Swampert|0 fnt
|faint|p2a: Swampert
|
|-weather|RainDance|[upkeep]
|c| watfor|if that is
|c| DONGER MANAGEMENT|jesus
|c|★gobosox|this is why lop needs to be banned
|c| DONGER MANAGEMENT|what
|c|★Specs Cranidos|if i win this
|
|switch|p2a: Volbeat|Volbeat, M|85\/334
|-damage|p2a: Volbeat|2\/334|[from] Stealth Rock
|-damage|p2a: Volbeat|0 fnt|[from] Spikes
|faint|p2a: Volbeat
|c| DONGER MANAGEMENT|LOL
|c|★Specs Cranidos|its because lop is broken
|c|+SmashBrosBrawl|lopunny is broken
|c| DONGER MANAGEMENT|>this
|c| Shauntal 2.0|cranidos won
|
|switch|p2a: Heliolisk|Heliolisk, M|266\/266
|-damage|p2a: Heliolisk|233\/266|[from] Stealth Rock
|-damage|p2a: Heliolisk|167\/266|[from] Spikes
|turn|23
|c| Luna ty|n
|c|+SmashBrosBrawl|but not
|c| DONGER MANAGEMENT|>is why it needs to be banned
|c|+SmashBrosBrawl|because of this
|c| Luna ty|dodge the kick
|c| DONGER MANAGEMENT|>this
|c| Luna ty|dodge here
|
|move|p1a: Lopunny|Return|p2a: Heliolisk
|-damage|p2a: Heliolisk|0 fnt
|faint|p2a: Heliolisk
|
|win|Specs Cranidos
|c| watfor|return
|c| DONGER MANAGEMENT|>is what breaks it
|c|★Specs Cranidos|gg
|c| watfor|kills
|leave|So Dynamic
|leave|SmashBrosBrawl
|c| DONGER MANAGEMENT|implying
|leave|testing porpoises
|leave|gobosox
|player|p2
|leave|Moniker
|leave|xShiba
|leave|SecretlyaBidoof
|leave|Comin threw
|leave|DrReuniclus3
|leave|Shauntal 2.0
|leave|sniperaim