|join|UST5
|join|Specs Cranidos
|player|p1|UST5|265
|player|p2|Specs Cranidos|54
|gametype|singles
|gen|6
|tier|UU
|rated
|rule|Sleep Clause Mod: Limit one foe put to sleep
|rule|Species Clause: Limit one of each Pokémon
|rule|OHKO Clause: OHKO moves are banned
|rule|Moody Clause: Moody is banned
|rule|Evasion Moves Clause: Evasion moves are banned
|rule|Endless Battle Clause: Forcing endless battles is banned
|rule|HP Percentage Mod: HP is shown in percentages
|clearpoke
|poke|p1|Gastrodon, F
|poke|p1|Blastoise, M
|poke|p1|Blissey, F
|poke|p1|Hydreigon, M
|poke|p1|Granbull, M
|poke|p1|Jirachi
|poke|p2|Forretress, M
|poke|p2|Doublade, F
|poke|p2|Blastoise, M
|poke|p2|Haxorus, M
|poke|p2|Nidoking, M
|poke|p2|Entei, shiny
|rule|Swagger Clause: Swagger is banned
|rule|Baton Pass Clause: Limit one Pokémon knowing Baton Pass
|teampreview
|join|Amazon Reptile
|
|start
|switch|p1a: Hydreigon|Hydreigon, M|325\/325
|switch|p2a: Forretress|Forretress, M|353\/353
|turn|1
|
|move|p1a: Hydreigon|Dark Pulse|p2a: Forretress
|-damage|p2a: Forretress|84\/353
|-damage|p1a: Hydreigon|293\/325|[from] item: Life Orb
|move|p2a: Forretress|Toxic Spikes|p1a: Hydreigon
|-sidestart|p1: UST5|move: Toxic Spikes
|
|-heal|p2a: Forretress|106\/353|[from] item: Leftovers
|turn|2
|
|move|p1a: Hydreigon|Dark Pulse|p2a: Forretress
|-damage|p2a: Forretress|0 fnt
|-damage|p1a: Hydreigon|261\/325|[from] item: Life Orb
|faint|p2a: Forretress
|
|
|switch|p2a: Blastoise|Blastoise, M|361\/361
|turn|3
|
|switch|p1a: Blissey|Blissey, F|657\/657
|-status|p1a: Blissey|psn
|detailschange|p2a: Blastoise|Blastoise-Mega, M
|message|Blastoise has Mega Evolved into Mega Blastoise!
|move|p2a: Blastoise|Aura Sphere|p1a: Blissey
|-supereffective|p1a: Blissey
|-damage|p1a: Blissey|445\/657 psn
|
|-heal|p1a: Blissey|486\/657 psn|[from] item: Leftovers
|-damage|p1a: Blissey|404\/657 psn|[from] psn
|turn|4
|
|switch|p2a: Doublade|Doublade, F|321\/321
|move|p1a: Blissey|Wish|p1a: Blissey
|
|-heal|p1a: Blissey|445\/657 psn|[from] item: Leftovers
|-damage|p1a: Blissey|363\/657 psn|[from] psn
|turn|5
|
|switch|p1a: Hydreigon|Hydreigon, M|261\/325
|move|p2a: Doublade|Sacred Sword|p1a: Hydreigon
|-supereffective|p1a: Hydreigon
|-damage|p1a: Hydreigon|17\/325
|
|-heal|p1a: Hydreigon|325\/325|[from] move: Wish|[wisher] Blissey
|turn|6
|
|move|p1a: Hydreigon|Dark Pulse|p2a: Doublade
|-supereffective|p2a: Doublade
|-damage|p2a: Doublade|0 fnt
|-damage|p1a: Hydreigon|293\/325|[from] item: Life Orb
|faint|p2a: Doublade
|
|
|switch|p2a: Blastoise|Blastoise-Mega, M|361\/361
|turn|7
|
|switch|p1a: Jirachi|Jirachi|341\/341
|switch|p2a: Entei|Entei, shiny|371\/371
|-ability|p2a: Entei|Pressure
|
|turn|8
|
|move|p1a: Jirachi|U-turn|p2a: Entei
|-resisted|p2a: Entei
|-damage|p2a: Entei|333\/371
|
|switch|p1a: Blastoise|Blastoise, M|351\/351
|-status|p1a: Blastoise|psn
|move|p2a: Entei|Sacred Fire|p1a: Blastoise
|-resisted|p1a: Blastoise
|-damage|p1a: Blastoise|264\/351 psn
|
|-damage|p1a: Blastoise|221\/351 psn|[from] psn
|turn|9
|
|switch|p2a: Blastoise|Blastoise-Mega, M|361\/361
|detailschange|p1a: Blastoise|Blastoise-Mega, M
|message|Blastoise has Mega Evolved into Mega Blastoise!
|move|p1a: Blastoise|Rapid Spin|p2a: Blastoise
|-damage|p2a: Blastoise|350\/361
|-sideend|p1: UST5|Toxic Spikes|[from] move: Rapid Spin|[of] p1a: Blastoise
|
|-damage|p1a: Blastoise|178\/351 psn|[from] psn
|turn|10
|
|switch|p1a: Blissey|Blissey, F|363\/657
|move|p2a: Blastoise|Aura Sphere|p1a: Blissey
|-supereffective|p1a: Blissey
|-damage|p1a: Blissey|139\/657
|
|-heal|p1a: Blissey|180\/657|[from] item: Leftovers
|turn|11
|
|move|p1a: Blissey|Protect|p1a: Blissey
|-singleturn|p1a: Blissey|Protect
|move|p2a: Blastoise|Aura Sphere|p1a: Blissey
|-activate|p1a: Blissey|Protect
|
|-heal|p1a: Blissey|221\/657|[from] item: Leftovers
|turn|12
|
|switch|p1a: Jirachi|Jirachi|341\/341
|move|p2a: Blastoise|Aura Sphere|p1a: Jirachi
|-damage|p1a: Jirachi|173\/341
|
|turn|13
|
|move|p1a: Jirachi|Stealth Rock|p2a: Blastoise
|-sidestart|p2: Specs Cranidos|move: Stealth Rock
|move|p2a: Blastoise|Aura Sphere|p1a: Jirachi
|-damage|p1a: Jirachi|17\/341
|
|turn|14
|
|move|p1a: Jirachi|Iron Head|p2a: Blastoise
|-resisted|p2a: Blastoise
|-damage|p2a: Blastoise|299\/361
|cant|p2a: Blastoise|flinch
|
|turn|15
|
|move|p1a: Jirachi|Iron Head|p2a: Blastoise
|-resisted|p2a: Blastoise
|-damage|p2a: Blastoise|251\/361
|cant|p2a: Blastoise|flinch
|
|turn|16
|
|move|p1a: Jirachi|Iron Head|p2a: Blastoise
|-resisted|p2a: Blastoise
|-damage|p2a: Blastoise|196\/361
|move|p2a: Blastoise|Water Pulse|p1a: Jirachi
|-damage|p1a: Jirachi|0 fnt
|faint|p1a: Jirachi
|
|
|switch|p1a: Blissey|Blissey, F|221\/657
|turn|17
|
|move|p1a: Blissey|Protect|p1a: Blissey
|-singleturn|p1a: Blissey|Protect
|move|p2a: Blastoise|Aura Sphere|p1a: Blissey
|-activate|p1a: Blissey|Protect
|
|-heal|p1a: Blissey|262\/657|[from] item: Leftovers
|turn|18
|
|move|p2a: Blastoise|Aura Sphere|p1a: Blissey
|-supereffective|p1a: Blissey
|-damage|p1a: Blissey|38\/657
|move|p1a: Blissey|Wish|p1a: Blissey
|
|-heal|p1a: Blissey|79\/657|[from] item: Leftovers
|turn|19
|
|move|p1a: Blissey|Protect|p1a: Blissey
|-singleturn|p1a: Blissey|Protect
|move|p2a: Blastoise|Roar|p1a: Blissey
|drag|p1a: Blastoise|Blastoise-Mega, M|178\/351 psn
|
|-heal|p1a: Blastoise|351\/351 psn|[from] move: Wish|[wisher] Blissey
|-damage|p1a: Blastoise|308\/351 psn|[from] psn
|turn|20
|
|move|p1a: Blastoise|Dark Pulse|p2a: Blastoise
|-crit|p2a: Blastoise
|-damage|p2a: Blastoise|0 fnt
|faint|p2a: Blastoise
|
|-damage|p1a: Blastoise|265\/351 psn|[from] psn
|
|switch|p2a: Nidoking|Nidoking, M|303\/303
|-damage|p2a: Nidoking|285\/303|[from] Stealth Rock
|turn|21
|
|move|p2a: Nidoking|Thunderbolt|p1a: Blastoise
|-supereffective|p1a: Blastoise
|-damage|p1a: Blastoise|15\/351 psn
|move|p1a: Blastoise|Scald|p2a: Nidoking
|-supereffective|p2a: Nidoking
|-damage|p2a: Nidoking|0 fnt
|faint|p2a: Nidoking
|
|-damage|p1a: Blastoise|0 fnt|[from] psn
|faint|p1a: Blastoise
|
|switch|p2a: Entei|Entei, shiny|333\/371
|-damage|p2a: Entei|241\/371|[from] Stealth Rock
|switch|p1a: Granbull|Granbull, M|384\/384
|-ability|p2a: Entei|Pressure
|-ability|p1a: Granbull|Intimidate|[of] p2a: Entei
|-unboost|p2a: Entei|atk|1
|turn|22
|
|switch|p1a: Gastrodon|Gastrodon, F|423\/423
|move|p2a: Entei|Sacred Fire|p1a: Gastrodon
|-resisted|p1a: Gastrodon
|-damage|p1a: Gastrodon|359\/423
|
|-heal|p1a: Gastrodon|385\/423|[from] item: Leftovers
|turn|23
|
|move|p2a: Entei|Sacred Fire|p1a: Gastrodon
|-resisted|p1a: Gastrodon
|-damage|p1a: Gastrodon|318\/423
|move|p1a: Gastrodon|Earthquake|p2a: Entei
|-supereffective|p2a: Entei
|-damage|p2a: Entei|7\/371
|
|-heal|p1a: Gastrodon|344\/423|[from] item: Leftovers
|turn|24
|c|★Specs Cranidos|gg
|
|switch|p1a: Hydreigon|Hydreigon, M|293\/325
|move|p2a: Entei|Sacred Fire|p1a: Hydreigon
|-resisted|p1a: Hydreigon
|-damage|p1a: Hydreigon|226\/325
|-status|p1a: Hydreigon|brn
|
|-damage|p1a: Hydreigon|186\/325 brn|[from] brn
|turn|25
|
|move|p2a: Entei|Extreme Speed|p1a: Hydreigon
|-damage|p1a: Hydreigon|106\/325 brn
|move|p1a: Hydreigon|Dark Pulse|p2a: Entei
|-damage|p2a: Entei|0 fnt
|-damage|p1a: Hydreigon|74\/325 brn|[from] item: Life Orb
|faint|p2a: Entei
|
|-damage|p1a: Hydreigon|34\/325 brn|[from] brn
|
|switch|p2a: Haxorus|Haxorus, M|293\/293
|-damage|p2a: Haxorus|257\/293|[from] Stealth Rock
|-ability|p2a: Haxorus|Mold Breaker
|turn|26
|
|move|p2a: Haxorus|Poison Jab|p1a: Hydreigon
|-damage|p1a: Hydreigon|0 fnt
|faint|p1a: Hydreigon
|
|
|switch|p1a: Gastrodon|Gastrodon, F|344\/423
|turn|27
|c|★UST5|gg
|
|move|p2a: Haxorus|Poison Jab|p1a: Gastrodon
|-resisted|p1a: Gastrodon
|-damage|p1a: Gastrodon|290\/423
|move|p1a: Gastrodon|Earthquake|p2a: Haxorus
|-damage|p2a: Haxorus|149\/293
|
|-heal|p1a: Gastrodon|316\/423|[from] item: Leftovers
|turn|28
|
|move|p2a: Haxorus|Poison Jab|p1a: Gastrodon
|-resisted|p1a: Gastrodon
|-damage|p1a: Gastrodon|258\/423
|move|p1a: Gastrodon|Earthquake|p2a: Haxorus
|-damage|p2a: Haxorus|47\/293
|
|-heal|p1a: Gastrodon|284\/423|[from] item: Leftovers
|turn|29
|
|move|p2a: Haxorus|Poison Jab|p1a: Gastrodon
|-resisted|p1a: Gastrodon
|-damage|p1a: Gastrodon|225\/423
|-status|p1a: Gastrodon|psn
|move|p1a: Gastrodon|Earthquake|p2a: Haxorus
|-damage|p2a: Haxorus|0 fnt
|faint|p2a: Haxorus
|
|win|UST5
|raw|Ladder updating...
|raw|UST5's rating: 1706 &rarr; <strong>1720<\/strong><br \/>(+14 for winning)
|raw|Specs Cranidos's rating: 1606 &rarr; <strong>1591<\/strong><br \/>(-15 for losing)
|leave|UST5
|player|p1
|leave|Specs Cranidos
|player|p2