|join|Specs Cranidos
|join|Cozart
|player|p1|Specs Cranidos|54
|player|p2|Cozart|163
|gametype|singles
|gen|6
|tier|UU
|rated
|rule|Sleep Clause Mod: Limit one foe put to sleep
|rule|Species Clause: Limit one of each Pokémon
|rule|OHKO Clause: OHKO moves are banned
|rule|Moody Clause: Moody is banned
|rule|Evasion Moves Clause: Evasion moves are banned
|rule|Endless Battle Clause: Forcing endless battles is banned
|rule|HP Percentage Mod: HP is shown in percentages
|clearpoke
|poke|p1|Pidgeot, M
|poke|p1|Doublade, M
|poke|p1|Swampert, F
|poke|p1|Mienshao, M
|poke|p1|Suicune
|poke|p1|Forretress, M
|poke|p2|Azelf
|poke|p2|Infernape, F
|poke|p2|Espeon, M
|poke|p2|Toxicroak, F
|poke|p2|Sharpedo, M
|poke|p2|Honchkrow, M
|rule|Swagger Clause: Swagger is banned
|rule|Baton Pass Clause: Limit one Pokémon knowing Baton Pass
|teampreview
|
|start
|switch|p1a: Mienshao|Mienshao, M|271\/271
|switch|p2a: Azelf|Azelf|292\/292
|turn|1
|c|★Specs Cranidos|glhf
|c|★Cozart|gl hf
|
|move|p1a: Mienshao|U-turn|p2a: Azelf
|-supereffective|p2a: Azelf
|-damage|p2a: Azelf|80\/292
|
|switch|p1a: Swampert|Swampert, F|403\/403
|move|p2a: Azelf|Stealth Rock|p1a: Swampert
|-sidestart|p1: Specs Cranidos|move: Stealth Rock
|
|turn|2
|
|move|p2a: Azelf|Taunt|p1a: Swampert
|-start|p1a: Swampert|move: Taunt
|move|p1a: Swampert|Scald|p2a: Azelf
|-damage|p2a: Azelf|0 fnt
|faint|p2a: Azelf
|
|
|switch|p2a: Toxicroak|Toxicroak, F|307\/307
|turn|3
|
|move|p2a: Toxicroak|Swords Dance|p2a: Toxicroak
|-boost|p2a: Toxicroak|atk|2
|move|p1a: Swampert|Earthquake|p2a: Toxicroak
|-supereffective|p2a: Toxicroak
|-damage|p2a: Toxicroak|0 fnt
|faint|p2a: Toxicroak
|
|
|switch|p2a: Infernape|Infernape, F|293\/293
|turn|4
|
|move|p2a: Infernape|Grass Knot|p1a: Swampert
|-supereffective|p1a: Swampert
|-damage|p1a: Swampert|127\/403
|-damage|p2a: Infernape|264\/293|[from] item: Life Orb
|move|p1a: Swampert|Earthquake|p2a: Infernape
|-supereffective|p2a: Infernape
|-damage|p2a: Infernape|0 fnt
|faint|p2a: Infernape
|
|-heal|p1a: Swampert|152\/403|[from] item: Leftovers
|-end|p1a: Swampert|move: Taunt
|
|switch|p2a: Honchkrow|Honchkrow, M|341\/341
|turn|5
|
|switch|p1a: Forretress|Forretress, M|353\/353
|-damage|p1a: Forretress|309\/353|[from] Stealth Rock
|move|p2a: Honchkrow|Brave Bird|p1a: Forretress
|-damage|p1a: Forretress|144\/353
|-damage|p2a: Honchkrow|287\/341|[from] recoil|[of] p1a: Forretress
|
|-heal|p1a: Forretress|166\/353|[from] item: Leftovers
|turn|6
|
|move|p2a: Honchkrow|Substitute|p2a: Honchkrow
|-start|p2a: Honchkrow|Substitute
|-damage|p2a: Honchkrow|202\/341
|move|p1a: Forretress|Volt Switch|p2a: Honchkrow
|-supereffective|p2a: Honchkrow
|-end|p2a: Honchkrow|Substitute
|
|switch|p1a: Mienshao|Mienshao, M|271\/271
|-damage|p1a: Mienshao|255\/271|[from] Stealth Rock
|
|turn|7
|
|move|p2a: Honchkrow|Sucker Punch|p1a: Mienshao
|-resisted|p1a: Mienshao
|-damage|p1a: Mienshao|138\/271
|move|p1a: Mienshao|High Jump Kick|p2a: Honchkrow
|-damage|p2a: Honchkrow|0 fnt
|faint|p2a: Honchkrow
|
|
|switch|p2a: Espeon|Espeon, M|271\/271
|turn|8
|
|move|p2a: Espeon|Psyshock|p1a: Mienshao
|-supereffective|p1a: Mienshao
|-damage|p1a: Mienshao|0 fnt
|faint|p1a: Mienshao
|
|
|switch|p1a: Doublade|Doublade, M|311\/311
|-damage|p1a: Doublade|292\/311|[from] Stealth Rock
|turn|9
|
|switch|p2a: Sharpedo|Sharpedo, M|281\/281
|move|p1a: Doublade|Iron Head|p2a: Sharpedo
|-resisted|p2a: Sharpedo
|-damage|p2a: Sharpedo|131\/281
|
|turn|10
|
|move|p2a: Sharpedo|Protect|p2a: Sharpedo
|-singleturn|p2a: Sharpedo|Protect
|move|p1a: Doublade|Iron Head|p2a: Sharpedo
|-activate|p2a: Sharpedo|Protect
|
|-boost|p2a: Sharpedo|spe|1|[from] ability: Speed Boost
|turn|11
|
|detailschange|p2a: Sharpedo|Sharpedo-Mega, M
|-mega|p2a: Sharpedo|Sharpedo|Sharpedonite
|move|p2a: Sharpedo|Crunch|p1a: Doublade
|-supereffective|p1a: Doublade
|-damage|p1a: Doublade|68\/311
|move|p1a: Doublade|Iron Head|p2a: Sharpedo
|-resisted|p2a: Sharpedo
|-damage|p2a: Sharpedo|43\/281
|
|turn|12
|
|move|p1a: Doublade|Shadow Sneak|p2a: Sharpedo
|-resisted|p2a: Sharpedo
|-damage|p2a: Sharpedo|0 fnt
|faint|p2a: Sharpedo
|
|
|switch|p2a: Espeon|Espeon, M|271\/271
|turn|13
|c|★Specs Cranidos|gg
|
|move|p1a: Doublade|Shadow Sneak|p2a: Espeon
|-crit|p2a: Espeon
|-supereffective|p2a: Espeon
|-damage|p2a: Espeon|0 fnt
|faint|p2a: Espeon
|
|win|Specs Cranidos
|raw|Ladder updating...
|raw|Specs Cranidos's rating: 1572 &rarr; <strong>1585<\/strong><br \/>(+13 for winning)
|raw|Cozart's rating: 1449 &rarr; <strong>1436<\/strong><br \/>(-13 for losing)
|c|★Cozart|gg
|leave|Cozart
|player|p2
|leave|Specs Cranidos
|player|p1