|join|Specs Cranidos
|join|SugarDandy
|player|p1|Specs Cranidos|54
|player|p2|SugarDandy|170
|gametype|singles
|gen|6
|tier|UU
|rated
|rule|Sleep Clause Mod: Limit one foe put to sleep
|rule|Species Clause: Limit one of each Pokémon
|rule|OHKO Clause: OHKO moves are banned
|rule|Moody Clause: Moody is banned
|rule|Evasion Moves Clause: Evasion moves are banned
|rule|Endless Battle Clause: Forcing endless battles is banned
|rule|HP Percentage Mod: HP is shown in percentages
|clearpoke
|poke|p1|Pidgeot, F
|poke|p1|Doublade, F
|poke|p1|Swampert, M
|poke|p1|Mienshao, M
|poke|p1|Suicune
|poke|p1|Forretress, F
|poke|p2|Azelf
|poke|p2|Houndoom, F
|poke|p2|Medicham, M
|poke|p2|Haxorus, F
|poke|p2|Blastoise, F
|poke|p2|Magneton
|rule|Swagger Clause: Swagger is banned
|rule|Baton Pass Clause: Limit one Pokémon knowing Baton Pass
|teampreview
|
|start
|switch|p1a: Mienshao|Mienshao, M|271\/271
|switch|p2a: Ass Elf|Azelf|291\/291
|turn|1
|
|move|p1a: Mienshao|U-turn|p2a: Ass Elf
|-supereffective|p2a: Ass Elf
|-damage|p2a: Ass Elf|85\/291
|c|★Specs Cranidos|glhf
|
|switch|p1a: Swampert|Swampert, M|403\/403
|move|p2a: Ass Elf|Stealth Rock|p1a: Swampert
|-sidestart|p1: Specs Cranidos|move: Stealth Rock
|
|turn|2
|c|★SugarDandy|yo
|
|move|p2a: Ass Elf|Taunt|p1a: Swampert
|-start|p1a: Swampert|move: Taunt
|move|p1a: Swampert|Scald|p2a: Ass Elf
|-damage|p2a: Ass Elf|0 fnt
|faint|p2a: Ass Elf
|
|
|switch|p2a: Fegut|Medicham, M|261\/261
|turn|3
|
|switch|p1a: Doublade|Doublade, F|311\/311
|-damage|p1a: Doublade|292\/311|[from] Stealth Rock
|detailschange|p2a: Fegut|Medicham-Mega, M
|-mega|p2a: Fegut|Medicham|Medichamite
|move|p2a: Fegut|Fake Out|p1a: Doublade
|-immune|p1a: Doublade|[msg]
|
|turn|4
|
|switch|p2a: Magnedong|Magneton|290\/290
|switch|p1a: Mienshao|Mienshao, M|271\/271
|-damage|p1a: Mienshao|255\/271|[from] Stealth Rock
|
|turn|5
|
|move|p1a: Mienshao|High Jump Kick|p2a: Magnedong
|-supereffective|p2a: Magnedong
|-damage|p2a: Magnedong|0 fnt
|faint|p2a: Magnedong
|
|
|switch|p2a: Fegut|Medicham-Mega, M|261\/261
|turn|6
|
|switch|p1a: Doublade|Doublade, F|292\/311
|-damage|p1a: Doublade|273\/311|[from] Stealth Rock
|move|p2a: Fegut|Zen Headbutt|p1a: Doublade
|-resisted|p1a: Doublade
|-damage|p1a: Doublade|213\/311
|
|turn|7
|
|switch|p2a: Fgt|Houndoom, F|291\/291
|move|p1a: Doublade|Shadow Claw|p2a: Fgt
|-resisted|p2a: Fgt
|-damage|p2a: Fgt|180\/291
|
|turn|8
|
|switch|p1a: Swampert|Swampert, M|403\/403
|-damage|p1a: Swampert|378\/403|[from] Stealth Rock
|move|p2a: Fgt|Fire Blast|p1a: Swampert
|-resisted|p1a: Swampert
|-damage|p1a: Swampert|292\/403
|-damage|p2a: Fgt|151\/291|[from] item: Life Orb
|
|-heal|p1a: Swampert|317\/403|[from] item: Leftovers
|turn|9
|
|switch|p2a: Skulcrab|Blastoise, F|352\/352
|move|p1a: Swampert|Stealth Rock|p2a: Skulcrab
|-sidestart|p2: SugarDandy|move: Stealth Rock
|
|-heal|p1a: Swampert|342\/403|[from] item: Leftovers
|turn|10
|
|move|p2a: Skulcrab|Scald|p1a: Swampert
|-damage|p1a: Swampert|282\/403
|move|p1a: Swampert|Earthquake|p2a: Skulcrab
|-damage|p2a: Skulcrab|223\/352
|
|-heal|p2a: Skulcrab|245\/352|[from] item: Leftovers
|-heal|p1a: Swampert|307\/403|[from] item: Leftovers
|turn|11
|
|move|p2a: Skulcrab|Scald|p1a: Swampert
|-damage|p1a: Swampert|247\/403
|-status|p1a: Swampert|brn
|move|p1a: Swampert|Earthquake|p2a: Skulcrab
|-damage|p2a: Skulcrab|182\/352
|
|-heal|p2a: Skulcrab|204\/352|[from] item: Leftovers
|-heal|p1a: Swampert|272\/403 brn|[from] item: Leftovers
|-damage|p1a: Swampert|222\/403 brn|[from] brn
|turn|12
|
|move|p2a: Skulcrab|Scald|p1a: Swampert
|-crit|p1a: Swampert
|-damage|p1a: Swampert|125\/403 brn
|move|p1a: Swampert|Earthquake|p2a: Skulcrab
|-damage|p2a: Skulcrab|144\/352
|
|-heal|p2a: Skulcrab|166\/352|[from] item: Leftovers
|-heal|p1a: Swampert|150\/403 brn|[from] item: Leftovers
|-damage|p1a: Swampert|100\/403 brn|[from] brn
|turn|13
|
|move|p2a: Skulcrab|Scald|p1a: Swampert
|-damage|p1a: Swampert|39\/403 brn
|move|p1a: Swampert|Scald|p2a: Skulcrab
|-resisted|p2a: Skulcrab
|-damage|p2a: Skulcrab|124\/352
|
|-heal|p2a: Skulcrab|146\/352|[from] item: Leftovers
|-heal|p1a: Swampert|64\/403 brn|[from] item: Leftovers
|-damage|p1a: Swampert|14\/403 brn|[from] brn
|turn|14
|
|move|p2a: Skulcrab|Scald|p1a: Swampert
|-damage|p1a: Swampert|0 fnt
|faint|p1a: Swampert
|
|-heal|p2a: Skulcrab|168\/352|[from] item: Leftovers
|
|switch|p1a: Mienshao|Mienshao, M|255\/271
|-damage|p1a: Mienshao|239\/271|[from] Stealth Rock
|turn|15
|
|move|p1a: Mienshao|High Jump Kick|p2a: Skulcrab
|-damage|p2a: Skulcrab|0 fnt
|faint|p2a: Skulcrab
|
|
|switch|p2a: Fegut|Medicham-Mega, M|261\/261
|-damage|p2a: Fegut|245\/261|[from] Stealth Rock
|turn|16
|
|switch|p1a: Doublade|Doublade, F|213\/311
|-damage|p1a: Doublade|194\/311|[from] Stealth Rock
|switch|p2a: Fgt|Houndoom, F|151\/291
|-damage|p2a: Fgt|79\/291|[from] Stealth Rock
|
|turn|17
|
|switch|p1a: Suicune|Suicune|374\/374
|-damage|p1a: Suicune|328\/374|[from] Stealth Rock
|-ability|p1a: Suicune|Pressure
|move|p2a: Fgt|Dark Pulse|p1a: Suicune
|-damage|p1a: Suicune|175\/374
|-damage|p2a: Fgt|50\/291|[from] item: Life Orb
|
|-heal|p1a: Suicune|198\/374|[from] item: Leftovers
|turn|18
|
|move|p2a: Fgt|Dark Pulse|p1a: Suicune
|-damage|p1a: Suicune|60\/374
|-damage|p2a: Fgt|21\/291|[from] item: Life Orb
|move|p1a: Suicune|Ice Beam|p2a: Fgt
|-resisted|p2a: Fgt
|-damage|p2a: Fgt|0 fnt
|faint|p2a: Fgt
|
|-heal|p1a: Suicune|83\/374|[from] item: Leftovers
|
|switch|p2a: Dino|Haxorus, F|293\/293
|-damage|p2a: Dino|257\/293|[from] Stealth Rock
|-ability|p2a: Dino|Mold Breaker
|turn|19
|
|move|p2a: Dino|Dragon Dance|p2a: Dino
|-boost|p2a: Dino|atk|1
|-boost|p2a: Dino|spe|1
|move|p1a: Suicune|Ice Beam|p2a: Dino
|-supereffective|p2a: Dino
|-damage|p2a: Dino|9\/293
|
|-heal|p1a: Suicune|106\/374|[from] item: Leftovers
|turn|20
|
|move|p2a: Dino|Dragon Claw|p1a: Suicune
|-damage|p1a: Suicune|0 fnt
|faint|p1a: Suicune
|
|-message|SugarDandy forfeited.
|
|win|Specs Cranidos
|raw|Ladder updating...
|leave|SugarDandy
|player|p2
|raw|Specs Cranidos's rating: 1559 &rarr; <strong>1566<\/strong><br \/>(+7 for winning)
|raw|SugarDandy's rating: 1285 &rarr; <strong>1277<\/strong><br \/>(-8 for losing)
|leave|Specs Cranidos
|player|p1