|join|MyLittleDick
|join|chibigengar23
|player|p1|MyLittleDick|1
|player|p2|chibigengar23|99
|gametype|singles
|gen|6
|tier|OU
|rated
|clearpoke
|poke|p1|Heatran, M
|poke|p1|Gallade, M
|poke|p1|Rotom-Wash
|poke|p1|Landorus-Therian, M
|poke|p1|Latios, M
|poke|p1|Keldeo-Resolute
|poke|p2|Chansey, F
|poke|p2|Mienshao, F
|poke|p2|Roserade, F
|poke|p2|Slowbro, M
|poke|p2|Gardevoir, M, shiny
|poke|p2|Garchomp, F
|rule|Swagger Clause: Swagger is banned
|rule|Baton Pass Clause: Limit one Pokémon knowing Baton Pass
|rule|Sleep Clause Mod: Limit one foe put to sleep
|rule|Species Clause: Limit one of each Pokémon
|rule|OHKO Clause: OHKO moves are banned
|rule|Moody Clause: Moody is banned
|rule|Evasion Moves Clause: Evasion moves are banned
|rule|Endless Battle Clause: Forcing endless battles is banned
|rule|HP Percentage Mod: HP is shown in percentages
|teampreview
|
|start
|switch|p1a: Rotom-Wash|Rotom-Wash|304\/304
|switch|p2a: Roserade|Roserade, F|324\/324
|turn|1
|
|switch|p1a: Heatran|Heatran, M|386\/386
|move|p2a: Roserade|Sleep Powder|p1a: Heatran
|-status|p1a: Heatran|slp
|
|turn|2
|c|★MyLittleDick|i never understand
|
|move|p2a: Roserade|Toxic Spikes|p1a: Heatran
|-sidestart|p1: MyLittleDick|move: Toxic Spikes
|cant|p1a: Heatran|slp
|
|turn|3
|
|move|p2a: Roserade|Toxic Spikes|p1a: Heatran
|-sidestart|p1: MyLittleDick|move: Toxic Spikes
|cant|p1a: Heatran|slp
|
|turn|4
|
|switch|p2a: Garchomp|Garchomp, F|363\/363
|cant|p1a: Heatran|slp
|
|turn|5
|c|★MyLittleDick|annoying cnt
|c|★MyLittleDick|cunt
|
|switch|p1a: Rotom-Wash|Rotom-Wash|304\/304
|move|p2a: Garchomp|Swords Dance|p2a: Garchomp
|-boost|p2a: Garchomp|atk|2
|
|turn|6
|
|move|p2a: Garchomp|Outrage|p1a: Rotom-Wash
|-damage|p1a: Rotom-Wash|18\/304
|move|p1a: Rotom-Wash|Will-O-Wisp|p2a: Garchomp|[miss]
|-miss|p1a: Rotom-Wash|p2a: Garchomp
|
|-heal|p1a: Rotom-Wash|37\/304|[from] item: Leftovers
|turn|7
|c|★MyLittleDick|fucking rat
|c|★MyLittleDick|jesus
|
|switch|p1a: Heatran|Heatran, M|386\/386 slp
|move|p2a: Garchomp|Outrage|p1a: Heatran
|-resisted|p1a: Heatran
|-damage|p1a: Heatran|190\/386 slp
|
|-heal|p1a: Heatran|214\/386 slp|[from] item: Leftovers
|turn|8
|
|move|p2a: Garchomp|Outrage|p1a: Heatran
|-resisted|p1a: Heatran
|-damage|p1a: Heatran|1\/386 slp
|-curestatus|p1a: Heatran|slp
|move|p1a: Heatran|Stealth Rock|p2a: Garchomp
|-sidestart|p2: chibigengar23|move: Stealth Rock
|
|-end|p2a: Garchomp|rampage
|-start|p2a: Garchomp|confusion
|-heal|p1a: Heatran|25\/386|[from] item: Leftovers
|-enditem|p2a: Garchomp|Lum Berry|[eat]
|-end|p2a: Garchomp|confusion
|turn|9
|
|move|p2a: Garchomp|Earthquake|p1a: Heatran
|-supereffective|p1a: Heatran
|-damage|p1a: Heatran|0 fnt
|faint|p1a: Heatran
|
|
|switch|p1a: Latios|Latios, M|301\/301
|turn|10
|
|move|p1a: Latios|Defog|p2a: Garchomp
|-unboost|p2a: Garchomp|evasion|1
|-sideend|p2: chibigengar23|Stealth Rock|[from] move: Defog|[of] p2a: Garchomp
|-sideend|p1: MyLittleDick|Toxic Spikes|[from] move: Defog|[of] p1a: Latios
|move|p2a: Garchomp|Outrage|p1a: Latios
|-supereffective|p1a: Latios
|-damage|p1a: Latios|0 fnt
|faint|p1a: Latios
|
|
|switch|p1a: Keldeo-Resolute|Keldeo-Resolute|323\/323
|turn|11
|
|move|p1a: Keldeo-Resolute|Icy Wind|p2a: Garchomp
|-supereffective|p2a: Garchomp
|-damage|p2a: Garchomp|0 fnt
|faint|p2a: Garchomp
|
|
|switch|p2a: Roserade|Roserade, F|324\/324
|turn|12
|
|switch|p1a: Rotom-Wash|Rotom-Wash|37\/304
|move|p2a: Roserade|Sleep Powder|p1a: Rotom-Wash
|-status|p1a: Rotom-Wash|slp
|
|-heal|p1a: Rotom-Wash|56\/304 slp|[from] item: Leftovers
|turn|13
|
|switch|p1a: Landorus-Therian|Landorus-Therian, M|319\/319
|-ability|p1a: Landorus-Therian|Intimidate|[of] p2a: Roserade
|-unboost|p2a: Roserade|atk|1
|move|p2a: Roserade|Toxic Spikes|p1a: Landorus-Therian
|-sidestart|p1: MyLittleDick|move: Toxic Spikes
|
|turn|14
|
|move|p1a: Landorus-Therian|Knock Off|p2a: Roserade
|-damage|p2a: Roserade|130\/324
|-enditem|p2a: Roserade|Focus Sash|[from] move: Knock Off|[of] p1a: Landorus-Therian
|move|p2a: Roserade|Giga Drain|p1a: Landorus-Therian
|-damage|p1a: Landorus-Therian|198\/319
|-heal|p2a: Roserade|191\/324|[from] drain|[of] p1a: Landorus-Therian
|
|turn|15
|
|move|p1a: Landorus-Therian|Knock Off|p2a: Roserade
|-damage|p2a: Roserade|76\/324
|move|p2a: Roserade|Giga Drain|p1a: Landorus-Therian
|-damage|p1a: Landorus-Therian|75\/319
|-heal|p2a: Roserade|138\/324|[from] drain|[of] p1a: Landorus-Therian
|
|turn|16
|
|move|p1a: Landorus-Therian|Knock Off|p2a: Roserade
|-crit|p2a: Roserade
|-damage|p2a: Roserade|0 fnt
|faint|p2a: Roserade
|
|
|switch|p2a: Mienshao|Mienshao, F|272\/272
|turn|17
|
|switch|p1a: Rotom-Wash|Rotom-Wash|56\/304 slp
|move|p2a: Mienshao|Knock Off|p1a: Rotom-Wash
|-damage|p1a: Rotom-Wash|0 fnt
|-enditem|p1a: Rotom-Wash|Leftovers|[from] move: Knock Off|[of] p2a: Mienshao
|faint|p1a: Rotom-Wash
|
|
|switch|p1a: Keldeo-Resolute|Keldeo-Resolute|323\/323
|-status|p1a: Keldeo-Resolute|psn
|turn|18
|
|switch|p2a: Chansey|Chansey, F|642\/642
|move|p1a: Keldeo-Resolute|Scald|p2a: Chansey
|-damage|p2a: Chansey|542\/642
|-status|p2a: Chansey|brn
|
|-damage|p1a: Keldeo-Resolute|283\/323 psn|[from] psn
|-damage|p2a: Chansey|462\/642 brn|[from] brn
|turn|19
|
|switch|p1a: Landorus-Therian|Landorus-Therian, M|75\/319
|-ability|p1a: Landorus-Therian|Intimidate|[of] p2a: Chansey
|-unboost|p2a: Chansey|atk|1
|move|p2a: Chansey|Seismic Toss|p1a: Landorus-Therian
|-damage|p1a: Landorus-Therian|0 fnt
|faint|p1a: Landorus-Therian
|
|-damage|p2a: Chansey|382\/642 brn|[from] brn
|
|switch|p1a: Gallade|Gallade, M|277\/277
|-status|p1a: Gallade|psn
|turn|20
|
|detailschange|p1a: Gallade|Gallade-Mega, M
|-mega|p1a: Gallade|Gallade|Galladite
|move|p1a: Gallade|Swords Dance|p1a: Gallade
|-boost|p1a: Gallade|atk|2
|move|p2a: Chansey|Wish|p2a: Chansey
|
|-damage|p1a: Gallade|243\/277 psn|[from] psn
|-damage|p2a: Chansey|302\/642 brn|[from] brn
|turn|21
|
|move|p1a: Gallade|Knock Off|p2a: Chansey
|-damage|p2a: Chansey|0 fnt
|-enditem|p2a: Chansey|Eviolite|[from] move: Knock Off|[of] p1a: Gallade
|faint|p2a: Chansey
|
|-damage|p1a: Gallade|209\/277 psn|[from] psn
|
|switch|p2a: Slowbro|Slowbro, M|394\/394
|turn|22
|
|move|p1a: Gallade|Knock Off|p2a: Slowbro
|-supereffective|p2a: Slowbro
|-damage|p2a: Slowbro|26\/394
|-damage|p1a: Gallade|163\/277 psn|[from] item: Rocky Helmet|[of] p2a: Slowbro
|-enditem|p2a: Slowbro|Rocky Helmet|[from] move: Knock Off|[of] p1a: Gallade
|move|p2a: Slowbro|Scald|p1a: Gallade
|-damage|p1a: Gallade|79\/277 psn
|
|-damage|p1a: Gallade|45\/277 psn|[from] psn
|turn|23
|
|switch|p1a: Keldeo-Resolute|Keldeo-Resolute|283\/323 psn
|move|p2a: Slowbro|Slack Off|p2a: Slowbro
|-heal|p2a: Slowbro|223\/394
|
|-damage|p1a: Keldeo-Resolute|243\/323 psn|[from] psn
|turn|24
|
|move|p1a: Keldeo-Resolute|Hydro Pump|p2a: Slowbro
|-resisted|p2a: Slowbro
|-damage|p2a: Slowbro|34\/394
|move|p2a: Slowbro|Psyshock|p1a: Keldeo-Resolute
|-supereffective|p1a: Keldeo-Resolute
|-damage|p1a: Keldeo-Resolute|37\/323 psn
|
|-damage|p1a: Keldeo-Resolute|0 fnt|[from] psn
|faint|p1a: Keldeo-Resolute
|
|switch|p1a: Gallade|Gallade-Mega, M|45\/277 psn
|turn|25
|
|move|p1a: Gallade|Knock Off|p2a: Slowbro
|-supereffective|p2a: Slowbro
|-damage|p2a: Slowbro|0 fnt
|faint|p2a: Slowbro
|
|-damage|p1a: Gallade|11\/277 psn|[from] psn
|
|switch|p2a: Gardevoir|Gardevoir, M, shiny|339\/339
|-ability|p2a: Gardevoir|Inner Focus|[from] ability: Trace|[of] p1a: Gallade
|turn|26
|
|detailschange|p2a: Gardevoir|Gardevoir-Mega, M, shiny
|-mega|p2a: Gardevoir|Gardevoir|Gardevoirite
|move|p1a: Gallade|Zen Headbutt|p2a: Gardevoir
|-resisted|p2a: Gardevoir
|-damage|p2a: Gardevoir|213\/339
|move|p2a: Gardevoir|Hyper Voice|p1a: Gallade
|-supereffective|p1a: Gallade
|-damage|p1a: Gallade|0 fnt
|faint|p1a: Gallade
|
|win|chibigengar23
|raw|Ladder updating...
|raw|MyLittleDick's rating: 1198 &rarr; <strong>1171<\/strong><br \/>(-27 for losing)
|raw|chibigengar23's rating: 1161 &rarr; <strong>1189<\/strong><br \/>(+28 for winning)
|c|★chibigengar23|gg