|join|Dit dus
|join|OMG_SCUZZLEBUTT
|player|p1|Dit dus|266
|player|p2|OMG_SCUZZLEBUTT|4
|gametype|singles
|gen|6
|tier|OU
|rated
|clearpoke
|poke|p1|Tornadus-Therian, M
|poke|p1|Jirachi
|poke|p1|Rotom-Wash
|poke|p1|Garchomp, F
|poke|p1|Heracross, F
|poke|p1|Clefable, M
|poke|p2|Tyranitar, F
|poke|p2|Excadrill, M
|poke|p2|Greninja, F
|poke|p2|Pinsir, M
|poke|p2|Talonflame, M
|poke|p2|Dragonite, M
|rule|Swagger Clause: Swagger is banned
|rule|Baton Pass Clause: Limit one Pokémon knowing Baton Pass
|rule|Sleep Clause Mod: Limit one foe put to sleep
|rule|Species Clause: Limit one of each Pokémon
|rule|OHKO Clause: OHKO moves are banned
|rule|Moody Clause: Moody is banned
|rule|Evasion Moves Clause: Evasion moves are banned
|rule|Endless Battle Clause: Forcing endless battles is banned
|rule|HP Percentage Mod: HP is shown in percentages
|teampreview
|
|start
|switch|p1a: Jirachi|Jirachi|341\/341
|switch|p2a: Tyranitar|Tyranitar, F|341\/341
|-weather|Sandstorm
|turn|1
|
|move|p1a: Jirachi|Iron Head|p2a: Tyranitar
|-supereffective|p2a: Tyranitar
|-damage|p2a: Tyranitar|135\/341
|cant|p2a: Tyranitar|flinch
|
|-weather|Sandstorm|[upkeep]
|turn|2
|
|switch|p2a: Excadrill|Excadrill, M|369\/369
|move|p1a: Jirachi|Iron Head|p2a: Excadrill
|-resisted|p2a: Excadrill
|-damage|p2a: Excadrill|287\/369
|
|-weather|Sandstorm|[upkeep]
|turn|3
|
|switch|p1a: Rotom-Wash|Rotom-Wash|241\/241
|move|p2a: Excadrill|Rock Slide|p1a: Rotom-Wash
|-damage|p1a: Rotom-Wash|111\/241
|-damage|p2a: Excadrill|251\/369|[from] item: Life Orb
|
|-weather|Sandstorm|[upkeep]
|-damage|p1a: Rotom-Wash|96\/241|[from] sandstorm
|turn|4
|
|move|p2a: Excadrill|Rock Slide|p1a: Rotom-Wash
|-damage|p1a: Rotom-Wash|0 fnt
|-damage|p2a: Excadrill|215\/369|[from] item: Life Orb
|faint|p1a: Rotom-Wash
|
|-weather|Sandstorm|[upkeep]
|
|switch|p1a: Heracross|Heracross, F|301\/301
|turn|5
|
|detailschange|p1a: Heracross|Heracross-Mega, F
|message|Heracross has Mega Evolved into Mega Heracross!
|move|p2a: Excadrill|Iron Head|p1a: Heracross
|-damage|p1a: Heracross|109\/301
|-damage|p2a: Excadrill|179\/369|[from] item: Life Orb
|move|p1a: Heracross|Close Combat|p2a: Excadrill
|-supereffective|p2a: Excadrill
|-damage|p2a: Excadrill|0 fnt
|-unboost|p1a: Heracross|def|1
|-unboost|p1a: Heracross|spd|1
|faint|p2a: Excadrill
|
|-weather|none
|
|switch|p2a: Pinsir|Pinsir, M|271\/271
|turn|6
|
|detailschange|p2a: Pinsir|Pinsir-Mega, M
|message|Pinsir has Mega Evolved into Mega Pinsir!
|move|p2a: Pinsir|Return|p1a: Heracross
|-supereffective|p1a: Heracross
|-damage|p1a: Heracross|0 fnt
|faint|p1a: Heracross
|
|
|switch|p1a: Tornadus-Therian|Tornadus-Therian, M|299\/299
|turn|7
|
|switch|p2a: Talonflame|Talonflame, M|309\/309
|move|p1a: Tornadus-Therian|Hurricane|p2a: Talonflame
|-damage|p2a: Talonflame|7\/309
|-damage|p1a: Tornadus-Therian|270\/299|[from] item: Life Orb
|
|turn|8
|
|switch|p1a: Jirachi|Jirachi|341\/341
|move|p2a: Talonflame|Brave Bird|p1a: Jirachi
|-resisted|p1a: Jirachi
|-damage|p1a: Jirachi|215\/341
|-damage|p2a: Talonflame|0 fnt|[from] recoil|[of] p1a: Jirachi
|faint|p2a: Talonflame
|
|
|switch|p2a: Greninja|Greninja, F|286\/286
|turn|9
|
|move|p1a: Jirachi|U-turn|p2a: Greninja
|-supereffective|p2a: Greninja
|-damage|p2a: Greninja|106\/286
|
|switch|p1a: Clefable|Clefable, M|394\/394
|move|p2a: Greninja|Hydro Pump|p1a: Clefable
|-start|p2a: Greninja|typechange|Water|[from] Protean
|-damage|p1a: Clefable|167\/394
|-damage|p2a: Greninja|78\/286|[from] item: Life Orb
|
|turn|10
|
|move|p2a: Greninja|Hydro Pump|p1a: Clefable
|-damage|p1a: Clefable|0 fnt
|-damage|p2a: Greninja|50\/286|[from] item: Life Orb
|faint|p1a: Clefable
|
|
|switch|p1a: Jirachi|Jirachi|215\/341
|turn|11
|
|switch|p2a: Tyranitar|Tyranitar, F|135\/341
|-weather|Sandstorm
|move|p1a: Jirachi|U-turn|p2a: Tyranitar
|-supereffective|p2a: Tyranitar
|-damage|p2a: Tyranitar|0 fnt
|faint|p2a: Tyranitar
|
|switch|p1a: Garchomp|Garchomp, F|357\/357
|
|-weather|Sandstorm|[upkeep]
|
|switch|p2a: Greninja|Greninja, F|50\/286
|turn|12
|
|move|p2a: Greninja|Hydro Pump|p1a: Garchomp
|-start|p2a: Greninja|typechange|Water|[from] Protean
|-damage|p1a: Garchomp|91\/357
|-damage|p2a: Greninja|22\/286|[from] item: Life Orb
|move|p1a: Garchomp|Stealth Rock|p2a: Greninja
|-sidestart|p2: OMG_SCUZZLEBUTT|move: Stealth Rock
|
|-weather|Sandstorm|[upkeep]
|-damage|p2a: Greninja|5\/286|[from] sandstorm
|turn|13
|
|move|p2a: Greninja|Ice Beam|p1a: Garchomp
|-start|p2a: Greninja|typechange|Ice|[from] Protean
|-supereffective|p1a: Garchomp
|-damage|p1a: Garchomp|0 fnt
|-damage|p2a: Greninja|0 fnt|[from] item: Life Orb
|faint|p1a: Garchomp
|faint|p2a: Greninja
|
|-weather|Sandstorm|[upkeep]
|
|switch|p1a: Tornadus-Therian|Tornadus-Therian, M|299\/299
|switch|p2a: Dragonite|Dragonite, M|323\/323
|-damage|p2a: Dragonite|243\/323|[from] Stealth Rock
|turn|14
|
|move|p1a: Tornadus-Therian|Hurricane|p2a: Dragonite|[miss]
|-miss|p1a: Tornadus-Therian|p2a: Dragonite
|move|p2a: Dragonite|Outrage|p1a: Tornadus-Therian
|-damage|p1a: Tornadus-Therian|0 fnt
|faint|p1a: Tornadus-Therian
|
|-weather|Sandstorm|[upkeep]
|-damage|p2a: Dragonite|223\/323|[from] sandstorm
|
|switch|p1a: Jirachi|Jirachi|215\/341
|turn|15
|
|move|p1a: Jirachi|Iron Head|p2a: Dragonite
|-damage|p2a: Dragonite|108\/323
|move|p2a: Dragonite|Outrage|p1a: Jirachi
|-resisted|p1a: Jirachi
|-damage|p1a: Jirachi|39\/341
|
|-weather|none
|turn|16
|
|move|p1a: Jirachi|Iron Head|p2a: Dragonite
|-damage|p2a: Dragonite|0 fnt
|faint|p2a: Dragonite
|
|
|switch|p2a: Pinsir|Pinsir-Mega, M|271\/271
|-damage|p2a: Pinsir|136\/271|[from] Stealth Rock
|turn|17
|
|move|p2a: Pinsir|Quick Attack|p1a: Jirachi
|-crit|p1a: Jirachi
|-resisted|p1a: Jirachi
|-damage|p1a: Jirachi|0 fnt
|faint|p1a: Jirachi
|
|win|OMG_SCUZZLEBUTT
|raw|Ladder updating...
|raw|Dit dus's rating: 1854 &rarr; <strong>1830<\/strong><br \/>(-24 for losing)
|raw|OMG_SCUZZLEBUTT's rating: 1790 &rarr; <strong>1814<\/strong><br \/>(+24 for winning)
|leave|Dit dus
|player|p1