|join|Eckleburg
|join|giammystealth
|player|p1|Eckleburg|281
|player|p2|giammystealth|290
|gametype|singles
|gen|6
|tier|OU
|rated
|clearpoke
|poke|p1|Greninja, M
|poke|p1|Gengar, M
|poke|p1|Conkeldurr, M
|poke|p1|Sableye, M
|poke|p1|Skarmory, F
|poke|p1|Chansey, F
|poke|p2|Heracross, F
|poke|p2|Smeargle, M, shiny
|poke|p2|Espeon, M
|poke|p2|Chansey, F
|poke|p2|Heatran, M
|poke|p2|Gyarados, M
|rule|Swagger Clause: Swagger is banned
|rule|Baton Pass Clause: Limit one Pokémon knowing Baton Pass
|rule|Sleep Clause Mod: Limit one foe put to sleep
|rule|Species Clause: Limit one of each Pokémon
|rule|OHKO Clause: OHKO moves are banned
|rule|Moody Clause: Moody is banned
|rule|Evasion Moves Clause: Evasion moves are banned
|rule|Endless Battle Clause: Forcing endless battles is banned
|rule|HP Percentage Mod: HP is shown in percentages
|teampreview
|
|start
|switch|p1a: Guignol|Gengar, M|262\/262
|switch|p2a: Heracross|Heracross, F|358\/358
|turn|1
|c|★giammystealth|gl
|c|★Eckleburg|gl
|
|detailschange|p2a: Heracross|Heracross-Mega, F
|message|Heracross has Mega Evolved into Mega Heracross!
|move|p1a: Guignol|Dazzling Gleam|p2a: Heracross
|-supereffective|p2a: Heracross
|-damage|p2a: Heracross|168\/358
|move|p2a: Heracross|Rock Blast|p1a: Guignol
|-damage|p1a: Guignol|191\/262
|-damage|p1a: Guignol|121\/262
|-damage|p1a: Guignol|54\/262
|-damage|p1a: Guignol|0 fnt
|-hitcount|p1a: Guignol|4
|faint|p1a: Guignol
|
|
|switch|p1a: Koo Koo|Skarmory, F|334\/334
|turn|2
|
|switch|p2a: Smeargle|Smeargle, M, shiny|314\/314
|move|p1a: Koo Koo|Stealth Rock|p2a: Smeargle
|-sidestart|p2: giammystealth|move: Stealth Rock
|
|turn|3
|
|move|p2a: Smeargle|Geomancy|p2a: Smeargle|[still]
|-prepare|p2a: Smeargle|Geomancy|p2a: Smeargle
|-enditem|p2a: Smeargle|Power Herb
|-anim|p2a: Smeargle|Geomancy|p2a: Smeargle
|-boost|p2a: Smeargle|spa|2
|-boost|p2a: Smeargle|spd|2
|-boost|p2a: Smeargle|spe|2
|move|p1a: Koo Koo|Whirlwind|p2a: Smeargle
|drag|p2a: Gyarados|Gyarados, M|339\/339
|-damage|p2a: Gyarados|255\/339|[from] Stealth Rock
|
|turn|4
|
|move|p2a: Gyarados|Waterfall|p1a: Koo Koo
|-damage|p1a: Koo Koo|241\/334
|cant|p1a: Koo Koo|flinch
|
|-heal|p1a: Koo Koo|261\/334|[from] item: Leftovers
|turn|5
|
|switch|p2a: Chansey|Chansey, F|704\/704
|-damage|p2a: Chansey|616\/704|[from] Stealth Rock
|move|p1a: Koo Koo|Brave Bird|p2a: Chansey
|-damage|p2a: Chansey|211\/704
|-damage|p1a: Koo Koo|127\/334|[from] recoil|[of] p2a: Chansey
|
|-heal|p1a: Koo Koo|147\/334|[from] item: Leftovers
|turn|6
|
|move|p1a: Koo Koo|Roost|p1a: Koo Koo
|-heal|p1a: Koo Koo|314\/334
|move|p2a: Chansey|Soft-Boiled|p2a: Chansey
|-heal|p2a: Chansey|563\/704
|
|-heal|p1a: Koo Koo|334\/334|[from] item: Leftovers
|turn|7
|
|switch|p2a: Heatran|Heatran, M|386\/386
|-damage|p2a: Heatran|338\/386|[from] Stealth Rock
|-item|p2a: Heatran|Air Balloon
|move|p1a: Koo Koo|Brave Bird|p2a: Heatran
|-resisted|p2a: Heatran
|-damage|p2a: Heatran|297\/386
|-enditem|p2a: Heatran|Air Balloon
|-damage|p1a: Koo Koo|320\/334|[from] recoil|[of] p2a: Heatran
|
|-heal|p1a: Koo Koo|334\/334|[from] item: Leftovers
|turn|8
|
|switch|p1a: Intello|Chansey, F|641\/641
|move|p2a: Heatran|Flamethrower|p1a: Intello
|-damage|p1a: Intello|574\/641
|
|turn|9
|
|move|p2a: Heatran|Stealth Rock|p1a: Intello
|-sidestart|p1: Eckleburg|move: Stealth Rock
|move|p1a: Intello|Thunder Wave|p2a: Heatran
|-status|p2a: Heatran|par
|
|turn|10
|
|switch|p2a: Chansey|Chansey, F|563\/704
|-damage|p2a: Chansey|475\/704|[from] Stealth Rock
|move|p1a: Intello|Seismic Toss|p2a: Chansey
|-damage|p2a: Chansey|375\/704
|
|turn|11
|
|move|p1a: Intello|Thunder Wave|p2a: Chansey
|-status|p2a: Chansey|par
|move|p2a: Chansey|Wish|p2a: Chansey
|
|turn|12
|
|switch|p1a: Fou|Greninja, M|286\/286
|-damage|p1a: Fou|251\/286|[from] Stealth Rock
|switch|p2a: Heracross|Heracross-Mega, F|168\/358
|-damage|p2a: Heracross|124\/358|[from] Stealth Rock
|
|-heal|p2a: Heracross|358\/358|[from] move: Wish|[wisher] Chansey
|turn|13
|
|switch|p2a: Chansey|Chansey, F|375\/704
|-damage|p2a: Chansey|287\/704|[from] Stealth Rock
|move|p1a: Fou|Hidden Power|p2a: Chansey
|-start|p1a: Fou|typechange|Fire|[from] Protean
|-damage|p2a: Chansey|229\/704
|
|turn|14
|
|switch|p1a: Veine|Conkeldurr, M|351\/351
|-damage|p1a: Veine|330\/351|[from] Stealth Rock
|move|p2a: Chansey|Soft-Boiled|p2a: Chansey
|-heal|p2a: Chansey|581\/704
|
|turn|15
|
|switch|p2a: Gyarados|Gyarados, M|255\/339
|-damage|p2a: Gyarados|171\/339|[from] Stealth Rock
|move|p1a: Veine|Drain Punch|p2a: Gyarados
|-resisted|p2a: Gyarados
|-damage|p2a: Gyarados|72\/339
|-heal|p1a: Veine|351\/351|[from] drain|[of] p2a: Gyarados
|
|turn|16
|
|move|p2a: Gyarados|Outrage|p1a: Veine
|-damage|p1a: Veine|185\/351
|move|p1a: Veine|Drain Punch|p2a: Gyarados
|-resisted|p2a: Gyarados
|-damage|p2a: Gyarados|0 fnt
|-heal|p1a: Veine|221\/351|[from] drain|[of] p2a: Gyarados
|faint|p2a: Gyarados
|
|
|switch|p2a: Heracross|Heracross-Mega, F|358\/358
|-damage|p2a: Heracross|314\/358|[from] Stealth Rock
|turn|17
|
|switch|p1a: Koo Koo|Skarmory, F|334\/334
|-damage|p1a: Koo Koo|293\/334|[from] Stealth Rock
|move|p2a: Heracross|Aerial Ace|p1a: Koo Koo
|-crit|p1a: Koo Koo
|-resisted|p1a: Koo Koo
|-damage|p1a: Koo Koo|250\/334
|
|-heal|p1a: Koo Koo|270\/334|[from] item: Leftovers
|turn|18
|
|switch|p2a: Heatran|Heatran, M|297\/386 par
|-damage|p2a: Heatran|249\/386 par|[from] Stealth Rock
|move|p1a: Koo Koo|Whirlwind|p2a: Heatran
|drag|p2a: Heracross|Heracross-Mega, F|314\/358
|-damage|p2a: Heracross|270\/358|[from] Stealth Rock
|
|-heal|p1a: Koo Koo|290\/334|[from] item: Leftovers
|turn|19
|
|switch|p2a: Heatran|Heatran, M|249\/386 par
|-damage|p2a: Heatran|201\/386 par|[from] Stealth Rock
|move|p1a: Koo Koo|Whirlwind|p2a: Heatran
|drag|p2a: Chansey|Chansey, F|581\/704
|-damage|p2a: Chansey|493\/704|[from] Stealth Rock
|
|-heal|p1a: Koo Koo|310\/334|[from] item: Leftovers
|turn|20
|
|move|p1a: Koo Koo|Brave Bird|p2a: Chansey
|-damage|p2a: Chansey|123\/704
|-damage|p1a: Koo Koo|188\/334|[from] recoil|[of] p2a: Chansey
|move|p2a: Chansey|Wish|p2a: Chansey
|
|-heal|p1a: Koo Koo|208\/334|[from] item: Leftovers
|turn|21
|
|switch|p2a: Heatran|Heatran, M|201\/386 par
|-damage|p2a: Heatran|153\/386 par|[from] Stealth Rock
|move|p1a: Koo Koo|Whirlwind|p2a: Heatran
|drag|p2a: Chansey|Chansey, F|123\/704
|-damage|p2a: Chansey|35\/704|[from] Stealth Rock
|
|-heal|p2a: Chansey|387\/704|[from] move: Wish|[wisher] Chansey
|-heal|p1a: Koo Koo|228\/334|[from] item: Leftovers
|turn|22
|
|move|p1a: Koo Koo|Brave Bird|p2a: Chansey
|-damage|p2a: Chansey|0 fnt
|-damage|p1a: Koo Koo|100\/334|[from] recoil|[of] p2a: Chansey
|faint|p2a: Chansey
|
|-heal|p1a: Koo Koo|120\/334|[from] item: Leftovers
|
|switch|p2a: Heatran|Heatran, M|153\/386 par
|-damage|p2a: Heatran|105\/386 par|[from] Stealth Rock
|turn|23
|
|move|p1a: Koo Koo|Brave Bird|p2a: Heatran
|-resisted|p2a: Heatran
|-damage|p2a: Heatran|63\/386 par
|-damage|p1a: Koo Koo|106\/334|[from] recoil|[of] p2a: Heatran
|cant|p2a: Heatran|par
|
|-heal|p1a: Koo Koo|126\/334|[from] item: Leftovers
|turn|24
|c|★giammystealth|ufff
|c|★Eckleburg|Sry dude.
|c|★giammystealth|;)
|
|switch|p1a: Intello|Chansey, F|574\/641
|-damage|p1a: Intello|494\/641|[from] Stealth Rock
|move|p2a: Heatran|Flamethrower|p1a: Intello
|-damage|p1a: Intello|434\/641
|
|turn|25
|
|switch|p2a: Smeargle|Smeargle, M, shiny|314\/314
|-damage|p2a: Smeargle|275\/314|[from] Stealth Rock
|move|p1a: Intello|Seismic Toss|p2a: Smeargle
|-damage|p2a: Smeargle|175\/314
|
|turn|26
|
|switch|p1a: Koo Koo|Skarmory, F|126\/334
|-damage|p1a: Koo Koo|85\/334|[from] Stealth Rock
|move|p2a: Smeargle|Spore|p1a: Koo Koo
|-status|p1a: Koo Koo|slp
|
|-heal|p1a: Koo Koo|105\/334 slp|[from] item: Leftovers
|turn|27
|
|move|p2a: Smeargle|Cotton Guard|p2a: Smeargle
|-boost|p2a: Smeargle|def|3
|cant|p1a: Koo Koo|slp
|
|-heal|p1a: Koo Koo|125\/334 slp|[from] item: Leftovers
|turn|28
|
|move|p2a: Smeargle|Baton Pass|p2a: Smeargle
|
|switch|p2a: Espeon|Espeon, M|271\/271
|-damage|p2a: Espeon|238\/271|[from] Stealth Rock
|cant|p1a: Koo Koo|slp
|
|-heal|p2a: Espeon|254\/271|[from] item: Leftovers
|-heal|p1a: Koo Koo|145\/334 slp|[from] item: Leftovers
|turn|29
|
|move|p2a: Espeon|Stored Power|p1a: Koo Koo
|-resisted|p1a: Koo Koo
|-damage|p1a: Koo Koo|54\/334 slp
|cant|p1a: Koo Koo|slp
|
|-heal|p2a: Espeon|270\/271|[from] item: Leftovers
|-heal|p1a: Koo Koo|74\/334 slp|[from] item: Leftovers
|turn|30
|
|move|p2a: Espeon|Stored Power|p1a: Koo Koo
|-crit|p1a: Koo Koo
|-resisted|p1a: Koo Koo
|-damage|p1a: Koo Koo|0 fnt
|faint|p1a: Koo Koo
|
|-heal|p2a: Espeon|271\/271|[from] item: Leftovers
|
|switch|p1a: Intello|Chansey, F|434\/641
|-damage|p1a: Intello|354\/641|[from] Stealth Rock
|turn|31
|
|move|p2a: Espeon|Calm Mind|p2a: Espeon
|-boost|p2a: Espeon|spa|1
|-boost|p2a: Espeon|spd|1
|move|p1a: Intello|Soft-Boiled|p1a: Intello
|-heal|p1a: Intello|641\/641
|
|turn|32
|
|move|p2a: Espeon|Calm Mind|p2a: Espeon
|-boost|p2a: Espeon|spa|1
|-boost|p2a: Espeon|spd|1
|move|p1a: Intello|Seismic Toss|p2a: Espeon
|-damage|p2a: Espeon|171\/271
|
|-heal|p2a: Espeon|187\/271|[from] item: Leftovers
|turn|33
|
|move|p2a: Espeon|Calm Mind|p2a: Espeon
|-boost|p2a: Espeon|spa|1
|-boost|p2a: Espeon|spd|1
|move|p1a: Intello|Seismic Toss|p2a: Espeon
|-damage|p2a: Espeon|87\/271
|
|-heal|p2a: Espeon|103\/271|[from] item: Leftovers
|turn|34
|
|move|p2a: Espeon|Morning Sun|p2a: Espeon
|-heal|p2a: Espeon|238\/271
|move|p1a: Intello|Seismic Toss|p2a: Espeon
|-damage|p2a: Espeon|138\/271
|
|-heal|p2a: Espeon|154\/271|[from] item: Leftovers
|turn|35
|
|move|p2a: Espeon|Stored Power|p1a: Intello
|-damage|p1a: Intello|235\/641
|move|p1a: Intello|Seismic Toss|p2a: Espeon
|-damage|p2a: Espeon|54\/271
|
|-heal|p2a: Espeon|70\/271|[from] item: Leftovers
|turn|36
|
|move|p2a: Espeon|Morning Sun|p2a: Espeon
|-heal|p2a: Espeon|205\/271
|move|p1a: Intello|Seismic Toss|p2a: Espeon
|-damage|p2a: Espeon|105\/271
|
|-heal|p2a: Espeon|121\/271|[from] item: Leftovers
|turn|37
|
|move|p2a: Espeon|Morning Sun|p2a: Espeon
|-heal|p2a: Espeon|256\/271
|move|p1a: Intello|Seismic Toss|p2a: Espeon
|-damage|p2a: Espeon|156\/271
|
|-heal|p2a: Espeon|172\/271|[from] item: Leftovers
|turn|38
|
|move|p2a: Espeon|Stored Power|p1a: Intello
|-damage|p1a: Intello|0 fnt
|faint|p1a: Intello
|
|-heal|p2a: Espeon|188\/271|[from] item: Leftovers
|
|switch|p1a: Veine|Conkeldurr, M|221\/351
|-damage|p1a: Veine|200\/351|[from] Stealth Rock
|turn|39
|
|move|p2a: Espeon|Stored Power|p1a: Veine
|-supereffective|p1a: Veine
|-damage|p1a: Veine|0 fnt
|faint|p1a: Veine
|
|-heal|p2a: Espeon|204\/271|[from] item: Leftovers
|
|switch|p1a: Fou|Greninja, M|251\/286
|-damage|p1a: Fou|216\/286|[from] Stealth Rock
|turn|40
|
|switch|p1a: Mine|Sableye, M|304\/304
|-damage|p1a: Mine|266\/304|[from] Stealth Rock
|move|p2a: Espeon|Dazzling Gleam|p1a: Mine
|-supereffective|p1a: Mine
|-damage|p1a: Mine|0 fnt
|faint|p1a: Mine
|
|-heal|p2a: Espeon|220\/271|[from] item: Leftovers
|c|★Eckleburg|gg
|
|switch|p1a: Fou|Greninja, M|216\/286
|-damage|p1a: Fou|181\/286|[from] Stealth Rock
|turn|41
|
|move|p1a: Fou|Surf|p2a: Espeon
|-start|p1a: Fou|typechange|Water|[from] Protean
|-damage|p2a: Espeon|138\/271
|move|p2a: Espeon|Dazzling Gleam|p1a: Fou
|-damage|p1a: Fou|0 fnt
|faint|p1a: Fou
|
|win|giammystealth
|raw|Ladder updating...
|raw|Eckleburg's rating: 1322 &rarr; <strong>1304<\/strong><br \/>(-18 for losing)
|raw|giammystealth's rating: 1350 &rarr; <strong>1368<\/strong><br \/>(+18 for winning)
|c|★giammystealth|gg
|leave|Eckleburg
|player|p1