|join|Eckleburg
|join|Flarebot
|player|p1|Eckleburg|160
|player|p2|Flarebot|218
|gametype|singles
|gen|6
|tier|OU
|rated
|clearpoke
|poke|p1|Keldeo-Resolute
|poke|p1|Landorus-Therian, M
|poke|p1|Bisharp, M
|poke|p1|Gardevoir, M
|poke|p1|Magnezone
|poke|p1|Latias, F
|poke|p2|Tyranitar, M
|poke|p2|Altaria, F
|poke|p2|Excadrill, M
|poke|p2|Kyurem-Black
|poke|p2|Ferrothorn, M
|poke|p2|Talonflame, M
|rule|Swagger Clause: Swagger is banned
|rule|Baton Pass Clause: Limit one Pokémon knowing Baton Pass
|rule|Sleep Clause Mod: Limit one foe put to sleep
|rule|Species Clause: Limit one of each Pokémon
|rule|OHKO Clause: OHKO moves are banned
|rule|Moody Clause: Moody is banned
|rule|Evasion Moves Clause: Evasion moves are banned
|rule|Endless Battle Clause: Forcing endless battles is banned
|rule|HP Percentage Mod: HP is shown in percentages
|teampreview
|
|start
|switch|p1a: Landorus-Therian|Landorus-Therian, M|382\/382
|switch|p2a: Tyranitar|Tyranitar, M|365\/365
|-ability|p1a: Landorus-Therian|Intimidate|[of] p2a: Tyranitar
|-unboost|p2a: Tyranitar|atk|1
|-weather|Sandstorm
|turn|1
|
|move|p1a: Landorus-Therian|Earthquake|p2a: Tyranitar
|-supereffective|p2a: Tyranitar
|-damage|p2a: Tyranitar|15\/365
|move|p2a: Tyranitar|Ice Beam|p1a: Landorus-Therian
|-supereffective|p1a: Landorus-Therian
|-damage|p1a: Landorus-Therian|58\/382
|
|-weather|Sandstorm|[upkeep]
|-heal|p1a: Landorus-Therian|81\/382|[from] item: Leftovers
|turn|2
|
|move|p1a: Landorus-Therian|U-turn|p2a: Tyranitar
|-supereffective|p2a: Tyranitar
|-damage|p2a: Tyranitar|0 fnt
|faint|p2a: Tyranitar
|
|switch|p1a: Keldeo-Resolute|Keldeo-Resolute|324\/324
|
|-weather|Sandstorm|[upkeep]
|-damage|p1a: Keldeo-Resolute|304\/324|[from] sandstorm
|
|switch|p2a: Talonflame|Talonflame, M|319\/319
|turn|3
|
|switch|p1a: Landorus-Therian|Landorus-Therian, M|81\/382
|-ability|p1a: Landorus-Therian|Intimidate|[of] p2a: Talonflame
|-unboost|p2a: Talonflame|atk|1
|move|p2a: Talonflame|Brave Bird|p1a: Landorus-Therian
|-damage|p1a: Landorus-Therian|0 fnt
|-damage|p2a: Talonflame|292\/319|[from] recoil|[of] p1a: Landorus-Therian
|faint|p1a: Landorus-Therian
|
|-weather|Sandstorm|[upkeep]
|-damage|p2a: Talonflame|273\/319|[from] sandstorm
|
|switch|p1a: Latias|Latias, F|319\/319
|turn|4
|
|switch|p2a: Excadrill|Excadrill, M|385\/385
|switch|p1a: Magnezone|Magnezone|282\/282
|
|-weather|Sandstorm|[upkeep]
|turn|5
|
|switch|p1a: Latias|Latias, F|319\/319
|move|p2a: Excadrill|Iron Head|p1a: Latias
|-damage|p1a: Latias|120\/319
|-damage|p2a: Excadrill|347\/385|[from] item: Life Orb
|
|-weather|Sandstorm|[upkeep]
|-damage|p1a: Latias|101\/319|[from] sandstorm
|turn|6
|
|move|p2a: Excadrill|Iron Head|p1a: Latias
|-damage|p1a: Latias|0 fnt
|-damage|p2a: Excadrill|309\/385|[from] item: Life Orb
|faint|p1a: Latias
|
|-weather|Sandstorm|[upkeep]
|
|switch|p1a: Keldeo-Resolute|Keldeo-Resolute|304\/324
|turn|7
|
|move|p2a: Excadrill|Earthquake|p1a: Keldeo-Resolute
|-damage|p1a: Keldeo-Resolute|39\/324
|-damage|p2a: Excadrill|271\/385|[from] item: Life Orb
|move|p1a: Keldeo-Resolute|Scald|p2a: Excadrill
|-supereffective|p2a: Excadrill
|-damage|p2a: Excadrill|0 fnt
|faint|p2a: Excadrill
|
|-weather|Sandstorm|[upkeep]
|-damage|p1a: Keldeo-Resolute|19\/324|[from] sandstorm
|
|switch|p2a: Talonflame|Talonflame, M|273\/319
|turn|8
|
|move|p2a: Talonflame|Brave Bird|p1a: Keldeo-Resolute
|-supereffective|p1a: Keldeo-Resolute
|-damage|p1a: Keldeo-Resolute|0 fnt
|-damage|p2a: Talonflame|267\/319|[from] recoil|[of] p1a: Keldeo-Resolute
|faint|p1a: Keldeo-Resolute
|
|-weather|none
|
|switch|p1a: Gardevoir|Gardevoir, M|278\/278
|-ability|p1a: Gardevoir|Gale Wings|[from] ability: Trace|[of] p2a: Talonflame
|turn|9
|
|detailschange|p1a: Gardevoir|Gardevoir-Mega, M
|-mega|p1a: Gardevoir|Gardevoir|Gardevoirite
|move|p2a: Talonflame|Brave Bird|p1a: Gardevoir
|-damage|p1a: Gardevoir|26\/278
|-damage|p2a: Talonflame|184\/319|[from] recoil|[of] p1a: Gardevoir
|move|p1a: Gardevoir|Psyshock|p2a: Talonflame
|-damage|p2a: Talonflame|0 fnt
|faint|p2a: Talonflame
|
|
|switch|p2a: Ferrothorn|Ferrothorn, M|352\/352
|turn|10
|
|switch|p1a: Magnezone|Magnezone|282\/282
|move|p2a: Ferrothorn|Leech Seed|p1a: Magnezone
|-start|p1a: Magnezone|move: Leech Seed
|
|-damage|p1a: Magnezone|247\/282|[from] Leech Seed|[of] p2a: Ferrothorn
|turn|11
|
|move|p1a: Magnezone|Hidden Power|p2a: Ferrothorn
|-supereffective|p2a: Ferrothorn
|-damage|p2a: Ferrothorn|108\/352
|move|p2a: Ferrothorn|Spikes|p1a: Magnezone
|-sidestart|p1: Eckleburg|Spikes
|
|-heal|p2a: Ferrothorn|130\/352|[from] item: Leftovers
|-damage|p1a: Magnezone|212\/282|[from] Leech Seed|[of] p2a: Ferrothorn
|-heal|p2a: Ferrothorn|165\/352|[silent]
|turn|12
|
|move|p1a: Magnezone|Hidden Power|p2a: Ferrothorn
|-supereffective|p2a: Ferrothorn
|-damage|p2a: Ferrothorn|0 fnt
|faint|p2a: Ferrothorn
|
|
|switch|p2a: Altaria|Altaria, F|317\/317
|-ability|p2a: Altaria|Cloud Nine
|turn|13
|
|switch|p1a: Gardevoir|Gardevoir-Mega, M|26\/278
|-damage|p1a: Gardevoir|0 fnt|[from] Spikes
|faint|p1a: Gardevoir
|move|p2a: Altaria|Dragon Dance|p2a: Altaria
|-boost|p2a: Altaria|atk|1
|-boost|p2a: Altaria|spe|1
|
|
|switch|p1a: Bisharp|Bisharp, M|272\/272
|-damage|p1a: Bisharp|238\/272|[from] Spikes
|turn|14
|
|detailschange|p2a: Altaria|Altaria-Mega, F
|-mega|p2a: Altaria|Altaria|Altarianite
|move|p2a: Altaria|Earthquake|p1a: Bisharp
|-supereffective|p1a: Bisharp
|-damage|p1a: Bisharp|0 fnt
|faint|p1a: Bisharp
|
|
|switch|p1a: Magnezone|Magnezone|212\/282
|-damage|p1a: Magnezone|177\/282|[from] Spikes
|turn|15
|
|move|p2a: Altaria|Earthquake|p1a: Magnezone
|-supereffective|p1a: Magnezone
|-damage|p1a: Magnezone|0 fnt
|faint|p1a: Magnezone
|
|win|Flarebot
|raw|Ladder updating...
|raw|Eckleburg's rating: 1494 &rarr; <strong>1481<\/strong><br \/>(-13 for losing)
|raw|Flarebot's rating: 1623 &rarr; <strong>1636<\/strong><br \/>(+13 for winning)
|leave|Eckleburg
|c|★Flarebot|gg
|player|p1