|join|Enton Storm
|join|Eckleburg
|player|p1|Enton Storm|68
|player|p2|Eckleburg|160
|gametype|singles
|gen|6
|tier|OU
|rated
|clearpoke
|poke|p1|Metagross, shiny
|poke|p1|Landorus-Therian, M
|poke|p1|Talonflame, F, shiny
|poke|p1|Latias, F
|poke|p1|Greninja, M, shiny
|poke|p1|Ferrothorn, F, shiny
|poke|p2|Keldeo-Resolute
|poke|p2|Landorus-Therian, M
|poke|p2|Bisharp, F
|poke|p2|Gardevoir, F
|poke|p2|Magnezone
|poke|p2|Latias, F
|rule|Swagger Clause: Swagger is banned
|rule|Baton Pass Clause: Limit one Pokémon knowing Baton Pass
|rule|Sleep Clause Mod: Limit one foe put to sleep
|rule|Species Clause: Limit one of each Pokémon
|rule|OHKO Clause: OHKO moves are banned
|rule|Moody Clause: Moody is banned
|rule|Evasion Moves Clause: Evasion moves are banned
|rule|Endless Battle Clause: Forcing endless battles is banned
|rule|HP Percentage Mod: HP is shown in percentages
|teampreview
|
|start
|switch|p1a: Landorus-Therian|Landorus-Therian, M|330\/330
|switch|p2a: Landorus-Therian|Landorus-Therian, M|319\/319
|-ability|p2a: Landorus-Therian|Intimidate|[of] p1a: Landorus-Therian
|-unboost|p1a: Landorus-Therian|atk|1
|-ability|p1a: Landorus-Therian|Intimidate|[of] p2a: Landorus-Therian
|-unboost|p2a: Landorus-Therian|atk|1
|turn|1
|
|move|p2a: Landorus-Therian|U-turn|p1a: Landorus-Therian
|-crit|p1a: Landorus-Therian
|-resisted|p1a: Landorus-Therian
|-damage|p1a: Landorus-Therian|257\/330
|
|switch|p2a: Keldeo-Resolute|Keldeo-Resolute|324\/324
|move|p1a: Landorus-Therian|U-turn|p2a: Keldeo-Resolute
|-resisted|p2a: Keldeo-Resolute
|-damage|p2a: Keldeo-Resolute|291\/324
|
|switch|p1a: Latias|Latias, F|301\/301
|
|turn|2
|
|switch|p2a: Coupe|Bisharp, F|272\/272
|move|p1a: Latias|Draco Meteor|p2a: Coupe
|-resisted|p2a: Coupe
|-damage|p2a: Coupe|116\/272
|-unboost|p1a: Latias|spa|2
|-damage|p1a: Latias|271\/301|[from] item: Life Orb
|
|turn|3
|
|move|p2a: Coupe|Pursuit|p1a: Latias|[from]Pursuit
|-supereffective|p1a: Latias
|-damage|p1a: Latias|0 fnt
|-damage|p2a: Coupe|89\/272|[from] item: Life Orb
|faint|p1a: Latias
|
|
|switch|p1a: Talonflame|Talonflame, F, shiny|319\/319
|turn|4
|
|switch|p2a: Landorus-Therian|Landorus-Therian, M|319\/319
|-ability|p2a: Landorus-Therian|Intimidate|[of] p1a: Talonflame
|-unboost|p1a: Talonflame|atk|1
|move|p1a: Talonflame|Swords Dance|p1a: Talonflame
|-boost|p1a: Talonflame|atk|2
|
|turn|5
|
|move|p1a: Talonflame|Brave Bird|p2a: Landorus-Therian
|-damage|p2a: Landorus-Therian|37\/319
|-damage|p1a: Talonflame|226\/319|[from] recoil|[of] p2a: Landorus-Therian
|move|p2a: Landorus-Therian|Stone Edge|p1a: Talonflame
|-supereffective|p1a: Talonflame
|-damage|p1a: Talonflame|0 fnt
|faint|p1a: Talonflame
|
|
|switch|p1a: Landorus-Therian|Landorus-Therian, M|257\/330
|-ability|p1a: Landorus-Therian|Intimidate|[of] p2a: Landorus-Therian
|-unboost|p2a: Landorus-Therian|atk|1
|turn|6
|
|switch|p2a: Coupe|Bisharp, F|89\/272
|move|p1a: Landorus-Therian|U-turn|p2a: Coupe
|-damage|p2a: Coupe|0 fnt
|faint|p2a: Coupe
|
|switch|p1a: Greninja|Greninja, M, shiny|285\/285
|
|
|switch|p2a: Landorus-Therian|Landorus-Therian, M|37\/319
|-ability|p2a: Landorus-Therian|Intimidate|[of] p1a: Greninja
|-unboost|p1a: Greninja|atk|1
|turn|7
|
|switch|p1a: Landorus-Therian|Landorus-Therian, M|257\/330
|-ability|p1a: Landorus-Therian|Intimidate|[of] p2a: Landorus-Therian
|-unboost|p2a: Landorus-Therian|atk|1
|move|p2a: Landorus-Therian|U-turn|p1a: Landorus-Therian
|-resisted|p1a: Landorus-Therian
|-damage|p1a: Landorus-Therian|223\/330
|
|switch|p2a: Latias|Latias, F|319\/319
|
|turn|8
|
|move|p1a: Landorus-Therian|U-turn|p2a: Latias
|-supereffective|p2a: Latias
|-damage|p2a: Latias|115\/319
|
|switch|p1a: Ferrothorn|Ferrothorn, F, shiny|352\/352
|move|p2a: Latias|Draco Meteor|p1a: Ferrothorn
|-resisted|p1a: Ferrothorn
|-damage|p1a: Ferrothorn|264\/352
|-unboost|p2a: Latias|spa|2
|-damage|p2a: Latias|84\/319|[from] item: Life Orb
|
|-heal|p1a: Ferrothorn|286\/352|[from] item: Leftovers
|turn|9
|
|move|p2a: Latias|Roost|p2a: Latias
|-heal|p2a: Latias|244\/319
|move|p1a: Ferrothorn|Stealth Rock|p2a: Latias
|-sidestart|p2: Eckleburg|move: Stealth Rock
|
|-heal|p1a: Ferrothorn|308\/352|[from] item: Leftovers
|turn|10
|
|switch|p2a: Keldeo-Resolute|Keldeo-Resolute|291\/324
|-damage|p2a: Keldeo-Resolute|271\/324|[from] Stealth Rock
|move|p1a: Ferrothorn|Gyro Ball|p2a: Keldeo-Resolute
|-crit|p2a: Keldeo-Resolute
|-resisted|p2a: Keldeo-Resolute
|-damage|p2a: Keldeo-Resolute|136\/324
|
|-heal|p1a: Ferrothorn|330\/352|[from] item: Leftovers
|turn|11
|
|move|p1a: Ferrothorn|Protect|p1a: Ferrothorn
|-singleturn|p1a: Ferrothorn|Protect
|move|p2a: Keldeo-Resolute|Icy Wind|p1a: Ferrothorn
|-activate|p1a: Ferrothorn|Protect
|
|-heal|p1a: Ferrothorn|352\/352|[from] item: Leftovers
|turn|12
|
|move|p2a: Keldeo-Resolute|Secret Sword|p1a: Ferrothorn
|-supereffective|p1a: Ferrothorn
|-damage|p1a: Ferrothorn|100\/352
|-damage|p2a: Keldeo-Resolute|104\/324|[from] item: Life Orb
|move|p1a: Ferrothorn|Leech Seed|p2a: Keldeo-Resolute
|-start|p2a: Keldeo-Resolute|move: Leech Seed
|
|-heal|p1a: Ferrothorn|122\/352|[from] item: Leftovers
|-damage|p2a: Keldeo-Resolute|64\/324|[from] Leech Seed|[of] p1a: Ferrothorn
|-heal|p1a: Ferrothorn|162\/352|[silent]
|turn|13
|
|switch|p2a: Aimant|Magnezone|282\/282
|-damage|p2a: Aimant|265\/282|[from] Stealth Rock
|move|p1a: Ferrothorn|Protect|p1a: Ferrothorn
|-fail|p1a: Ferrothorn
|
|-heal|p1a: Ferrothorn|184\/352|[from] item: Leftovers
|turn|14
|
|move|p2a: Aimant|Hidden Power|p1a: Ferrothorn
|-supereffective|p1a: Ferrothorn
|-damage|p1a: Ferrothorn|0 fnt
|faint|p1a: Ferrothorn
|
|
|switch|p1a: Landorus-Therian|Landorus-Therian, M|223\/330
|-ability|p1a: Landorus-Therian|Intimidate|[of] p2a: Aimant
|-unboost|p2a: Aimant|atk|1
|turn|15
|
|switch|p2a: Keldeo-Resolute|Keldeo-Resolute|64\/324
|-damage|p2a: Keldeo-Resolute|44\/324|[from] Stealth Rock
|move|p1a: Landorus-Therian|Earthquake|p2a: Keldeo-Resolute
|-damage|p2a: Keldeo-Resolute|0 fnt
|faint|p2a: Keldeo-Resolute
|
|
|switch|p2a: Latias|Latias, F|244\/319
|-damage|p2a: Latias|205\/319|[from] Stealth Rock
|turn|16
|
|switch|p1a: Metagross|Metagross, shiny|301\/301
|move|p2a: Latias|Draco Meteor|p1a: Metagross
|-resisted|p1a: Metagross
|-damage|p1a: Metagross|157\/301
|-unboost|p2a: Latias|spa|2
|-damage|p2a: Latias|174\/319|[from] item: Life Orb
|
|turn|17
|
|move|p2a: Latias|Healing Wish|p2a: Latias
|faint|p2a: Latias
|move|p1a: Metagross|Rock Polish|p1a: Metagross
|-boost|p1a: Metagross|spe|2
|
|
|switch|p2a: Landorus-Therian|Landorus-Therian, M|37\/319
|-heal|p2a: Landorus-Therian|319\/319|[from] move: Healing Wish
|-damage|p2a: Landorus-Therian|280\/319|[from] Stealth Rock
|-ability|p2a: Landorus-Therian|Intimidate|[of] p1a: Metagross
|-fail|p1a: Metagross|unboost|[from] ability: Clear Body|[of] p1a: Metagross
|turn|18
|
|detailschange|p1a: Metagross|Metagross-Mega, shiny
|-mega|p1a: Metagross|Metagross|Metagrossite
|move|p1a: Metagross|Ice Punch|p2a: Landorus-Therian
|-supereffective|p2a: Landorus-Therian
|-damage|p2a: Landorus-Therian|0 fnt
|faint|p2a: Landorus-Therian
|
|
|switch|p2a: Aimant|Magnezone|265\/282
|-damage|p2a: Aimant|248\/282|[from] Stealth Rock
|turn|19
|
|move|p1a: Metagross|Zen Headbutt|p2a: Aimant
|-resisted|p2a: Aimant
|-damage|p2a: Aimant|155\/282
|move|p2a: Aimant|Thunderbolt|p1a: Metagross
|-damage|p1a: Metagross|6\/301
|
|turn|20
|
|move|p1a: Metagross|Iron Head|p2a: Aimant
|-crit|p2a: Aimant
|-resisted|p2a: Aimant
|-damage|p2a: Aimant|88\/282
|move|p2a: Aimant|Thunderbolt|p1a: Metagross
|-damage|p1a: Metagross|0 fnt
|faint|p1a: Metagross
|
|
|switch|p1a: Landorus-Therian|Landorus-Therian, M|223\/330
|-ability|p1a: Landorus-Therian|Intimidate|[of] p2a: Aimant
|-unboost|p2a: Aimant|atk|1
|turn|21
|
|move|p1a: Landorus-Therian|Earthquake|p2a: Aimant
|-supereffective|p2a: Aimant
|-damage|p2a: Aimant|0 fnt
|faint|p2a: Aimant
|
|
|switch|p2a: Gardevoir|Gardevoir, F|278\/278
|-damage|p2a: Gardevoir|244\/278|[from] Stealth Rock
|-ability|p2a: Gardevoir|Intimidate|[from] ability: Trace|[of] p1a: Landorus-Therian
|-ability|p2a: Gardevoir|Intimidate|[of] p1a: Landorus-Therian
|-unboost|p1a: Landorus-Therian|atk|1
|turn|22
|
|detailschange|p2a: Gardevoir|Gardevoir-Mega, F
|-mega|p2a: Gardevoir|Gardevoir|Gardevoirite
|move|p1a: Landorus-Therian|Earthquake|p2a: Gardevoir
|-damage|p2a: Gardevoir|40\/278
|move|p2a: Gardevoir|Hyper Voice|p1a: Landorus-Therian
|-damage|p1a: Landorus-Therian|0 fnt
|faint|p1a: Landorus-Therian
|
|
|switch|p1a: Greninja|Greninja, M, shiny|285\/285
|turn|23
|
|move|p1a: Greninja|Ice Beam|p2a: Gardevoir
|-start|p1a: Greninja|typechange|Ice|[from] Protean
|-damage|p2a: Gardevoir|0 fnt
|-damage|p1a: Greninja|257\/285|[from] item: Life Orb
|faint|p2a: Gardevoir
|
|win|Enton Storm
|raw|Ladder updating...
|leave|Eckleburg
|c|★Enton Storm|gg
|player|p2