|join|Sweep
|join|Dix pix
|player|p1|Sweep|1
|player|p2|Dix pix|165
|gametype|singles
|gen|6
|tier|UU
|rated
|rule|Sleep Clause Mod: Limit one foe put to sleep
|rule|Species Clause: Limit one of each Pokémon
|rule|OHKO Clause: OHKO moves are banned
|rule|Moody Clause: Moody is banned
|rule|Evasion Moves Clause: Evasion moves are banned
|rule|Endless Battle Clause: Forcing endless battles is banned
|rule|HP Percentage Mod: HP is shown in percentages
|clearpoke
|poke|p1|Yanmega, M
|poke|p1|Krookodile, M
|poke|p1|Blastoise, M
|poke|p1|Azelf
|poke|p1|Metagross
|poke|p1|Entei, shiny
|poke|p2|Krookodile, F
|poke|p2|Lucario, F
|poke|p2|Suicune
|poke|p2|Forretress, F
|poke|p2|Entei, shiny
|poke|p2|Raikou
|rule|Swagger Clause: Swagger is banned
|rule|Baton Pass Clause: Limit one Pokémon knowing Baton Pass
|teampreview
|join|i.abort
|
|start
|switch|p1a: Azelf|Azelf|291\/291
|switch|p2a: Entei|Entei, shiny|371\/371
|-ability|p2a: Entei|Pressure
|turn|1
|
|move|p1a: Azelf|Stealth Rock|p2a: Entei
|-sidestart|p2: Dix pix|move: Stealth Rock
|move|p2a: Entei|Sacred Fire|p1a: Azelf
|-enditem|p1a: Azelf|Focus Sash
|-damage|p1a: Azelf|1\/291
|-status|p1a: Azelf|brn
|
|-damage|p1a: Azelf|0 fnt|[from] brn
|faint|p1a: Azelf
|
|switch|p1a: Blastoise|Blastoise, M|331\/331
|turn|2
|
|switch|p2a: Raikou|Raikou|322\/322
|-damage|p2a: Raikou|282\/322|[from] Stealth Rock
|-ability|p2a: Raikou|Pressure
|detailschange|p1a: Blastoise|Blastoise-Mega, M
|message|Blastoise has Mega Evolved into Mega Blastoise!
|move|p1a: Blastoise|Dragon Pulse|p2a: Raikou
|-damage|p2a: Raikou|165\/322
|
|turn|3
|
|switch|p1a: Krookodile|Krookodile, M|331\/331
|-ability|p1a: Krookodile|Intimidate|[of] p2a: Raikou
|-unboost|p2a: Raikou|atk|1
|move|p2a: Raikou|Hidden Power|p1a: Krookodile
|-crit|p1a: Krookodile
|-supereffective|p1a: Krookodile
|-damage|p1a: Krookodile|59\/331
|
|turn|4
|
|switch|p1a: Metagross|Metagross|301\/301
|move|p2a: Raikou|Hidden Power|p1a: Metagross
|-crit|p1a: Metagross
|-resisted|p1a: Metagross
|-damage|p1a: Metagross|245\/301
|
|turn|5
|
|switch|p1a: Entei|Entei, shiny|371\/371
|-ability|p1a: Entei|Pressure
|move|p2a: Raikou|Volt Switch|p1a: Entei
|-damage|p1a: Entei|217\/371
|
|switch|p2a: Suicune|Suicune|404\/404
|-damage|p2a: Suicune|354\/404|[from] Stealth Rock
|-ability|p2a: Suicune|Pressure
|
|-heal|p2a: Suicune|379\/404|[from] item: Leftovers
|turn|6
|
|move|p1a: Entei|Sacred Fire|p2a: Suicune
|-resisted|p2a: Suicune
|-damage|p2a: Suicune|307\/404
|-status|p2a: Suicune|brn
|move|p2a: Suicune|Calm Mind|p2a: Suicune
|-boost|p2a: Suicune|spa|1
|-boost|p2a: Suicune|spd|1
|
|-heal|p2a: Suicune|332\/404 brn|[from] item: Leftovers
|-damage|p2a: Suicune|282\/404 brn|[from] brn
|turn|7
|
|switch|p1a: Metagross|Metagross|245\/301
|move|p2a: Suicune|Scald|p1a: Metagross
|-damage|p1a: Metagross|103\/301
|-status|p1a: Metagross|brn
|
|-heal|p2a: Suicune|307\/404 brn|[from] item: Leftovers
|-damage|p1a: Metagross|66\/301 brn|[from] brn
|-damage|p2a: Suicune|257\/404 brn|[from] brn
|turn|8
|
|move|p1a: Metagross|Explosion|p2a: Suicune
|-damage|p2a: Suicune|44\/404 brn
|faint|p1a: Metagross
|move|p2a: Suicune|Rest|p2a: Suicune
|-status|p2a: Suicune|slp
|-heal|p2a: Suicune|404\/404 slp|[silent]
|-status|p2a: Suicune|slp|[from] move: Rest
|
|
|switch|p1a: Krookodile|Krookodile, M|59\/331
|-ability|p1a: Krookodile|Intimidate|[of] p2a: Suicune
|-unboost|p2a: Suicune|atk|1
|turn|9
|
|switch|p2a: Forretress|Forretress, F|354\/354
|-damage|p2a: Forretress|310\/354|[from] Stealth Rock
|move|p1a: Krookodile|Knock Off|p2a: Forretress
|-damage|p2a: Forretress|180\/354
|-enditem|p2a: Forretress|Leftovers|[from] move: Knock Off|[of] p1a: Krookodile
|
|turn|10
|join|HybridGundam
|
|move|p1a: Krookodile|Knock Off|p2a: Forretress
|-damage|p2a: Forretress|90\/354
|move|p2a: Forretress|Rapid Spin|p1a: Krookodile
|-damage|p1a: Krookodile|40\/331
|-sideend|p2: Dix pix|Stealth Rock|[from] move: Rapid Spin|[of] p2a: Forretress
|
|turn|11
|
|move|p1a: Krookodile|Knock Off|p2a: Forretress
|-damage|p2a: Forretress|5\/354
|move|p2a: Forretress|Stealth Rock|p1a: Krookodile
|-sidestart|p1: Sweep|move: Stealth Rock
|
|turn|12
|
|move|p1a: Krookodile|Knock Off|p2a: Forretress
|-damage|p2a: Forretress|0 fnt
|faint|p2a: Forretress
|
|
|switch|p2a: Raikou|Raikou|165\/322
|-ability|p2a: Raikou|Pressure
|turn|13
|
|move|p2a: Raikou|Hidden Power|p1a: Krookodile
|-supereffective|p1a: Krookodile
|-damage|p1a: Krookodile|0 fnt
|faint|p1a: Krookodile
|
|
|switch|p1a: Blastoise|Blastoise-Mega, M|331\/331
|-damage|p1a: Blastoise|290\/331|[from] Stealth Rock
|turn|14
|
|move|p2a: Raikou|Thunderbolt|p1a: Blastoise
|-supereffective|p1a: Blastoise
|-damage|p1a: Blastoise|44\/331
|-status|p1a: Blastoise|par
|cant|p1a: Blastoise|par
|
|turn|15
|c|★Sweep|interesting team with two physical walls and absolutely nothing to take on special attackers
|c|★Dix pix|my team?
|c|★Dix pix|uh thanks for commenting
|c|★Sweep|and by interesting, i mean suboptimal. thank goodness for repeated hax and crits bc lacking a blastoise check is pretty shit teambuilding!
|leave|Sweep
|player|p1
|-message|sweep lost due to inactivity.
|
|win|Dix pix
|raw|Ladder updating...
|raw|Ladder (probably) updated, but score could not be retrieved (timeout).
|raw|Ladder (probably) updated, but score could not be retrieved (Error: socket hang up).
|leave|i.abort