|join|pokemonisfun
|join|Dix pix
|player|p1|pokemonisfun|184
|player|p2|Dix pix|165
|gametype|singles
|gen|6
|tier|UU
|rated
|rule|Sleep Clause Mod: Limit one foe put to sleep
|rule|Species Clause: Limit one of each Pokémon
|rule|OHKO Clause: OHKO moves are banned
|rule|Moody Clause: Moody is banned
|rule|Evasion Moves Clause: Evasion moves are banned
|rule|Endless Battle Clause: Forcing endless battles is banned
|rule|HP Percentage Mod: HP is shown in percentages
|clearpoke
|poke|p1|Blissey, F
|poke|p1|Swampert, M
|poke|p1|Granbull, F
|poke|p1|Alomomola, M
|poke|p1|Crobat, F
|poke|p1|Celebi
|poke|p2|Krookodile, F
|poke|p2|Lucario, M
|poke|p2|Suicune
|poke|p2|Forretress, F
|poke|p2|Entei, shiny
|poke|p2|Ampharos, M
|rule|Swagger Clause: Swagger is banned
|rule|Baton Pass Clause: Limit one Pokémon knowing Baton Pass
|teampreview
|
|start
|switch|p1a: bubblsy bubbles|Swampert, M|404\/404
|switch|p2a: Krookodile|Krookodile, F|331\/331
|-ability|p2a: Krookodile|Intimidate|[of] p1a: bubblsy bubbles
|-unboost|p1a: bubblsy bubbles|atk|1
|turn|1
|
|switch|p2a: Suicune|Suicune|404\/404
|-ability|p2a: Suicune|Pressure
|detailschange|p1a: bubblsy bubbles|Swampert-Mega, M
|-mega|p1a: bubblsy bubbles|Swampert|Swampertite
|move|p1a: bubblsy bubbles|Scald|p2a: Suicune
|-resisted|p2a: Suicune
|-damage|p2a: Suicune|362\/404
|-status|p2a: Suicune|brn
|
|-heal|p2a: Suicune|387\/404 brn|[from] item: Leftovers
|-damage|p2a: Suicune|337\/404 brn|[from] brn
|turn|2
|
|switch|p2a: Krookodile|Krookodile, F|331\/331
|-ability|p2a: Krookodile|Intimidate|[of] p1a: bubblsy bubbles
|-unboost|p1a: bubblsy bubbles|atk|1
|switch|p1a: onion fairy god|Celebi|396\/396
|
|turn|3
|
|move|p2a: Krookodile|Knock Off|p1a: onion fairy god
|-supereffective|p1a: onion fairy god
|-damage|p1a: onion fairy god|42\/396
|-enditem|p1a: onion fairy god|Leftovers|[from] move: Knock Off|[of] p2a: Krookodile
|move|p1a: onion fairy god|Giga Drain|p2a: Krookodile
|-supereffective|p2a: Krookodile
|-damage|p2a: Krookodile|89\/331
|-heal|p1a: onion fairy god|163\/396|[from] drain|[of] p2a: Krookodile
|
|turn|4
|
|switch|p1a: swimmy swim|Alomomola, M|471\/471
|move|p2a: Krookodile|Knock Off|p1a: swimmy swim
|-damage|p1a: swimmy swim|270\/471
|-enditem|p1a: swimmy swim|Leftovers|[from] move: Knock Off|[of] p2a: Krookodile
|
|turn|5
|
|switch|p2a: Lucario|Lucario, M|281\/281
|switch|p1a: onion fairy god|Celebi|163\/396
|
|turn|6
|
|switch|p1a: batsy watzy|Crobat, F|373\/373
|move|p2a: Lucario|Nasty Plot|p2a: Lucario
|-boost|p2a: Lucario|spa|2
|
|turn|7
|
|move|p1a: batsy watzy|Haze|p1a: batsy watzy
|-clearallboost
|move|p2a: Lucario|Flash Cannon|p1a: batsy watzy
|-damage|p1a: batsy watzy|185\/373
|-damage|p2a: Lucario|253\/281|[from] item: Life Orb
|
|-heal|p1a: batsy watzy|208\/373|[from] item: Black Sludge
|turn|8
|
|switch|p2a: Forretress|Forretress, F|354\/354
|move|p1a: batsy watzy|Roost|p1a: batsy watzy
|-heal|p1a: batsy watzy|373\/373
|
|turn|9
|
|switch|p1a: bubblsy bubbles|Swampert-Mega, M|404\/404
|move|p2a: Forretress|Volt Switch|p1a: bubblsy bubbles
|-immune|p1a: bubblsy bubbles|[msg]
|
|turn|10
|
|move|p1a: bubblsy bubbles|Scald|p2a: Forretress
|-damage|p2a: Forretress|216\/354
|-status|p2a: Forretress|brn
|move|p2a: Forretress|Stealth Rock|p1a: bubblsy bubbles
|-sidestart|p1: pokemonisfun|move: Stealth Rock
|
|-heal|p2a: Forretress|238\/354 brn|[from] item: Leftovers
|-damage|p2a: Forretress|194\/354 brn|[from] brn
|turn|11
|
|switch|p2a: Suicune|Suicune|337\/404 brn
|-ability|p2a: Suicune|Pressure
|move|p1a: bubblsy bubbles|Earthquake|p2a: Suicune
|-damage|p2a: Suicune|235\/404 brn
|
|-heal|p2a: Suicune|260\/404 brn|[from] item: Leftovers
|-damage|p2a: Suicune|210\/404 brn|[from] brn
|turn|12
|
|switch|p1a: onion fairy god|Celebi|163\/396
|-damage|p1a: onion fairy god|114\/396|[from] Stealth Rock
|move|p2a: Suicune|Rest|p2a: Suicune
|-status|p2a: Suicune|slp
|-heal|p2a: Suicune|404\/404 slp|[silent]
|-status|p2a: Suicune|slp|[from] move: Rest
|
|turn|13
|
|switch|p2a: Entei|Entei, shiny|371\/371
|-ability|p2a: Entei|Pressure
|move|p1a: onion fairy god|Recover|p1a: onion fairy god
|-heal|p1a: onion fairy god|312\/396
|
|turn|14
|
|switch|p2a: Ampharos|Ampharos, M|354\/354
|switch|p1a: bubblsy bubbles|Swampert-Mega, M|404\/404
|-damage|p1a: bubblsy bubbles|379\/404|[from] Stealth Rock
|
|turn|15
|
|switch|p2a: Suicune|Suicune|404\/404 slp
|-ability|p2a: Suicune|Pressure
|switch|p1a: onion fairy god|Celebi|312\/396
|-damage|p1a: onion fairy god|263\/396|[from] Stealth Rock
|
|turn|16
|
|switch|p2a: Ampharos|Ampharos, M|354\/354
|move|p1a: onion fairy god|Stealth Rock|p2a: Ampharos
|-sidestart|p2: Dix pix|move: Stealth Rock
|
|turn|17
|
|switch|p1a: bubblsy bubbles|Swampert-Mega, M|379\/404
|-damage|p1a: bubblsy bubbles|354\/404|[from] Stealth Rock
|detailschange|p2a: Ampharos|Ampharos-Mega, M
|-mega|p2a: Ampharos|Ampharos|Ampharosite
|-ability|p2a: Ampharos|Mold Breaker
|move|p2a: Ampharos|Dragon Pulse|p1a: bubblsy bubbles
|-damage|p1a: bubblsy bubbles|245\/404
|
|turn|18
|
|switch|p2a: Suicune|Suicune|404\/404 slp
|-damage|p2a: Suicune|354\/404 slp|[from] Stealth Rock
|-ability|p2a: Suicune|Pressure
|move|p1a: bubblsy bubbles|Rest|p1a: bubblsy bubbles
|-status|p1a: bubblsy bubbles|slp
|-heal|p1a: bubblsy bubbles|404\/404 slp|[silent]
|-status|p1a: bubblsy bubbles|slp|[from] move: Rest
|
|-heal|p2a: Suicune|379\/404 slp|[from] item: Leftovers
|turn|19
|
|switch|p2a: Krookodile|Krookodile, F|89\/331
|-damage|p2a: Krookodile|69\/331|[from] Stealth Rock
|-ability|p2a: Krookodile|Intimidate|[of] p1a: bubblsy bubbles
|-unboost|p1a: bubblsy bubbles|atk|1
|cant|p1a: bubblsy bubbles|slp
|move|p1a: bubblsy bubbles|Sleep Talk|p1a: bubblsy bubbles
|move|p1a: bubblsy bubbles|Earthquake|p2a: Krookodile|[from]Sleep Talk
|-damage|p2a: Krookodile|0 fnt
|faint|p2a: Krookodile
|
|
|switch|p2a: Lucario|Lucario, M|253\/281
|-damage|p2a: Lucario|245\/281|[from] Stealth Rock
|turn|20
|
|move|p2a: Lucario|Aura Sphere|p1a: bubblsy bubbles
|-damage|p1a: bubblsy bubbles|279\/404 slp
|-damage|p2a: Lucario|217\/281|[from] item: Life Orb
|cant|p1a: bubblsy bubbles|slp
|move|p1a: bubblsy bubbles|Sleep Talk|p1a: bubblsy bubbles
|move|p1a: bubblsy bubbles|Earthquake|p2a: Lucario|[from]Sleep Talk
|-supereffective|p2a: Lucario
|-damage|p2a: Lucario|0 fnt
|faint|p2a: Lucario
|
|c|★Dix pix|alright
|
|switch|p2a: Suicune|Suicune|379\/404 slp
|-damage|p2a: Suicune|329\/404 slp|[from] Stealth Rock
|-ability|p2a: Suicune|Pressure
|turn|21
|
|switch|p1a: onion fairy god|Celebi|263\/396
|-damage|p1a: onion fairy god|214\/396|[from] Stealth Rock
|cant|p2a: Suicune|slp
|move|p2a: Suicune|Sleep Talk|p2a: Suicune
|move|p2a: Suicune|Rest|p2a: Suicune|[from]Sleep Talk
|-fail|p2a: Suicune
|
|-heal|p2a: Suicune|354\/404 slp|[from] item: Leftovers
|turn|22
|
|switch|p2a: Forretress|Forretress, F|194\/354 brn
|-damage|p2a: Forretress|150\/354 brn|[from] Stealth Rock
|move|p1a: onion fairy god|Giga Drain|p2a: Forretress
|-resisted|p2a: Forretress
|-damage|p2a: Forretress|116\/354 brn
|-heal|p1a: onion fairy god|231\/396|[from] drain|[of] p2a: Forretress
|
|-heal|p2a: Forretress|138\/354 brn|[from] item: Leftovers
|-damage|p2a: Forretress|94\/354 brn|[from] brn
|turn|23
|
|move|p1a: onion fairy god|Recover|p1a: onion fairy god
|-heal|p1a: onion fairy god|396\/396
|move|p2a: Forretress|Rapid Spin|p1a: onion fairy god
|-damage|p1a: onion fairy god|390\/396
|-sideend|p2: Dix pix|Stealth Rock|[from] move: Rapid Spin|[of] p2a: Forretress
|
|-heal|p2a: Forretress|116\/354 brn|[from] item: Leftovers
|-damage|p2a: Forretress|72\/354 brn|[from] brn
|turn|24
|
|move|p1a: onion fairy god|Stealth Rock|p2a: Forretress
|-sidestart|p2: Dix pix|move: Stealth Rock
|move|p2a: Forretress|Rapid Spin|p1a: onion fairy god
|-damage|p1a: onion fairy god|384\/396
|-sideend|p2: Dix pix|Stealth Rock|[from] move: Rapid Spin|[of] p2a: Forretress
|
|-heal|p2a: Forretress|94\/354 brn|[from] item: Leftovers
|-damage|p2a: Forretress|50\/354 brn|[from] brn
|turn|25
|
|move|p1a: onion fairy god|Stealth Rock|p2a: Forretress
|-sidestart|p2: Dix pix|move: Stealth Rock
|move|p2a: Forretress|Rapid Spin|p1a: onion fairy god
|-damage|p1a: onion fairy god|378\/396
|-sideend|p2: Dix pix|Stealth Rock|[from] move: Rapid Spin|[of] p2a: Forretress
|
|-heal|p2a: Forretress|72\/354 brn|[from] item: Leftovers
|-damage|p2a: Forretress|28\/354 brn|[from] brn
|turn|26
|
|move|p1a: onion fairy god|Stealth Rock|p2a: Forretress
|-sidestart|p2: Dix pix|move: Stealth Rock
|move|p2a: Forretress|Rapid Spin|p1a: onion fairy god
|-damage|p1a: onion fairy god|373\/396
|-sideend|p2: Dix pix|Stealth Rock|[from] move: Rapid Spin|[of] p2a: Forretress
|
|-heal|p2a: Forretress|50\/354 brn|[from] item: Leftovers
|-damage|p2a: Forretress|6\/354 brn|[from] brn
|turn|27
|
|move|p1a: onion fairy god|Stealth Rock|p2a: Forretress
|-sidestart|p2: Dix pix|move: Stealth Rock
|move|p2a: Forretress|Rapid Spin|p1a: onion fairy god
|-damage|p1a: onion fairy god|368\/396
|-sideend|p2: Dix pix|Stealth Rock|[from] move: Rapid Spin|[of] p2a: Forretress
|
|-heal|p2a: Forretress|28\/354 brn|[from] item: Leftovers
|-damage|p2a: Forretress|0 fnt|[from] brn
|faint|p2a: Forretress
|
|switch|p2a: Entei|Entei, shiny|371\/371
|-ability|p2a: Entei|Pressure
|turn|28
|
|switch|p1a: swimmy swim|Alomomola, M|427\/471
|-damage|p1a: swimmy swim|369\/471|[from] Stealth Rock
|move|p2a: Entei|Sacred Fire|p1a: swimmy swim
|-resisted|p1a: swimmy swim
|-damage|p1a: swimmy swim|258\/471
|
|turn|29
|
|switch|p2a: Ampharos|Ampharos-Mega, M|354\/354
|-ability|p2a: Ampharos|Mold Breaker
|move|p1a: swimmy swim|Wish|p1a: swimmy swim
|
|turn|30
|
|switch|p1a: bubblsy bubbles|Swampert-Mega, M|279\/404 slp
|-damage|p1a: bubblsy bubbles|254\/404 slp|[from] Stealth Rock
|move|p2a: Ampharos|Volt Switch|p1a: bubblsy bubbles
|-immune|p1a: bubblsy bubbles|[msg]
|
|-heal|p1a: bubblsy bubbles|404\/404 slp|[from] move: Wish|[wisher] swimmy swim
|turn|31
|
|switch|p2a: Entei|Entei, shiny|371\/371
|-ability|p2a: Entei|Pressure
|-curestatus|p1a: bubblsy bubbles|slp
|move|p1a: bubblsy bubbles|Earthquake|p2a: Entei
|-supereffective|p2a: Entei
|-damage|p2a: Entei|3\/371
|
|turn|32
|
|move|p2a: Entei|Sacred Fire|p1a: bubblsy bubbles
|-resisted|p1a: bubblsy bubbles
|-damage|p1a: bubblsy bubbles|270\/404
|move|p1a: bubblsy bubbles|Scald|p2a: Entei
|-supereffective|p2a: Entei
|-damage|p2a: Entei|0 fnt
|faint|p2a: Entei
|
|
|switch|p2a: Suicune|Suicune|354\/404 slp
|-ability|p2a: Suicune|Pressure
|turn|33
|
|switch|p1a: batsy watzy|Crobat, F|373\/373
|-damage|p1a: batsy watzy|280\/373|[from] Stealth Rock
|cant|p2a: Suicune|slp
|move|p2a: Suicune|Sleep Talk|p2a: Suicune
|move|p2a: Suicune|Calm Mind|p2a: Suicune|[from]Sleep Talk
|-boost|p2a: Suicune|spa|1
|-boost|p2a: Suicune|spd|1
|
|-heal|p1a: batsy watzy|303\/373|[from] item: Black Sludge
|-heal|p2a: Suicune|379\/404 slp|[from] item: Leftovers
|turn|34
|
|move|p1a: batsy watzy|Defog|p2a: Suicune
|-unboost|p2a: Suicune|evasion|1
|-sideend|p1: pokemonisfun|Stealth Rock|[from] move: Defog|[of] p1a: batsy watzy
|-curestatus|p2a: Suicune|slp
|move|p2a: Suicune|Scald|p1a: batsy watzy
|-damage|p1a: batsy watzy|156\/373
|
|-heal|p1a: batsy watzy|179\/373|[from] item: Black Sludge
|-heal|p2a: Suicune|404\/404|[from] item: Leftovers
|turn|35
|
|switch|p1a: onion fairy god|Celebi|368\/396
|move|p2a: Suicune|Scald|p1a: onion fairy god
|-resisted|p1a: onion fairy god
|-damage|p1a: onion fairy god|298\/396
|
|turn|36
|
|move|p1a: onion fairy god|Stealth Rock|p2a: Suicune
|-sidestart|p2: Dix pix|move: Stealth Rock
|move|p2a: Suicune|Calm Mind|p2a: Suicune
|-boost|p2a: Suicune|spa|1
|-boost|p2a: Suicune|spd|1
|
|turn|37
|
|move|p1a: onion fairy god|Perish Song|p1a: onion fairy god
|-fieldactivate|move: Perish Song
|move|p2a: Suicune|Scald|p1a: onion fairy god
|-resisted|p1a: onion fairy god
|-damage|p1a: onion fairy god|215\/396
|
|-start|p1a: onion fairy god|perish3
|-start|p2a: Suicune|perish3
|turn|38
|
|move|p1a: onion fairy god|Recover|p1a: onion fairy god
|-heal|p1a: onion fairy god|396\/396
|move|p2a: Suicune|Scald|p1a: onion fairy god
|-resisted|p1a: onion fairy god
|-damage|p1a: onion fairy god|305\/396
|
|-start|p1a: onion fairy god|perish2
|-start|p2a: Suicune|perish2
|turn|39
|
|switch|p1a: bubblsy bubbles|Swampert-Mega, M|270\/404
|switch|p2a: Ampharos|Ampharos-Mega, M|354\/354
|-damage|p2a: Ampharos|310\/354|[from] Stealth Rock
|-ability|p2a: Ampharos|Mold Breaker
|
|turn|40
|
|switch|p2a: Suicune|Suicune|404\/404
|-damage|p2a: Suicune|354\/404|[from] Stealth Rock
|-ability|p2a: Suicune|Pressure
|move|p1a: bubblsy bubbles|Earthquake|p2a: Suicune
|-damage|p2a: Suicune|239\/404
|
|-heal|p2a: Suicune|264\/404|[from] item: Leftovers
|turn|41
|
|switch|p1a: onion fairy god|Celebi|305\/396
|move|p2a: Suicune|Calm Mind|p2a: Suicune
|-boost|p2a: Suicune|spa|1
|-boost|p2a: Suicune|spd|1
|
|-heal|p2a: Suicune|289\/404|[from] item: Leftovers
|turn|42
|
|move|p1a: onion fairy god|Giga Drain|p2a: Suicune
|-supereffective|p2a: Suicune
|-damage|p2a: Suicune|191\/404
|-heal|p1a: onion fairy god|354\/396|[from] drain|[of] p2a: Suicune
|move|p2a: Suicune|Scald|p1a: onion fairy god
|-resisted|p1a: onion fairy god
|-damage|p1a: onion fairy god|291\/396
|
|-heal|p2a: Suicune|216\/404|[from] item: Leftovers
|turn|43
|
|move|p1a: onion fairy god|Perish Song|p1a: onion fairy god
|-fieldactivate|move: Perish Song
|move|p2a: Suicune|Rest|p2a: Suicune
|-status|p2a: Suicune|slp
|-heal|p2a: Suicune|404\/404 slp|[silent]
|-status|p2a: Suicune|slp|[from] move: Rest
|
|-start|p1a: onion fairy god|perish3
|-start|p2a: Suicune|perish3
|turn|44
|
|switch|p1a: bubblsy bubbles|Swampert-Mega, M|270\/404
|switch|p2a: Ampharos|Ampharos-Mega, M|310\/354
|-damage|p2a: Ampharos|266\/354|[from] Stealth Rock
|-ability|p2a: Ampharos|Mold Breaker
|
|turn|45
|
|switch|p2a: Suicune|Suicune|404\/404 slp
|-damage|p2a: Suicune|354\/404 slp|[from] Stealth Rock
|-ability|p2a: Suicune|Pressure
|move|p1a: bubblsy bubbles|Earthquake|p2a: Suicune
|-damage|p2a: Suicune|237\/404 slp
|
|-heal|p2a: Suicune|262\/404 slp|[from] item: Leftovers
|turn|46
|
|switch|p1a: onion fairy god|Celebi|291\/396
|cant|p2a: Suicune|slp
|move|p2a: Suicune|Sleep Talk|p2a: Suicune
|move|p2a: Suicune|Rest|p2a: Suicune|[from]Sleep Talk
|-fail|p2a: Suicune
|
|-heal|p2a: Suicune|287\/404 slp|[from] item: Leftovers
|turn|47
|
|switch|p2a: Ampharos|Ampharos-Mega, M|266\/354
|-damage|p2a: Ampharos|222\/354|[from] Stealth Rock
|-ability|p2a: Ampharos|Mold Breaker
|move|p1a: onion fairy god|Giga Drain|p2a: Ampharos
|-resisted|p2a: Ampharos
|-damage|p2a: Ampharos|192\/354
|-heal|p1a: onion fairy god|306\/396|[from] drain|[of] p2a: Ampharos
|
|turn|48
|
|switch|p1a: Mega Chansey|Blissey, F|656\/656
|move|p2a: Ampharos|Dragon Pulse|p1a: Mega Chansey
|-damage|p1a: Mega Chansey|557\/656
|
|-heal|p1a: Mega Chansey|598\/656|[from] item: Leftovers
|turn|49
|-message|Dix pix forfeited.
|leave|Dix pix
|
|move|p2a: Ampharos|Volt Switch|p1a: Mega Chansey
|-crit|p1a: Mega Chansey
|-damage|p1a: Mega Chansey|481\/656
|
|win|pokemonisfun
|raw|Ladder updating...
|player|p2
|raw|pokemonisfun's rating: 1782 &rarr; <strong>1792<\/strong><br \/>(+10 for winning)
|raw|Dix pix's rating: 1599 &rarr; <strong>1589<\/strong><br \/>(-10 for losing)