|join|shot package
|join|Ligabue
|player|p1|shot package|265
|player|p2|Ligabue|53
|gametype|singles
|gen|6
|tier|OU
|rated
|clearpoke
|poke|p1|Raikou
|poke|p1|Empoleon, M
|poke|p1|Gardevoir, F
|poke|p1|Hippowdon, M
|poke|p1|Celebi
|poke|p1|Talonflame, M
|poke|p2|Tyranitar, M
|poke|p2|Landorus, M
|poke|p2|Keldeo
|poke|p2|Skarmory, F
|poke|p2|Altaria, F
|poke|p2|Ferrothorn, F
|rule|Swagger Clause: Swagger is banned
|rule|Baton Pass Clause: Limit one Pokémon knowing Baton Pass
|rule|Sleep Clause Mod: Limit one foe put to sleep
|rule|Species Clause: Limit one of each Pokémon
|rule|OHKO Clause: OHKO moves are banned
|rule|Moody Clause: Moody is banned
|rule|Evasion Moves Clause: Evasion moves are banned
|rule|Endless Battle Clause: Forcing endless battles is banned
|rule|HP Percentage Mod: HP is shown in percentages
|teampreview
|
|start
|switch|p1a: Gardevoir|Gardevoir, F|277\/277
|switch|p2a: Keldeo|Keldeo|324\/324
|-ability|p1a: Gardevoir|Justified|[from] ability: Trace|[of] p2a: Keldeo
|turn|1
|
|switch|p2a: Ferrothorn|Ferrothorn, F|352\/352
|detailschange|p1a: Gardevoir|Gardevoir-Mega, F
|-mega|p1a: Gardevoir|Gardevoir|Gardevoirite
|move|p1a: Gardevoir|Hyper Voice|p2a: Ferrothorn
|-resisted|p2a: Ferrothorn
|-damage|p2a: Ferrothorn|262\/352
|
|-heal|p2a: Ferrothorn|284\/352|[from] item: Leftovers
|turn|2
|
|switch|p1a: Empoleon|Empoleon, M|371\/371
|move|p2a: Ferrothorn|Protect|p2a: Ferrothorn
|-fail|p2a: Ferrothorn
|
|-heal|p2a: Ferrothorn|306\/352|[from] item: Leftovers
|turn|3
|
|move|p1a: Empoleon|Scald|p2a: Ferrothorn
|-resisted|p2a: Ferrothorn
|-damage|p2a: Ferrothorn|273\/352
|move|p2a: Ferrothorn|Spikes|p1a: Empoleon
|-sidestart|p1: shot package|Spikes
|
|-heal|p2a: Ferrothorn|295\/352|[from] item: Leftovers
|turn|4
|
|switch|p2a: Altaria|Altaria, F|309\/309
|move|p1a: Empoleon|Scald|p2a: Altaria
|-crit|p2a: Altaria
|-resisted|p2a: Altaria
|-damage|p2a: Altaria|234\/309
|-status|p2a: Altaria|brn
|
|-damage|p2a: Altaria|196\/309 brn|[from] brn
|turn|5
|
|move|p2a: Altaria|Roost|p2a: Altaria
|-heal|p2a: Altaria|309\/309 brn
|move|p1a: Empoleon|Defog|p2a: Altaria
|-unboost|p2a: Altaria|evasion|1
|-sideend|p1: shot package|Spikes|[from] move: Defog|[of] p1a: Empoleon
|
|-damage|p2a: Altaria|271\/309 brn|[from] brn
|turn|6
|
|switch|p2a: Keldeo|Keldeo|324\/324
|move|p1a: Empoleon|Scald|p2a: Keldeo
|-crit|p2a: Keldeo
|-resisted|p2a: Keldeo
|-damage|p2a: Keldeo|239\/324
|
|-heal|p2a: Keldeo|259\/324|[from] item: Leftovers
|turn|7
|
|switch|p1a: Gardevoir|Gardevoir-Mega, F|277\/277
|move|p2a: Keldeo|Substitute|p2a: Keldeo
|-start|p2a: Keldeo|Substitute
|-damage|p2a: Keldeo|178\/324
|
|-heal|p2a: Keldeo|198\/324|[from] item: Leftovers
|turn|8
|
|switch|p2a: Ferrothorn|Ferrothorn, F|295\/352
|move|p1a: Gardevoir|Hyper Voice|p2a: Ferrothorn
|-resisted|p2a: Ferrothorn
|-damage|p2a: Ferrothorn|206\/352
|
|-heal|p2a: Ferrothorn|228\/352|[from] item: Leftovers
|turn|9
|
|move|p2a: Ferrothorn|Protect|p2a: Ferrothorn
|-singleturn|p2a: Ferrothorn|Protect
|move|p1a: Gardevoir|Focus Blast|p2a: Ferrothorn
|-activate|p2a: Ferrothorn|Protect
|
|-heal|p2a: Ferrothorn|250\/352|[from] item: Leftovers
|turn|10
|
|switch|p1a: Empoleon|Empoleon, M|371\/371
|move|p2a: Ferrothorn|Leech Seed|p1a: Empoleon
|-start|p1a: Empoleon|move: Leech Seed
|
|-heal|p2a: Ferrothorn|272\/352|[from] item: Leftovers
|-damage|p1a: Empoleon|325\/371|[from] Leech Seed|[of] p2a: Ferrothorn
|-heal|p2a: Ferrothorn|318\/352|[silent]
|turn|11
|
|switch|p1a: Talonflame|Talonflame, M|359\/359
|switch|p2a: Altaria|Altaria, F|271\/309
|
|turn|12
|
|switch|p2a: Skarmory|Skarmory, F|333\/333
|move|p1a: Talonflame|Will-O-Wisp|p2a: Skarmory
|-status|p2a: Skarmory|brn
|
|-damage|p2a: Skarmory|292\/333 brn|[from] brn
|turn|13
|
|switch|p2a: Keldeo|Keldeo|198\/324
|move|p1a: Talonflame|Taunt|p2a: Keldeo
|-start|p2a: Keldeo|move: Taunt
|
|-heal|p2a: Keldeo|218\/324|[from] item: Leftovers
|turn|14
|
|switch|p2a: Tyranitar|Tyranitar, M|380\/380
|-weather|Sandstorm
|move|p1a: Talonflame|Will-O-Wisp|p2a: Tyranitar|[miss]
|-miss|p1a: Talonflame|p2a: Tyranitar
|
|-weather|Sandstorm|[upkeep]
|-damage|p1a: Talonflame|337\/359|[from] sandstorm
|-heal|p1a: Talonflame|359\/359|[from] item: Leftovers
|turn|15
|
|switch|p1a: Hippowdon|Hippowdon, M|419\/419
|move|p2a: Tyranitar|Stone Edge|p1a: Hippowdon
|-resisted|p1a: Hippowdon
|-damage|p1a: Hippowdon|308\/419
|
|-weather|Sandstorm|[upkeep]
|-heal|p1a: Hippowdon|334\/419|[from] item: Leftovers
|turn|16
|
|switch|p2a: Landorus|Landorus, M|319\/319
|move|p1a: Hippowdon|Stealth Rock|p2a: Landorus
|-sidestart|p2: Ligabue|move: Stealth Rock
|
|-weather|Sandstorm|[upkeep]
|-heal|p1a: Hippowdon|360\/419|[from] item: Leftovers
|turn|17
|
|switch|p1a: Talonflame|Talonflame, M|359\/359
|move|p2a: Landorus|Stealth Rock|p1a: Talonflame
|-sidestart|p1: shot package|move: Stealth Rock
|
|-weather|Sandstorm|[upkeep]
|-damage|p1a: Talonflame|337\/359|[from] sandstorm
|-heal|p1a: Talonflame|359\/359|[from] item: Leftovers
|turn|18
|
|move|p2a: Landorus|Psychic|p1a: Talonflame
|-damage|p1a: Talonflame|210\/359
|move|p1a: Talonflame|Will-O-Wisp|p2a: Landorus
|-status|p2a: Landorus|brn
|
|-weather|none
|-heal|p1a: Talonflame|232\/359|[from] item: Leftovers
|-damage|p2a: Landorus|280\/319 brn|[from] brn
|turn|19
|
|switch|p2a: Tyranitar|Tyranitar, M|380\/380
|-damage|p2a: Tyranitar|333\/380|[from] Stealth Rock
|-weather|Sandstorm
|move|p1a: Talonflame|Brave Bird|p2a: Tyranitar
|-resisted|p2a: Tyranitar
|-damage|p2a: Tyranitar|283\/380
|-damage|p1a: Talonflame|215\/359|[from] recoil|[of] p2a: Tyranitar
|
|-weather|Sandstorm|[upkeep]
|-damage|p1a: Talonflame|193\/359|[from] sandstorm
|-heal|p1a: Talonflame|215\/359|[from] item: Leftovers
|turn|20
|
|move|p1a: Talonflame|Will-O-Wisp|p2a: Tyranitar
|-status|p2a: Tyranitar|brn
|move|p2a: Tyranitar|Pursuit|p1a: Talonflame
|-damage|p1a: Talonflame|136\/359
|
|-weather|Sandstorm|[upkeep]
|-damage|p1a: Talonflame|114\/359|[from] sandstorm
|-heal|p1a: Talonflame|136\/359|[from] item: Leftovers
|-damage|p2a: Tyranitar|236\/380 brn|[from] brn
|turn|21
|
|switch|p2a: Keldeo|Keldeo|218\/324
|-damage|p2a: Keldeo|198\/324|[from] Stealth Rock
|move|p1a: Talonflame|Roost|p1a: Talonflame
|-heal|p1a: Talonflame|316\/359
|
|-weather|Sandstorm|[upkeep]
|-damage|p2a: Keldeo|178\/324|[from] sandstorm
|-damage|p1a: Talonflame|294\/359|[from] sandstorm
|-heal|p2a: Keldeo|198\/324|[from] item: Leftovers
|-heal|p1a: Talonflame|316\/359|[from] item: Leftovers
|turn|22
|
|switch|p2a: Tyranitar|Tyranitar, M|236\/380 brn
|-damage|p2a: Tyranitar|189\/380 brn|[from] Stealth Rock
|move|p1a: Talonflame|Brave Bird|p2a: Tyranitar
|-resisted|p2a: Tyranitar
|-damage|p2a: Tyranitar|138\/380 brn
|-damage|p1a: Talonflame|299\/359|[from] recoil|[of] p2a: Tyranitar
|
|-weather|Sandstorm|[upkeep]
|-damage|p1a: Talonflame|277\/359|[from] sandstorm
|-heal|p1a: Talonflame|299\/359|[from] item: Leftovers
|-damage|p2a: Tyranitar|91\/380 brn|[from] brn
|turn|23
|
|switch|p1a: Empoleon|Empoleon, M|325\/371
|-damage|p1a: Empoleon|302\/371|[from] Stealth Rock
|move|p2a: Tyranitar|Stone Edge|p1a: Empoleon
|-resisted|p1a: Empoleon
|-damage|p1a: Empoleon|220\/371
|
|-weather|none
|-heal|p1a: Empoleon|243\/371|[from] item: Leftovers
|-damage|p2a: Tyranitar|44\/380 brn|[from] brn
|turn|24
|
|switch|p2a: Keldeo|Keldeo|198\/324
|-damage|p2a: Keldeo|178\/324|[from] Stealth Rock
|move|p1a: Empoleon|Defog|p2a: Keldeo
|-unboost|p2a: Keldeo|evasion|1
|-sideend|p2: Ligabue|Stealth Rock|[from] move: Defog|[of] p2a: Keldeo
|-sideend|p1: shot package|Stealth Rock|[from] move: Defog|[of] p1a: Empoleon
|
|-heal|p2a: Keldeo|198\/324|[from] item: Leftovers
|-heal|p1a: Empoleon|266\/371|[from] item: Leftovers
|turn|25
|
|switch|p1a: Celebi|Celebi|403\/403
|move|p2a: Keldeo|Secret Sword|p1a: Celebi
|-resisted|p1a: Celebi
|-damage|p1a: Celebi|321\/403
|
|-heal|p2a: Keldeo|218\/324|[from] item: Leftovers
|-heal|p1a: Celebi|346\/403|[from] item: Leftovers
|turn|26
|
|switch|p2a: Altaria|Altaria, F|271\/309
|move|p1a: Celebi|Giga Drain|p2a: Altaria
|-crit|p2a: Altaria
|-resisted|p2a: Altaria
|-damage|p2a: Altaria|241\/309
|-heal|p1a: Celebi|361\/403|[from] drain|[of] p2a: Altaria
|
|-heal|p1a: Celebi|386\/403|[from] item: Leftovers
|turn|27
|
|detailschange|p2a: Altaria|Altaria-Mega, F
|-mega|p2a: Altaria|Altaria|Altarianite
|move|p1a: Celebi|Nasty Plot|p1a: Celebi
|-boost|p1a: Celebi|spa|2
|move|p2a: Altaria|Hyper Voice|p1a: Celebi
|-damage|p1a: Celebi|218\/403
|
|-heal|p1a: Celebi|243\/403|[from] item: Leftovers
|turn|28
|
|move|p1a: Celebi|Recover|p1a: Celebi
|-heal|p1a: Celebi|403\/403
|move|p2a: Altaria|Hyper Voice|p1a: Celebi
|-damage|p1a: Celebi|250\/403
|
|-heal|p1a: Celebi|275\/403|[from] item: Leftovers
|turn|29
|
|move|p1a: Celebi|Nasty Plot|p1a: Celebi
|-boost|p1a: Celebi|spa|2
|move|p2a: Altaria|Fire Blast|p1a: Celebi
|-supereffective|p1a: Celebi
|-damage|p1a: Celebi|73\/403
|
|-heal|p1a: Celebi|98\/403|[from] item: Leftovers
|turn|30
|
|move|p1a: Celebi|Recover|p1a: Celebi
|-heal|p1a: Celebi|300\/403
|move|p2a: Altaria|Earthquake|p1a: Celebi
|-resisted|p1a: Celebi
|-damage|p1a: Celebi|256\/403
|
|-heal|p1a: Celebi|281\/403|[from] item: Leftovers
|turn|31
|
|move|p1a: Celebi|Giga Drain|p2a: Altaria
|-resisted|p2a: Altaria
|-damage|p2a: Altaria|115\/309
|-heal|p1a: Celebi|344\/403|[from] drain|[of] p2a: Altaria
|move|p2a: Altaria|Fire Blast|p1a: Celebi
|-supereffective|p1a: Celebi
|-damage|p1a: Celebi|142\/403
|
|-heal|p1a: Celebi|167\/403|[from] item: Leftovers
|turn|32
|
|switch|p2a: Tyranitar|Tyranitar, M|44\/380 brn
|-weather|Sandstorm
|move|p1a: Celebi|Recover|p1a: Celebi
|-heal|p1a: Celebi|369\/403
|
|-weather|Sandstorm|[upkeep]
|-damage|p1a: Celebi|344\/403|[from] sandstorm
|-heal|p1a: Celebi|369\/403|[from] item: Leftovers
|-damage|p2a: Tyranitar|0 fnt|[from] brn
|faint|p2a: Tyranitar
|-message|Ligabue forfeited.
|
|win|shot package
|raw|Ladder updating...
|leave|Ligabue
|player|p2
|raw|shot package's rating: 1550 &rarr; <strong>1572<\/strong><br \/>(+22 for winning)
|raw|Ligabue's rating: 1579 &rarr; <strong>1558<\/strong><br \/>(-21 for losing)