|join|kullhadd hekk
|join|Aegislash45
|player|p1|kullhadd hekk|1
|player|p2|Aegislash45|26
|gametype|singles
|gen|6
|tier|OU
|rated
|clearpoke
|poke|p1|Garchomp, M
|poke|p1|Diggersby, F
|poke|p1|Azumarill, F
|poke|p1|Latias, F
|poke|p1|Magnezone
|poke|p1|Pinsir, M
|poke|p2|Landorus-Therian, M
|poke|p2|Manectric, F
|poke|p2|Heatran, M
|poke|p2|Greninja, F
|poke|p2|Latios, M
|poke|p2|Cobalion
|rule|Swagger Clause: Swagger is banned
|rule|Baton Pass Clause: Limit one Pokémon knowing Baton Pass
|rule|Sleep Clause Mod: Limit one foe put to sleep
|rule|Species Clause: Limit one of each Pokémon
|rule|OHKO Clause: OHKO moves are banned
|rule|Moody Clause: Moody is banned
|rule|Evasion Moves Clause: Evasion moves are banned
|rule|Endless Battle Clause: Forcing endless battles is banned
|rule|HP Percentage Mod: HP is shown in percentages
|teampreview
|
|start
|switch|p1a: Garchomp|Garchomp, M|357\/357
|switch|p2a: Greninja|Greninja, F|286\/286
|turn|1
|
|switch|p1a: Azumarill|Azumarill, F|345\/345
|move|p2a: Greninja|Ice Beam|p1a: Azumarill
|-start|p2a: Greninja|typechange|Ice|[from] Protean
|-crit|p1a: Azumarill
|-resisted|p1a: Azumarill
|-damage|p1a: Azumarill|263\/345
|-damage|p2a: Greninja|258\/286|[from] item: Life Orb
|
|turn|2
|
|switch|p2a: Cobalion|Cobalion|323\/323
|move|p1a: Azumarill|Knock Off|p2a: Cobalion
|-resisted|p2a: Cobalion
|-damage|p2a: Cobalion|262\/323
|-boost|p2a: Cobalion|atk|1|[from] ability: Justified
|-enditem|p2a: Cobalion|Leftovers|[from] move: Knock Off|[of] p1a: Azumarill
|
|turn|3
|
|switch|p1a: Garchomp|Garchomp, M|357\/357
|move|p2a: Cobalion|Iron Head|p1a: Garchomp
|-damage|p1a: Garchomp|200\/357
|-damage|p2a: Cobalion|222\/323|[from] ability: Rough Skin|[of] p1a: Garchomp
|
|turn|4
|
|move|p2a: Cobalion|Close Combat|p1a: Garchomp
|-damage|p1a: Garchomp|0 fnt
|-damage|p2a: Cobalion|182\/323|[from] ability: Rough Skin|[of] p1a: Garchomp
|-unboost|p2a: Cobalion|def|1
|-unboost|p2a: Cobalion|spd|1
|faint|p1a: Garchomp
|
|
|switch|p1a: Magnezone|Magnezone|281\/281
|turn|5
|
|move|p1a: Magnezone|Thunderbolt|p2a: Cobalion
|-damage|p2a: Cobalion|0 fnt
|faint|p2a: Cobalion
|
|
|switch|p2a: Greninja|Greninja, F|258\/286
|turn|6
|
|move|p2a: Greninja|Spikes|p1a: Magnezone
|-start|p2a: Greninja|typechange|Ground|[from] Protean
|-sidestart|p1: kullhadd hekk|Spikes
|move|p1a: Magnezone|Thunderbolt|p2a: Greninja
|-immune|p2a: Greninja|[msg]
|
|turn|7
|
|switch|p1a: Azumarill|Azumarill, F|263\/345
|-damage|p1a: Azumarill|220\/345|[from] Spikes
|move|p2a: Greninja|Hidden Power|p1a: Azumarill
|-start|p2a: Greninja|typechange|Grass|[from] Protean
|-supereffective|p1a: Azumarill
|-damage|p1a: Azumarill|69\/345
|-damage|p2a: Greninja|230\/286|[from] item: Life Orb
|
|turn|8
|join|i came from leddit
|
|move|p1a: Azumarill|Aqua Jet|p2a: Greninja
|-resisted|p2a: Greninja
|-damage|p2a: Greninja|164\/286
|move|p2a: Greninja|Hidden Power|p1a: Azumarill
|-supereffective|p1a: Azumarill
|-damage|p1a: Azumarill|0 fnt
|-damage|p2a: Greninja|136\/286|[from] item: Life Orb
|faint|p1a: Azumarill
|
|
|switch|p1a: Magnezone|Magnezone|281\/281
|-damage|p1a: Magnezone|246\/281|[from] Spikes
|turn|9
|
|switch|p2a: Heatran|Heatran, M|386\/386
|move|p1a: Magnezone|Flash Cannon|p2a: Heatran
|-resisted|p2a: Heatran
|-damage|p2a: Heatran|359\/386
|
|-heal|p2a: Heatran|383\/386|[from] item: Leftovers
|turn|10
|
|switch|p1a: Latias|Latias, F|301\/301
|move|p2a: Heatran|Stealth Rock|p1a: Latias
|-sidestart|p1: kullhadd hekk|move: Stealth Rock
|
|-heal|p2a: Heatran|386\/386|[from] item: Leftovers
|turn|11
|
|move|p2a: Heatran|Protect|p2a: Heatran
|-singleturn|p2a: Heatran|Protect
|move|p1a: Latias|Defog|p2a: Heatran
|-activate|p2a: Heatran|Protect
|
|turn|12
|
|move|p1a: Latias|Defog|p2a: Heatran
|-unboost|p2a: Heatran|evasion|1
|-sideend|p1: kullhadd hekk|Spikes|[from] move: Defog|[of] p1a: Latias
|-sideend|p1: kullhadd hekk|Stealth Rock|[from] move: Defog|[of] p1a: Latias
|move|p2a: Heatran|Stealth Rock|p1a: Latias
|-sidestart|p1: kullhadd hekk|move: Stealth Rock
|
|turn|13
|
|move|p1a: Latias|Defog|p2a: Heatran
|-unboost|p2a: Heatran|evasion|1
|-sideend|p1: kullhadd hekk|Stealth Rock|[from] move: Defog|[of] p1a: Latias
|move|p2a: Heatran|Toxic|p1a: Latias
|-status|p1a: Latias|tox
|
|-damage|p1a: Latias|283\/301 tox|[from] psn
|turn|14
|
|switch|p1a: Diggersby|Diggersby, F|311\/311
|move|p2a: Heatran|Toxic|p1a: Diggersby
|-status|p1a: Diggersby|tox
|
|-damage|p1a: Diggersby|292\/311 tox|[from] psn
|turn|15
|
|switch|p2a: Landorus-Therian|Landorus-Therian, M|325\/325
|-ability|p2a: Landorus-Therian|Intimidate|[of] p1a: Diggersby
|-unboost|p1a: Diggersby|atk|1
|move|p1a: Diggersby|Frustration|p2a: Landorus-Therian
|-crit|p2a: Landorus-Therian
|-damage|p2a: Landorus-Therian|0 fnt
|faint|p2a: Landorus-Therian
|
|-damage|p1a: Diggersby|254\/311 tox|[from] psn
|
|switch|p2a: Latios|Latios, M|302\/302
|turn|16
|
|switch|p1a: Magnezone|Magnezone|246\/281
|move|p2a: Latios|Draco Meteor|p1a: Magnezone
|-resisted|p1a: Magnezone
|-damage|p1a: Magnezone|72\/281
|-unboost|p2a: Latios|spa|2
|-damage|p2a: Latios|272\/302|[from] item: Life Orb
|
|turn|17
|
|switch|p2a: Heatran|Heatran, M|386\/386
|move|p1a: Magnezone|Flash Cannon|p2a: Heatran
|-resisted|p2a: Heatran
|-damage|p2a: Heatran|356\/386
|
|-heal|p2a: Heatran|380\/386|[from] item: Leftovers
|turn|18
|
|switch|p1a: Diggersby|Diggersby, F|254\/311 tox
|move|p2a: Heatran|Stealth Rock|p1a: Diggersby
|-sidestart|p1: kullhadd hekk|move: Stealth Rock
|
|-heal|p2a: Heatran|386\/386|[from] item: Leftovers
|-damage|p1a: Diggersby|235\/311 tox|[from] psn
|turn|19
|
|move|p2a: Heatran|Protect|p2a: Heatran
|-singleturn|p2a: Heatran|Protect
|move|p1a: Diggersby|Earthquake|p2a: Heatran
|-activate|p2a: Heatran|Protect
|
|-damage|p1a: Diggersby|197\/311 tox|[from] psn
|turn|20
|
|switch|p2a: Greninja|Greninja, F|136\/286
|move|p1a: Diggersby|Frustration|p2a: Greninja
|-damage|p2a: Greninja|0 fnt
|faint|p2a: Greninja
|
|-damage|p1a: Diggersby|140\/311 tox|[from] psn
|
|switch|p2a: Manectric|Manectric, F|281\/281
|turn|21
|
|switch|p1a: Magnezone|Magnezone|72\/281
|-damage|p1a: Magnezone|55\/281|[from] Stealth Rock
|detailschange|p2a: Manectric|Manectric-Mega, F
|message|Manectric has Mega Evolved into Mega Manectric!
|-ability|p2a: Manectric|Intimidate|[of] p1a: Magnezone
|-unboost|p1a: Magnezone|atk|1
|move|p2a: Manectric|Hidden Power|p1a: Magnezone
|-resisted|p1a: Magnezone
|-damage|p1a: Magnezone|15\/281
|
|turn|22
|
|move|p2a: Manectric|Volt Switch|p1a: Magnezone
|-resisted|p1a: Magnezone
|-damage|p1a: Magnezone|0 fnt
|faint|p1a: Magnezone
|
|switch|p2a: Latios|Latios, M|272\/302
|
|
|switch|p1a: Latias|Latias, F|283\/301 tox
|-damage|p1a: Latias|246\/301 tox|[from] Stealth Rock
|turn|23
|
|move|p2a: Latios|Draco Meteor|p1a: Latias|[miss]
|-miss|p2a: Latios|p1a: Latias
|move|p1a: Latias|Draco Meteor|p2a: Latios
|-supereffective|p2a: Latios
|-damage|p2a: Latios|0 fnt
|-unboost|p1a: Latias|spa|2
|-damage|p1a: Latias|216\/301 tox|[from] item: Life Orb
|faint|p2a: Latios
|
|-damage|p1a: Latias|198\/301 tox|[from] psn
|
|switch|p2a: Manectric|Manectric-Mega, F|281\/281
|-ability|p2a: Manectric|Intimidate|[of] p1a: Latias
|-unboost|p1a: Latias|atk|1
|turn|24
|
|move|p2a: Manectric|Hidden Power|p1a: Latias
|-supereffective|p1a: Latias
|-damage|p1a: Latias|82\/301 tox
|move|p1a: Latias|Healing Wish|p1a: Latias
|faint|p1a: Latias
|
|
|switch|p1a: Diggersby|Diggersby, F|140\/311 tox
|-heal|p1a: Diggersby|311\/311|[from] move: Healing Wish
|-damage|p1a: Diggersby|292\/311|[from] Stealth Rock
|turn|25
|
|move|p2a: Manectric|Hidden Power|p1a: Diggersby
|-supereffective|p1a: Diggersby
|-damage|p1a: Diggersby|114\/311
|move|p1a: Diggersby|Earthquake|p2a: Manectric
|-supereffective|p2a: Manectric
|-damage|p2a: Manectric|0 fnt
|faint|p2a: Manectric
|
|-message|Aegislash45 forfeited.
|
|win|kullhadd hekk
|raw|Ladder updating...
|leave|Aegislash45
|player|p2
|raw|kullhadd hekk's rating: 1658 &rarr; <strong>1679<\/strong><br \/>(+21 for winning)
|raw|Aegislash45's rating: 1676 &rarr; <strong>1655<\/strong><br \/>(-21 for losing)