|join|Reverb
|join|Gsebastian bot v
|player|p1|Reverb|#reverb
|player|p2|Gsebastian bot v|267
|gametype|singles
|gen|6
|tier|OU
|rated
|clearpoke
|poke|p1|Lopunny, F
|poke|p1|Celebi
|poke|p1|Tyranitar, F
|poke|p1|Keldeo
|poke|p1|Landorus-Therian, M
|poke|p1|Empoleon, M
|poke|p2|Aerodactyl, M
|poke|p2|Metagross
|poke|p2|Talonflame, F
|poke|p2|Gengar, F
|poke|p2|Thundurus, M
|poke|p2|Bisharp, F
|rule|Swagger Clause: Swagger is banned
|rule|Baton Pass Clause: Limit one Pokémon knowing Baton Pass
|rule|Sleep Clause Mod: Limit one foe put to sleep
|rule|Species Clause: Limit one of each Pokémon
|rule|OHKO Clause: OHKO moves are banned
|rule|Moody Clause: Moody is banned
|rule|Evasion Moves Clause: Evasion moves are banned
|rule|Endless Battle Clause: Forcing endless battles is banned
|rule|HP Percentage Mod: HP is shown in percentages
|teampreview
|join|All together Now
|
|start
|switch|p1a: Lopunny|Lopunny, F|271\/271
|switch|p2a: Aerodactyl|Aerodactyl, M|301\/301
|-ability|p2a: Aerodactyl|Pressure
|turn|1
|
|switch|p2a: Metagross|Metagross|301\/301
|detailschange|p1a: Lopunny|Lopunny-Mega, F
|-mega|p1a: Lopunny|Lopunny|Lopunnite
|move|p1a: Lopunny|Fake Out|p2a: Metagross
|-resisted|p2a: Metagross
|-damage|p2a: Metagross|269\/301
|
|turn|2
|
|switch|p1a: Empoleon|Empoleon, M|371\/371
|detailschange|p2a: Metagross|Metagross-Mega
|-mega|p2a: Metagross|Metagross|Metagrossite
|move|p2a: Metagross|Hammer Arm|p1a: Empoleon|[miss]
|-miss|p2a: Metagross|p1a: Empoleon
|
|turn|3
|c|★Gsebastian bot v|:[
|
|move|p2a: Metagross|Hammer Arm|p1a: Empoleon
|-supereffective|p1a: Empoleon
|-damage|p1a: Empoleon|105\/371
|-unboost|p2a: Metagross|spe|1
|move|p1a: Empoleon|Stealth Rock|p2a: Metagross
|-sidestart|p2: Gsebastian bot v|move: Stealth Rock
|
|-heal|p1a: Empoleon|128\/371|[from] item: Leftovers
|turn|4
|join|Chillingtilnoon
|
|switch|p1a: Landorus-Therian|Landorus-Therian, M|327\/327
|-ability|p1a: Landorus-Therian|Intimidate|[of] p2a: Metagross
|-unboost|p2a: Metagross|atk|1
|move|p2a: Metagross|Meteor Mash|p1a: Landorus-Therian
|-damage|p1a: Landorus-Therian|161\/327
|
|turn|5
|join|lil manaphy
|
|move|p1a: Landorus-Therian|U-turn|p2a: Metagross
|-damage|p2a: Metagross|209\/301
|
|switch|p1a: Celebi|Celebi|404\/404
|move|p2a: Metagross|Hammer Arm|p1a: Celebi
|-resisted|p1a: Celebi
|-damage|p1a: Celebi|343\/404
|-unboost|p2a: Metagross|spe|1
|
|-heal|p1a: Celebi|368\/404|[from] item: Leftovers
|turn|6
|
|switch|p2a: Aerodactyl|Aerodactyl, M|301\/301
|-damage|p2a: Aerodactyl|226\/301|[from] Stealth Rock
|-ability|p2a: Aerodactyl|Pressure
|move|p1a: Celebi|Thunder Wave|p2a: Aerodactyl
|-status|p2a: Aerodactyl|par
|
|-heal|p1a: Celebi|393\/404|[from] item: Leftovers
|turn|7
|join|Jukain
|join|CSS)bleachzxzx
|c| CSS)bleachzxzx|a
|c| CSS)bleachzxzx|es reverb
|c| CSS)bleachzxzx|por eso entran
|
|move|p1a: Celebi|Psychic|p2a: Aerodactyl
|-damage|p2a: Aerodactyl|90\/301 par
|move|p2a: Aerodactyl|Stealth Rock|p1a: Celebi
|-sidestart|p1: Reverb|move: Stealth Rock
|
|-heal|p1a: Celebi|404\/404|[from] item: Leftovers
|turn|8
|join|Alkov
|c|★Gsebastian bot v|ya faie un ataque descisivo
|c|★Gsebastian bot v|:[[
|c| CSS)bleachzxzx|jajajaja
|
|move|p1a: Celebi|Psychic|p2a: Aerodactyl
|-damage|p2a: Aerodactyl|0 fnt
|faint|p2a: Aerodactyl
|
|
|switch|p2a: Gengar|Gengar, F|261\/261
|-damage|p2a: Gengar|229\/261|[from] Stealth Rock
|turn|9
|join|jjhjhkjhkjhk
|
|move|p2a: Gengar|Sludge Wave|p1a: Celebi
|-supereffective|p1a: Celebi
|-damage|p1a: Celebi|92\/404
|-status|p1a: Celebi|psn
|-damage|p2a: Gengar|203\/261|[from] item: Life Orb
|move|p1a: Celebi|Psychic|p2a: Gengar
|-supereffective|p2a: Gengar
|-damage|p2a: Gengar|0 fnt
|faint|p2a: Gengar
|
|-heal|p1a: Celebi|117\/404 psn|[from] item: Leftovers
|-damage|p1a: Celebi|67\/404 psn|[from] psn
|c| CSS)bleachzxzx|rekt
|join|Stoned Zard
|leave|Stoned Zard
|
|switch|p2a: Metagross|Metagross-Mega|209\/301
|-damage|p2a: Metagross|191\/301|[from] Stealth Rock
|turn|10
|
|move|p2a: Metagross|Meteor Mash|p1a: Celebi
|-damage|p1a: Celebi|0 fnt
|faint|p1a: Celebi
|
|join|FuqGliscore
|
|switch|p1a: Landorus-Therian|Landorus-Therian, M|161\/327
|-damage|p1a: Landorus-Therian|121\/327|[from] Stealth Rock
|-ability|p1a: Landorus-Therian|Intimidate|[of] p2a: Metagross
|-unboost|p2a: Metagross|atk|1
|turn|11
|leave|FuqGliscore
|
|switch|p2a: Thundurus|Thundurus, M|299\/299
|-damage|p2a: Thundurus|225\/299|[from] Stealth Rock
|move|p1a: Landorus-Therian|Earthquake|p2a: Thundurus
|-immune|p2a: Thundurus|[msg]
|
|-heal|p2a: Thundurus|243\/299|[from] item: Leftovers
|turn|12
|
|switch|p1a: Tyranitar|Tyranitar, F|383\/383
|-damage|p1a: Tyranitar|336\/383|[from] Stealth Rock
|-weather|Sandstorm
|move|p2a: Thundurus|Focus Blast|p1a: Tyranitar
|-supereffective|p1a: Tyranitar
|-damage|p1a: Tyranitar|0 fnt
|faint|p1a: Tyranitar
|
|-weather|Sandstorm|[upkeep]
|-damage|p2a: Thundurus|225\/299|[from] sandstorm
|-heal|p2a: Thundurus|243\/299|[from] item: Leftovers
|
|switch|p1a: Lopunny|Lopunny-Mega, F|271\/271
|-damage|p1a: Lopunny|255\/271|[from] Stealth Rock
|turn|13
|join|I Iike Squirtles
|
|move|p1a: Lopunny|Fake Out|p2a: Thundurus
|-damage|p2a: Thundurus|144\/299
|cant|p2a: Thundurus|flinch
|
|-weather|Sandstorm|[upkeep]
|-damage|p1a: Lopunny|239\/271|[from] sandstorm
|-damage|p2a: Thundurus|126\/299|[from] sandstorm
|-heal|p2a: Thundurus|144\/299|[from] item: Leftovers
|turn|14
|
|switch|p1a: Landorus-Therian|Landorus-Therian, M|121\/327
|-damage|p1a: Landorus-Therian|81\/327|[from] Stealth Rock
|-ability|p1a: Landorus-Therian|Intimidate|[of] p2a: Thundurus
|-unboost|p2a: Thundurus|atk|1
|move|p2a: Thundurus|Psychic|p1a: Landorus-Therian
|-damage|p1a: Landorus-Therian|0 fnt
|faint|p1a: Landorus-Therian
|
|-weather|Sandstorm|[upkeep]
|-damage|p2a: Thundurus|126\/299|[from] sandstorm
|-heal|p2a: Thundurus|144\/299|[from] item: Leftovers
|
|switch|p1a: Lopunny|Lopunny-Mega, F|239\/271
|-damage|p1a: Lopunny|223\/271|[from] Stealth Rock
|turn|15
|
|move|p1a: Lopunny|Return|p2a: Thundurus
|-damage|p2a: Thundurus|0 fnt
|faint|p2a: Thundurus
|
|-weather|Sandstorm|[upkeep]
|-damage|p1a: Lopunny|207\/271|[from] sandstorm
|join|gamerguy1123
|join|blondey
|join|juandiegol2
|leave|gamerguy1123
|
|switch|p2a: Bisharp|Bisharp, F|271\/271
|-damage|p2a: Bisharp|255\/271|[from] Stealth Rock
|turn|16
|leave|blondey
|
|move|p2a: Bisharp|Sucker Punch|p1a: Lopunny
|-resisted|p1a: Lopunny
|-damage|p1a: Lopunny|106\/271
|-damage|p2a: Bisharp|228\/271|[from] item: Life Orb
|move|p1a: Lopunny|High Jump Kick|p2a: Bisharp
|-supereffective|p2a: Bisharp
|-damage|p2a: Bisharp|0 fnt
|faint|p2a: Bisharp
|
|-weather|none
|join|Druides
|
|switch|p2a: Talonflame|Talonflame, F|297\/297
|-damage|p2a: Talonflame|149\/297|[from] Stealth Rock
|turn|17
|join|SwaggBoii
|leave|Chillingtilnoon
|
|switch|p1a: Keldeo|Keldeo|323\/323
|-damage|p1a: Keldeo|303\/323|[from] Stealth Rock
|move|p2a: Talonflame|Brave Bird|p1a: Keldeo
|-supereffective|p1a: Keldeo
|-damage|p1a: Keldeo|0 fnt
|-damage|p2a: Talonflame|49\/297|[from] recoil|[of] p1a: Keldeo
|faint|p1a: Keldeo
|
|
|switch|p1a: Empoleon|Empoleon, M|128\/371
|-damage|p1a: Empoleon|105\/371|[from] Stealth Rock
|turn|18
|
|move|p2a: Talonflame|Brave Bird|p1a: Empoleon
|-resisted|p1a: Empoleon
|-damage|p1a: Empoleon|13\/371
|-damage|p2a: Talonflame|19\/297|[from] recoil|[of] p1a: Empoleon
|move|p1a: Empoleon|Defog|p2a: Talonflame
|-unboost|p2a: Talonflame|evasion|1
|-sideend|p2: Gsebastian bot v|Stealth Rock|[from] move: Defog|[of] p2a: Talonflame
|-sideend|p1: Reverb|Stealth Rock|[from] move: Defog|[of] p1a: Empoleon
|
|-heal|p1a: Empoleon|36\/371|[from] item: Leftovers
|turn|19
|join|Ox the Box
|c| Druides|what set is your bunny running
|
|move|p2a: Talonflame|Brave Bird|p1a: Empoleon
|-resisted|p1a: Empoleon
|-damage|p1a: Empoleon|0 fnt
|-damage|p2a: Talonflame|7\/297|[from] recoil|[of] p1a: Empoleon
|faint|p1a: Empoleon
|
|
|switch|p1a: Lopunny|Lopunny-Mega, F|106\/271
|turn|20
|join|PragaSV
|join|Julian
|
|switch|p2a: Metagross|Metagross-Mega|191\/301
|move|p1a: Lopunny|Fake Out|p2a: Metagross
|-resisted|p2a: Metagross
|-damage|p2a: Metagross|166\/301
|
|turn|21
|c|★Reverb|not the right one, im just making a series of misplays
|-message|Reverb forfeited.
|
|win|Gsebastian bot v
|raw|Ladder updating...
|c|★Gsebastian bot v|Ggggggg
|raw|Reverb's rating: 1694 &rarr; <strong>1676<\/strong><br \/>(-18 for losing)
|raw|Gsebastian bot v's rating: 1723 &rarr; <strong>1742<\/strong><br \/>(+19 for winning)
|c| CSS)bleachzxzx|Q
|c|★Reverb|gg
|c| CSS)bleachzxzx|LOL
|c| Druides|that didn't answer my question =\/
|leave|Reverb
|player|p1
|leave|Julian
|join|Doomed Hi
|c| CSS)bleachzxzx|no mames
|c| CSS)bleachzxzx|jajajajaj
|leave|Ox the Box
|c|★Gsebastian bot v|jajajaja
|leave|PragaSV
|c| CSS)bleachzxzx|sacale replay
|leave|SwaggBoii
|leave|Druides
|c|★Gsebastian bot v|Ya
|c|★Gsebastian bot v|lo tengo
|c|★Gsebastian bot v|uvu
|leave|I Iike Squirtles
|join|chiquita banana
|leave|chiquita banana
|leave|Doomed Hi
|join|chiquita banana
|leave|chiquita banana
|leave|lil manaphy
|join|sugarhigh
|leave|sugarhigh
|c| CSS)bleachzxzx|oc
|c|★Gsebastian bot v|jeje
|join|YucoYuco77
|join|WECAMEASROMANS
|join|Stoned Snorlax
|leave|Stoned Snorlax
|leave|WECAMEASROMANS
|join|DisfrutaDeLaDisco
|leave|YucoYuco77
|leave|juandiegol2
|leave|DisfrutaDeLaDisco
|join|TheAltair19 (
|c| TheAltair19 (|:(
|join|Muk
|leave|Muk
|leave|Jukain
|leave|Alkov
|join|Nobell
|leave|Nobell
|c| TheAltair19 (|El bot le gano a Reverb :O
|c| TheAltair19 (|con su "Todo se Boostea"
|c|★Gsebastian bot v|k
|c| TheAltair19 (|Asi le dice jacobo :(
|leave|Gsebastian bot v
|player|p2
|join|Gsebastian bot v
|leave|Gsebastian bot v
|join|Gsebastian bot v