|join|Latias tho
|join|Sacripan'
|player|p1|Latias tho|217
|player|p2|Sacripan'|170
|gametype|singles
|gen|6
|tier|UU
|rated
|rule|Sleep Clause Mod: Limit one foe put to sleep
|rule|Species Clause: Limit one of each Pokémon
|rule|OHKO Clause: OHKO moves are banned
|rule|Moody Clause: Moody is banned
|rule|Evasion Moves Clause: Evasion moves are banned
|rule|Endless Battle Clause: Forcing endless battles is banned
|rule|HP Percentage Mod: HP is shown in percentages
|clearpoke
|poke|p1|Azelf
|poke|p1|Raikou
|poke|p1|Crobat, F
|poke|p1|Hydreigon, F
|poke|p1|Entei, shiny
|poke|p1|Blastoise, F
|poke|p2|Entei, shiny
|poke|p2|Blastoise, M
|poke|p2|Celebi
|poke|p2|Raikou
|poke|p2|Lucario, M
|poke|p2|Hydreigon, M
|rule|Swagger Clause: Swagger is banned
|rule|Baton Pass Clause: Limit one Pokémon knowing Baton Pass
|teampreview
|
|start
|switch|p1a: Azelf|Azelf|291\/291
|switch|p2a: Raikou|Raikou|321\/321
|-ability|p2a: Raikou|Pressure
|turn|1
|
|move|p2a: Raikou|Volt Switch|p1a: Azelf
|-damage|p1a: Azelf|60\/291
|
|switch|p2a: Hydreigon|Hydreigon, M|325\/325
|move|p1a: Azelf|Stealth Rock|p2a: Hydreigon
|-sidestart|p2: Sacripan'|move: Stealth Rock
|
|turn|2
|
|move|p2a: Hydreigon|U-turn|p1a: Azelf
|-supereffective|p1a: Azelf
|-damage|p1a: Azelf|0 fnt
|faint|p1a: Azelf
|
|switch|p2a: Raikou|Raikou|321\/321
|-damage|p2a: Raikou|281\/321|[from] Stealth Rock
|-ability|p2a: Raikou|Pressure
|
|
|switch|p1a: Hydreigon|Hydreigon, F|325\/325
|turn|3
|join|Eyan
|
|move|p1a: Hydreigon|Draco Meteor|p2a: Raikou
|-damage|p2a: Raikou|52\/321
|-unboost|p1a: Hydreigon|spa|2
|move|p2a: Raikou|Volt Switch|p1a: Hydreigon
|-resisted|p1a: Hydreigon
|-damage|p1a: Hydreigon|232\/325
|c|★Latias tho|that did nothing
|
|switch|p2a: Blastoise|Blastoise, M|361\/361
|-damage|p2a: Blastoise|316\/361|[from] Stealth Rock
|
|turn|4
|
|switch|p1a: Raikou|Raikou|321\/321
|-ability|p1a: Raikou|Pressure
|detailschange|p2a: Blastoise|Blastoise-Mega, M
|-mega|p2a: Blastoise|Blastoise|Blastoisinite
|move|p2a: Blastoise|Rapid Spin|p1a: Raikou
|-damage|p1a: Raikou|303\/321
|-sideend|p2: Sacripan'|Stealth Rock|[from] move: Rapid Spin|[of] p2a: Blastoise
|
|turn|5
|
|switch|p2a: Raikou|Raikou|52\/321
|-ability|p2a: Raikou|Pressure
|move|p1a: Raikou|Volt Switch|p2a: Raikou
|-resisted|p2a: Raikou
|-damage|p2a: Raikou|0 fnt
|faint|p2a: Raikou
|
|switch|p1a: Crobat|Crobat, F|321\/321
|
|
|switch|p2a: Entei|Entei, shiny|371\/371
|-ability|p2a: Entei|Pressure
|turn|6
|
|move|p1a: Crobat|U-turn|p2a: Entei
|-resisted|p2a: Entei
|-damage|p2a: Entei|335\/371
|
|switch|p1a: Blastoise|Blastoise, F|342\/342
|move|p2a: Entei|Sacred Fire|p1a: Blastoise
|-resisted|p1a: Blastoise
|-damage|p1a: Blastoise|218\/342
|
|turn|7
|
|switch|p2a: Celebi|Celebi|342\/342
|detailschange|p1a: Blastoise|Blastoise-Mega, F
|-mega|p1a: Blastoise|Blastoise|Blastoisinite
|move|p1a: Blastoise|Aura Sphere|p2a: Celebi
|-resisted|p2a: Celebi
|-damage|p2a: Celebi|267\/342
|
|turn|8
|
|switch|p1a: Hydreigon|Hydreigon, F|232\/325
|move|p2a: Celebi|Stealth Rock|p1a: Hydreigon
|-sidestart|p1: Latias tho|move: Stealth Rock
|
|turn|9
|
|switch|p2a: Entei|Entei, shiny|335\/371
|-ability|p2a: Entei|Pressure
|move|p1a: Hydreigon|U-turn|p2a: Entei
|-resisted|p2a: Entei
|-damage|p2a: Entei|305\/371
|
|switch|p1a: Blastoise|Blastoise-Mega, F|218\/342
|-damage|p1a: Blastoise|176\/342|[from] Stealth Rock
|
|turn|10
|
|switch|p2a: Hydreigon|Hydreigon, M|325\/325
|move|p1a: Blastoise|Rapid Spin|p2a: Hydreigon
|-damage|p2a: Hydreigon|306\/325
|-sideend|p1: Latias tho|Stealth Rock|[from] move: Rapid Spin|[of] p1a: Blastoise
|
|turn|11
|
|move|p2a: Hydreigon|Draco Meteor|p1a: Blastoise
|-damage|p1a: Blastoise|0 fnt
|-unboost|p2a: Hydreigon|spa|2
|faint|p1a: Blastoise
|
|
|switch|p1a: Crobat|Crobat, F|321\/321
|turn|12
|
|switch|p2a: Blastoise|Blastoise-Mega, M|316\/361
|move|p1a: Crobat|U-turn|p2a: Blastoise
|-damage|p2a: Blastoise|260\/361
|
|switch|p1a: Raikou|Raikou|303\/321
|-ability|p1a: Raikou|Pressure
|
|turn|13
|
|switch|p2a: Hydreigon|Hydreigon, M|306\/325
|move|p1a: Raikou|Volt Switch|p2a: Hydreigon
|-resisted|p2a: Hydreigon
|-damage|p2a: Hydreigon|238\/325
|
|switch|p1a: Hydreigon|Hydreigon, F|232\/325
|
|turn|14
|
|move|p1a: Hydreigon|Draco Meteor|p2a: Hydreigon
|-supereffective|p2a: Hydreigon
|-damage|p2a: Hydreigon|0 fnt
|-unboost|p1a: Hydreigon|spa|2
|faint|p2a: Hydreigon
|
|c|★Latias tho|yiss
|
|switch|p2a: Lucario|Lucario, M|281\/281
|turn|15
|c|★Sacripan'|sad
|
|switch|p1a: Entei|Entei, shiny|371\/371
|-ability|p1a: Entei|Pressure
|move|p2a: Lucario|Swords Dance|p2a: Lucario
|-boost|p2a: Lucario|atk|2
|
|turn|16
|
|move|p2a: Lucario|Earthquake|p1a: Entei
|-supereffective|p1a: Entei
|-damage|p1a: Entei|0 fnt
|-damage|p2a: Lucario|253\/281|[from] item: Life Orb
|faint|p1a: Entei
|
|
|switch|p1a: Crobat|Crobat, F|321\/321
|turn|17
|
|move|p2a: Lucario|Extreme Speed|p1a: Crobat
|-damage|p1a: Crobat|35\/321
|-damage|p2a: Lucario|225\/281|[from] item: Life Orb
|move|p1a: Crobat|Brave Bird|p2a: Lucario
|-damage|p2a: Lucario|0 fnt
|-damage|p1a: Crobat|0 fnt|[from] recoil|[of] p2a: Lucario
|faint|p2a: Lucario
|faint|p1a: Crobat
|
|
|switch|p1a: Hydreigon|Hydreigon, F|232\/325
|switch|p2a: Blastoise|Blastoise-Mega, M|260\/361
|turn|18
|
|move|p1a: Hydreigon|Draco Meteor|p2a: Blastoise
|-damage|p2a: Blastoise|47\/361
|-unboost|p1a: Hydreigon|spa|2
|move|p2a: Blastoise|Ice Beam|p1a: Hydreigon
|-supereffective|p1a: Hydreigon
|-damage|p1a: Hydreigon|0 fnt
|faint|p1a: Hydreigon
|
|c|★Latias tho|sigh
|
|switch|p1a: Raikou|Raikou|303\/321
|-ability|p1a: Raikou|Pressure
|turn|19
|c|★Latias tho|bad play
|c|★Sacripan'|gg
|c|★Latias tho|gg
|
|move|p1a: Raikou|Thunderbolt|p2a: Blastoise
|-supereffective|p2a: Blastoise
|-damage|p2a: Blastoise|0 fnt
|faint|p2a: Blastoise
|
|
|switch|p2a: Celebi|Celebi|267\/342
|turn|20
|
|move|p1a: Raikou|Hidden Power|p2a: Celebi
|-crit|p2a: Celebi
|-supereffective|p2a: Celebi
|-damage|p2a: Celebi|15\/342
|move|p2a: Celebi|Seed Bomb|p1a: Raikou
|-damage|p1a: Raikou|116\/321
|-damage|p2a: Celebi|0 fnt|[from] item: Life Orb
|faint|p2a: Celebi
|
|
|switch|p2a: Entei|Entei, shiny|305\/371
|-ability|p2a: Entei|Pressure
|turn|21
|
|move|p2a: Entei|Extreme Speed|p1a: Raikou
|-damage|p1a: Raikou|0 fnt
|faint|p1a: Raikou
|
|win|Sacripan'
|raw|Ladder updating...
|raw|Latias tho's rating: 1605 &rarr; <strong>1583<\/strong><br \/>(-22 for losing)
|raw|Sacripan&apos;'s rating: 1557 &rarr; <strong>1580<\/strong><br \/>(+23 for winning)