|join|Latias tho
|join|yesbefore
|player|p1|Latias tho|217
|player|p2|yesbefore|288
|gametype|singles
|gen|6
|tier|UU
|rated
|rule|Sleep Clause Mod: Limit one foe put to sleep
|rule|Species Clause: Limit one of each Pokémon
|rule|OHKO Clause: OHKO moves are banned
|rule|Moody Clause: Moody is banned
|rule|Evasion Moves Clause: Evasion moves are banned
|rule|Endless Battle Clause: Forcing endless battles is banned
|rule|HP Percentage Mod: HP is shown in percentages
|clearpoke
|poke|p1|Azelf
|poke|p1|Raikou
|poke|p1|Crobat, F
|poke|p1|Hydreigon, M
|poke|p1|Entei, shiny
|poke|p1|Blastoise, M
|poke|p2|Umbreon, F
|poke|p2|Hitmonlee, M, shiny
|poke|p2|Crobat, M
|poke|p2|Donphan, M
|poke|p2|Jirachi
|poke|p2|Blastoise, M, shiny
|rule|Swagger Clause: Swagger is banned
|rule|Baton Pass Clause: Limit one Pokémon knowing Baton Pass
|teampreview
|join|SunnyORAS
|join|UU mmmm
|
|start
|switch|p1a: Blastoise|Blastoise, M|342\/342
|switch|p2a: PurpleHaze|Crobat, M|329\/329
|turn|1
|
|detailschange|p1a: Blastoise|Blastoise-Mega, M
|-mega|p1a: Blastoise|Blastoise|Blastoisinite
|move|p2a: PurpleHaze|Brave Bird|p1a: Blastoise
|-damage|p1a: Blastoise|198\/342
|-damage|p2a: PurpleHaze|281\/329|[from] recoil|[of] p1a: Blastoise
|move|p1a: Blastoise|Aura Sphere|p2a: PurpleHaze
|-resisted|p2a: PurpleHaze
|-damage|p2a: PurpleHaze|236\/329
|
|-heal|p2a: PurpleHaze|256\/329|[from] item: Black Sludge
|turn|2
|
|move|p2a: PurpleHaze|Brave Bird|p1a: Blastoise
|-crit|p1a: Blastoise
|-damage|p1a: Blastoise|0 fnt
|-damage|p2a: PurpleHaze|191\/329|[from] recoil|[of] p1a: Blastoise
|faint|p1a: Blastoise
|
|-heal|p2a: PurpleHaze|211\/329|[from] item: Black Sludge
|c| SunnyORAS|lati
|c| SunnyORAS|plz lose to this guy
|
|switch|p1a: Raikou|Raikou|321\/321
|-ability|p1a: Raikou|Pressure
|turn|3
|c| SunnyORAS|so I can laugh
|join|SkarmSteel
|c|★Latias tho|i am
|c|★Latias tho|so pissed
|c| SunnyORAS|oh hey skarm steel!
|
|move|p2a: PurpleHaze|Roost|p2a: PurpleHaze
|-heal|p2a: PurpleHaze|329\/329
|move|p1a: Raikou|Hidden Power|p2a: PurpleHaze
|-damage|p2a: PurpleHaze|250\/329
|
|-heal|p2a: PurpleHaze|270\/329|[from] item: Black Sludge
|turn|4
|c| SkarmSteel|hey
|c|★Latias tho|fuck
|c| SkarmSteel|hp water?
|
|move|p2a: PurpleHaze|Brave Bird|p1a: Raikou
|-resisted|p1a: Raikou
|-damage|p1a: Raikou|214\/321
|-damage|p2a: PurpleHaze|235\/329|[from] recoil|[of] p1a: Raikou
|move|p1a: Raikou|Extrasensory|p2a: PurpleHaze
|-supereffective|p2a: PurpleHaze
|-damage|p2a: PurpleHaze|0 fnt
|faint|p2a: PurpleHaze
|
|c|★Latias tho|ice
|c| SunnyORAS|.-.
|c|★Latias tho|smh
|c|★Latias tho|this man
|c| SkarmSteel|ah...
|c| SunnyORAS|who is this lord?
|c|★Latias tho|hes gonna
|
|switch|p2a: MyNigga|Umbreon, F|393\/393
|turn|5
|c|★Latias tho|i don't even care rn
|
|move|p1a: Raikou|Volt Switch|p2a: MyNigga
|-damage|p2a: MyNigga|326\/393
|
|switch|p1a: Entei|Entei, shiny|371\/371
|-ability|p1a: Entei|Pressure
|move|p2a: MyNigga|Baton Pass|p2a: MyNigga
|c|★Latias tho|w0w0w
|
|switch|p2a: FireFire|Blastoise, M, shiny|361\/361
|
|turn|6
|c| SkarmSteel|lol
|
|switch|p1a: Azelf|Azelf|291\/291
|detailschange|p2a: FireFire|Blastoise-Mega, M, shiny
|-mega|p2a: FireFire|Blastoise|Blastoisinite
|move|p2a: FireFire|Water Pulse|p1a: Azelf
|-damage|p1a: Azelf|38\/291
|
|turn|7
|c|★Latias tho|sigh
|c| SkarmSteel|wow
|c|★Latias tho|he has 3 possible spinners
|c| SkarmSteel|water pulse
|c|★Latias tho|i wonder which one
|c| SunnyORAS|b00m right here
|
|switch|p2a: Jirachi|Jirachi|404\/404
|move|p1a: Azelf|Explosion|p2a: Jirachi
|-crit|p2a: Jirachi
|-resisted|p2a: Jirachi
|-damage|p2a: Jirachi|189\/404
|faint|p1a: Azelf
|
|-heal|p2a: Jirachi|214\/404|[from] item: Leftovers
|c| SunnyORAS|but you're not real enough
|c|★Latias tho|oml
|c| SunnyORAS|:O
|c|★Latias tho|he
|c|★Latias tho|actually switched
|c| SkarmSteel|a crit pls
|
|switch|p1a: Entei|Entei, shiny|371\/371
|-ability|p1a: Entei|Pressure
|turn|8
|c| SunnyORAS|you're real I guess
|c|★Latias tho|as long as i get
|c|★Latias tho|damage off
|
|move|p2a: Jirachi|Toxic|p1a: Entei|[miss]
|-miss|p2a: Jirachi|p1a: Entei
|move|p1a: Entei|Sacred Fire|p2a: Jirachi
|-supereffective|p2a: Jirachi
|-damage|p2a: Jirachi|0 fnt
|faint|p2a: Jirachi
|
|c|★Latias tho|good
|c| SunnyORAS|nb
|
|switch|p2a: Kite|Donphan, M|384\/384
|turn|9
|
|switch|p1a: Hydreigon|Hydreigon, M|325\/325
|move|p2a: Kite|Knock Off|p1a: Hydreigon
|-resisted|p1a: Hydreigon
|-damage|p1a: Hydreigon|280\/325
|-enditem|p1a: Hydreigon|Choice Scarf|[from] move: Knock Off|[of] p2a: Kite
|
|turn|10
|c|★Latias tho|ah
|c|★Latias tho|nb
|
|move|p1a: Hydreigon|Dark Pulse|p2a: Kite
|-damage|p2a: Kite|177\/384
|move|p2a: Kite|Stealth Rock|p1a: Hydreigon
|-sidestart|p1: Latias tho|move: Stealth Rock
|
|-heal|p2a: Kite|201\/384|[from] item: Leftovers
|turn|11
|c| SunnyORAS|kekekeke
|
|switch|p2a: FireFire|Blastoise-Mega, M, shiny|361\/361
|move|p1a: Hydreigon|U-turn|p2a: FireFire
|-damage|p2a: FireFire|316\/361
|
|switch|p1a: Raikou|Raikou|214\/321
|-damage|p1a: Raikou|174\/321|[from] Stealth Rock
|-ability|p1a: Raikou|Pressure
|
|turn|12
|c|★Latias tho|predicted
|c| SkarmSteel|imo you predicted the umbreon
|c| SkarmSteel|js
|c| SunnyORAS|ye
|
|move|p1a: Raikou|Volt Switch|p2a: FireFire
|-supereffective|p2a: FireFire
|-damage|p2a: FireFire|93\/361
|c|★Latias tho|he
|c| SunnyORAS|kekeke
|c|★Latias tho|stayed in
|
|switch|p1a: Hydreigon|Hydreigon, M|280\/325
|-damage|p1a: Hydreigon|240\/325|[from] Stealth Rock
|move|p2a: FireFire|Water Pulse|p1a: Hydreigon
|-resisted|p1a: Hydreigon
|-damage|p1a: Hydreigon|150\/325
|
|turn|13
|c| SunnyORAS|what a lord
|c|★Latias tho|this man
|c|★Latias tho|is a god
|c| SunnyORAS|and you are a pleb
|
|move|p1a: Hydreigon|Dark Pulse|p2a: FireFire
|-damage|p2a: FireFire|0 fnt
|faint|p2a: FireFire
|
|c| SunnyORAS|!
|
|switch|p2a: MyNigga|Umbreon, F|326\/393
|turn|14
|c| SunnyORAS|clean up time?
|c| SunnyORAS|y\/y
|c| SunnyORAS|he wins I think
|
|move|p1a: Hydreigon|U-turn|p2a: MyNigga
|-supereffective|p2a: MyNigga
|-damage|p2a: MyNigga|224\/393
|-enditem|p2a: MyNigga|Weakness Policy
|-boost|p2a: MyNigga|atk|2|[from] item: Weakness Policy
|-boost|p2a: MyNigga|spa|2|[from] item: Weakness Policy
|
|switch|p1a: Crobat|Crobat, F|321\/321
|-damage|p1a: Crobat|241\/321|[from] Stealth Rock
|move|p2a: MyNigga|Curse|p2a: MyNigga
|-boost|p2a: MyNigga|atk|1
|-boost|p2a: MyNigga|def|1
|-unboost|p2a: MyNigga|spe|1
|
|turn|15
|c|★Latias tho|what
|c| SunnyORAS|if he plays smart from
|c|★Latias tho|the ufkc
|c| UU mmmm|baton pass
|c| SunnyORAS|holy shit
|c| SunnyORAS|ahahahahahahaa
|c| UU mmmm|aww
|
|move|p1a: Crobat|Taunt|p2a: MyNigga
|-start|p2a: MyNigga|move: Taunt
|cant|p2a: MyNigga|move: Taunt|Baton Pass
|
|turn|16
|c| SkarmSteel|WUR?
|c|★Latias tho|holy
|c|★Latias tho|shit
|
|switch|p2a: Kite|Donphan, M|201\/384
|move|p1a: Crobat|U-turn|p2a: Kite
|-damage|p2a: Kite|161\/384
|
|switch|p1a: Hydreigon|Hydreigon, M|150\/325
|-damage|p1a: Hydreigon|110\/325|[from] Stealth Rock
|
|-heal|p2a: Kite|185\/384|[from] item: Leftovers
|turn|17
|c| SkarmSteel|phew
|c| UU mmmm|good thing you run roar lol
|c| SunnyORAS|you were fucked just then
|c| SunnyORAS|imo
|c|★Latias tho|oml
|
|move|p1a: Hydreigon|Dark Pulse|p2a: Kite
|-damage|p2a: Kite|0 fnt
|faint|p2a: Kite
|
|c| UU mmmm|taunt*
|c|★Latias tho|i was
|
|switch|p2a: MyNigga|Umbreon, F|224\/393
|turn|18
|c|★Latias tho|so fucking
|c|★Latias tho|scared
|c| SunnyORAS|if he bd'
|c|★Latias tho|suddenly
|c|★Latias tho|i just saw like
|c| SunnyORAS|-> HJitmolee
|c|★Latias tho|10000 boosts
|c| SunnyORAS|ahahaha
|c| SunnyORAS|G_G
|
|move|p1a: Hydreigon|Draco Meteor|p2a: MyNigga
|-damage|p2a: MyNigga|83\/393
|-unboost|p1a: Hydreigon|spa|2
|move|p2a: MyNigga|Moonlight|p2a: MyNigga
|-heal|p2a: MyNigga|279\/393
|
|turn|19
|join|Sorakumo
|c|★Latias tho|man
|c| SkarmSteel|that damage
|c| SunnyORAS|I think
|
|move|p1a: Hydreigon|U-turn|p2a: MyNigga
|-supereffective|p2a: MyNigga
|-damage|p2a: MyNigga|185\/393
|c|★Latias tho|thats doing jack
|join|Mystialized
|c| SkarmSteel|~~use superpower hydra~~
|
|switch|p1a: Crobat|Crobat, F|241\/321
|-damage|p1a: Crobat|161\/321|[from] Stealth Rock
|move|p2a: MyNigga|Taunt|p1a: Crobat
|-start|p1a: Crobat|move: Taunt
|
|turn|20
|c| SunnyORAS|he just might clean up if you arn't careful
|c|★Latias tho|he has
|c|★Latias tho|taunt
|c|★Latias tho|!
|c| SunnyORAS|ahahahaa
|c| SunnyORAS|FUCK YOU
|
|move|p1a: Crobat|U-turn|p2a: MyNigga
|-supereffective|p2a: MyNigga
|-damage|p2a: MyNigga|63\/393
|c|★Latias tho|nah nah nah
|
|switch|p1a: Entei|Entei, shiny|371\/371
|-damage|p1a: Entei|279\/371|[from] Stealth Rock
|-ability|p1a: Entei|Pressure
|move|p2a: MyNigga|Moonlight|p2a: MyNigga
|-heal|p2a: MyNigga|259\/393
|
|turn|21
|c| Mystialized|LOL
|c| Mystialized|that is
|c| SunnyORAS|ded r here
|c|★Latias tho|i better kill
|c| Mystialized|so based
|
|move|p1a: Entei|Flare Blitz|p2a: MyNigga
|-damage|p2a: MyNigga|0 fnt
|-damage|p1a: Entei|194\/371|[from] recoil|[of] p2a: MyNigga
|faint|p2a: MyNigga
|
|
|switch|p2a: BHulk|Hitmonlee, M, shiny|241\/241
|turn|22
|c|★Latias tho|good
|c| SunnyORAS|:(
|
|switch|p1a: Hydreigon|Hydreigon, M|110\/325
|-damage|p1a: Hydreigon|70\/325|[from] Stealth Rock
|move|p2a: BHulk|High Jump Kick|p1a: Hydreigon
|-supereffective|p1a: Hydreigon
|-damage|p1a: Hydreigon|0 fnt
|faint|p1a: Hydreigon
|
|c| SunnyORAS|feck u
|c| Mystialized|"Umbreon used Taunt!"
|c| Mystialized|HAHAHAHAHA
|
|switch|p1a: Entei|Entei, shiny|194\/371
|-damage|p1a: Entei|102\/371|[from] Stealth Rock
|-ability|p1a: Entei|Pressure
|turn|23
|
|move|p1a: Entei|Extreme Speed|p2a: BHulk
|-damage|p2a: BHulk|0 fnt
|faint|p2a: BHulk
|
|win|Latias tho
|raw|Ladder updating...
|c| SunnyORAS|GENIUS
|raw|Latias tho's rating: 1485 &rarr; <strong>1504<\/strong><br \/>(+19 for winning)
|raw|yesbefore's rating: 1461 &rarr; <strong>1442<\/strong><br \/>(-19 for losing)
|c|★Latias tho|holy shit
|leave|yesbefore
|player|p2
|c| SunnyORAS|latios
|c|★Latias tho|never have i
|c| SunnyORAS|holy shit
|c| SunnyORAS|we have