|join|MoB Barley
|join|Sir Slaking
|player|p1|MoB Barley|161
|player|p2|Sir Slaking|99
|gametype|singles
|gen|6
|tier|OU
|clearpoke
|poke|p1|Metagross, shiny
|poke|p1|Landorus, M, shiny
|poke|p1|Garchomp, M, shiny
|poke|p1|Azumarill, M
|poke|p1|Latias, F
|poke|p1|Keldeo-Resolute, shiny
|poke|p2|Alakazam, F
|poke|p2|Keldeo
|poke|p2|Bisharp, F
|poke|p2|Landorus-Therian, M
|poke|p2|Slowbro, F
|poke|p2|Heatran, F
|rule|Swagger Clause: Swagger is banned
|rule|Baton Pass Clause: Limit one Pokémon knowing Baton Pass
|rule|Sleep Clause Mod: Limit one foe put to sleep
|rule|Species Clause: Limit one of each Pokémon
|rule|OHKO Clause: OHKO moves are banned
|rule|Moody Clause: Moody is banned
|rule|Evasion Moves Clause: Evasion moves are banned
|rule|Endless Battle Clause: Forcing endless battles is banned
|rule|HP Percentage Mod: HP is shown in percentages
|teampreview
|join|LordWienerButt
|join|l123
|join|808 & Heartbreak
|join|c1one
|join|Don't Get Swept
|join|Sennto
|c| l123|there are too many good matches going on
|join|idarki
|join|Boikachu
|join|Galactic Princess
|join|RotomSock
|join|rika and hanyuu
|c| l123|i dont know who to watch
|join|etnatrj
|join|julianna
|join|Lady Biscotti
|join|Mega Magic Bounce
|c| rika and hanyuu|wiz tiffle and mob at the same time
|join|Chillingtilnoon
|join|TheSkyAboveUs
|c| Mega Magic Bounce|WHERE'S SLAKING???
|c|★Sir Slaking|i only do that
|c|★MoB Barley|he wouldn't bring that vs me
|c|★Sir Slaking|when im in the finals
|c|★Sir Slaking|I would, if it were finals
|
|start
|switch|p1a: Azumarill|Azumarill, M|360\/360
|switch|p2a: Alakazam|Alakazam, F|261\/261
|turn|1
|c|★Sir Slaking|gimme dat huge power
|join|JayBayy
|c|★Sir Slaking|Hmm.
|c|★Sir Slaking|It's a roll.
|
|detailschange|p2a: Alakazam|Alakazam-Mega, F
|-mega|p2a: Alakazam|Alakazam|Alakazite
|-ability|p2a: Alakazam|Huge Power|[from] ability: Trace|[of] p1a: Azumarill
|move|p2a: Alakazam|Energy Ball|p1a: Azumarill
|-supereffective|p1a: Azumarill
|-damage|p1a: Azumarill|0 fnt
|faint|p1a: Azumarill
|
|c|★Sir Slaking|I love rolls.
|c|★MoB Barley|ew
|c|★MoB Barley|whats wrong with you
|c|★Sir Slaking|idgaf.
|
|switch|p1a: Metagross|Metagross, shiny|301\/301
|turn|2
|c|★Sir Slaking|Cant play offense if I care.
|join|alt7777777
|c| Chillingtilnoon|plz shadow ball does 60-70
|c| Chillingtilnoon|dont stay in
|c|★Sir Slaking|nigga dont tell me what to do
|c| TheSkyAboveUs|CANT BELIEVE EBALL KILLED
|raw|<div class="broadcast-red"><b>Moderated chat was set to +!<\/b><br \/>Only users of rank + and higher can talk.<\/div>
|c|★Sir Slaking|thnx.
|join|I Iike Squirtles
|c|★Sir Slaking|I have a strategy
|c|★Sir Slaking|sometimes.
|join|Pure Demize
|
|switch|p2a: Landorus-Therian|Landorus-Therian, M|320\/320
|-ability|p2a: Landorus-Therian|Intimidate|[of] p1a: Metagross
|-fail|p1a: Metagross|unboost|[from] ability: Clear Body|[of] p1a: Metagross
|detailschange|p1a: Metagross|Metagross-Mega, shiny
|-mega|p1a: Metagross|Metagross|Metagrossite
|move|p1a: Metagross|Meteor Mash|p2a: Landorus-Therian
|-damage|p2a: Landorus-Therian|71\/320
|-boost|p1a: Metagross|atk|1
|
|turn|3
|
|switch|p1a: Landorus|Landorus, M, shiny|319\/319
|move|p2a: Landorus-Therian|U-turn|p1a: Landorus
|-resisted|p1a: Landorus
|-damage|p1a: Landorus|273\/319
|c|★MoB Barley|im +1
|c|★MoB Barley|alright do ur thing
|
|switch|p2a: Alakazam|Alakazam-Mega, F|261\/261
|-ability|p2a: Alakazam|Sheer Force|[from] ability: Trace|[of] p1a: Landorus
|
|turn|4
|
|switch|p1a: Metagross|Metagross-Mega, shiny|301\/301
|move|p2a: Alakazam|Psychic|p1a: Metagross
|-resisted|p1a: Metagross
|-damage|p1a: Metagross|233\/301
|
|turn|5
|join|Don't Get Swept
|c|★Sir Slaking|67.5
|c|★MoB Barley|are u really running calks every turn in a ou tourney
|c|★Sir Slaking|Not because it's a tourny
|join|0 Void Star 0
|c|★Sir Slaking|Because I enjoy mathematics.
|
|switch|p2a: Slowbro|Slowbro, F|393\/393
|switch|p1a: Garchomp|Garchomp, M, shiny|358\/358
|
|turn|6
|
|switch|p1a: Latias|Latias, F|301\/301
|move|p2a: Slowbro|Scald|p1a: Latias
|-resisted|p1a: Latias
|-damage|p1a: Latias|265\/301
|-status|p1a: Latias|brn
|
|-damage|p1a: Latias|228\/301 brn|[from] brn
|turn|7
|
|switch|p1a: Landorus|Landorus, M, shiny|273\/319
|switch|p2a: Bisharp|Bisharp, F|271\/271
|
|turn|8
|
|move|p2a: Bisharp|Sucker Punch|p1a: Landorus
|-fail|p1a: Landorus
|move|p1a: Landorus|Stealth Rock|p2a: Bisharp
|-sidestart|p2: Sir Slaking|move: Stealth Rock
|
|turn|9
|join|ExaltedWeavile
|
|move|p2a: Bisharp|Sucker Punch|p1a: Landorus
|-damage|p1a: Landorus|66\/319
|move|p1a: Landorus|Earth Power|p2a: Bisharp
|-supereffective|p2a: Bisharp
|-damage|p2a: Bisharp|0 fnt
|faint|p2a: Bisharp
|
|c|★Sir Slaking|gimme dat sheerforce.
|
|switch|p2a: Alakazam|Alakazam-Mega, F|261\/261
|-damage|p2a: Alakazam|229\/261|[from] Stealth Rock
|-ability|p2a: Alakazam|Sheer Force|[from] ability: Trace|[of] p1a: Landorus
|turn|10
|
|switch|p1a: Garchomp|Garchomp, M, shiny|358\/358
|move|p2a: Alakazam|Shadow Ball|p1a: Garchomp
|-damage|p1a: Garchomp|169\/358
|
|turn|11
|
|switch|p2a: Slowbro|Slowbro, F|393\/393
|-damage|p2a: Slowbro|344\/393|[from] Stealth Rock
|move|p1a: Garchomp|Earthquake|p2a: Slowbro
|-damage|p2a: Slowbro|212\/393
|
|-heal|p2a: Slowbro|236\/393|[from] item: Leftovers
|turn|12
|leave|0 Void Star 0
|
|switch|p1a: Metagross|Metagross-Mega, shiny|233\/301
|switch|p2a: Landorus-Therian|Landorus-Therian, M|71\/320
|-damage|p2a: Landorus-Therian|31\/320|[from] Stealth Rock
|-ability|p2a: Landorus-Therian|Intimidate|[of] p1a: Metagross
|-unboost|p1a: Metagross|atk|1
|
|turn|13
|join|iiiiiiiioioi
|
|switch|p1a: Landorus|Landorus, M, shiny|66\/319
|move|p2a: Landorus-Therian|Knock Off|p1a: Landorus
|-damage|p1a: Landorus|0 fnt
|-enditem|p1a: Landorus|Life Orb|[from] move: Knock Off|[of] p2a: Landorus-Therian
|faint|p1a: Landorus
|
|
|switch|p1a: Garchomp|Garchomp, M, shiny|169\/358
|turn|14
|
|move|p1a: Garchomp|Dragon Claw|p2a: Landorus-Therian
|-damage|p2a: Landorus-Therian|0 fnt
|faint|p2a: Landorus-Therian
|
|join|Agilis
|
|switch|p2a: Heatran|Heatran, F|385\/385
|-damage|p2a: Heatran|337\/385|[from] Stealth Rock
|turn|15
|join|gyarad0site
|join|Pure Demize
|
|switch|p1a: Keldeo-Resolute|Keldeo-Resolute, shiny|323\/323
|move|p2a: Heatran|Stealth Rock|p1a: Keldeo-Resolute
|-sidestart|p1: MoB Barley|move: Stealth Rock
|
|-heal|p2a: Heatran|361\/385|[from] item: Leftovers
|turn|16
|
|move|p1a: Keldeo-Resolute|Hydro Pump|p2a: Heatran
|-supereffective|p2a: Heatran
|-damage|p2a: Heatran|0 fnt
|faint|p2a: Heatran
|
|
|switch|p2a: Keldeo|Keldeo|323\/323
|-damage|p2a: Keldeo|303\/323|[from] Stealth Rock
|turn|17
|
|move|p2a: Keldeo|Substitute|p2a: Keldeo
|-start|p2a: Keldeo|Substitute
|-damage|p2a: Keldeo|223\/323
|move|p1a: Keldeo-Resolute|Hydro Pump|p2a: Keldeo
|-resisted|p2a: Keldeo
|-end|p2a: Keldeo|Substitute
|
|-heal|p2a: Keldeo|243\/323|[from] item: Leftovers
|turn|18
|
|move|p1a: Keldeo-Resolute|Hydro Pump|p2a: Keldeo
|-resisted|p2a: Keldeo
|-damage|p2a: Keldeo|89\/323
|move|p2a: Keldeo|Calm Mind|p2a: Keldeo
|-boost|p2a: Keldeo|spa|1
|-boost|p2a: Keldeo|spd|1
|
|-heal|p2a: Keldeo|109\/323|[from] item: Leftovers
|turn|19
|
|move|p1a: Keldeo-Resolute|Hydro Pump|p2a: Keldeo
|-resisted|p2a: Keldeo
|-damage|p2a: Keldeo|10\/323
|move|p2a: Keldeo|Secret Sword|p1a: Keldeo-Resolute
|-damage|p1a: Keldeo-Resolute|97\/323
|
|-heal|p2a: Keldeo|30\/323|[from] item: Leftovers
|turn|20
|join|Fizz on my Jayce
|
|move|p2a: Keldeo|Secret Sword|p1a: Keldeo-Resolute
|-damage|p1a: Keldeo-Resolute|0 fnt
|faint|p1a: Keldeo-Resolute
|
|-heal|p2a: Keldeo|50\/323|[from] item: Leftovers
|
|switch|p1a: Metagross|Metagross-Mega, shiny|233\/301
|-damage|p1a: Metagross|215\/301|[from] Stealth Rock
|turn|21
|
|move|p1a: Metagross|Grass Knot|p2a: Keldeo
|-supereffective|p2a: Keldeo
|-damage|p2a: Keldeo|0 fnt
|faint|p2a: Keldeo
|
|
|switch|p2a: Alakazam|Alakazam-Mega, F|229\/261
|-damage|p2a: Alakazam|197\/261|[from] Stealth Rock
|-ability|p2a: Alakazam|Tough Claws|[from] ability: Trace|[of] p1a: Metagross
|turn|22
|
|switch|p1a: Latias|Latias, F|228\/301 brn
|-damage|p1a: Latias|191\/301 brn|[from] Stealth Rock
|move|p2a: Alakazam|Shadow Ball|p1a: Latias
|-supereffective|p1a: Latias
|-damage|p1a: Latias|0 fnt
|faint|p1a: Latias
|
|join|SwaggBoii
|leave|Sennto
|
|switch|p1a: Garchomp|Garchomp, M, shiny|169\/358
|-damage|p1a: Garchomp|147\/358|[from] Stealth Rock
|turn|23
|join|WECAMEASROMANS
|join|Sennto
|c|★Sir Slaking|Ahh the battles of the 50-50s
|join|Geraldation
|join|mdianst
|
|switch|p1a: Metagross|Metagross-Mega, shiny|215\/301
|-damage|p1a: Metagross|197\/301|[from] Stealth Rock
|switch|p2a: Slowbro|Slowbro, F|367\/393
|-damage|p2a: Slowbro|318\/393|[from] Stealth Rock
|
|-heal|p2a: Slowbro|342\/393|[from] item: Leftovers
|turn|24
|join|IamChow
|
|switch|p2a: Alakazam|Alakazam-Mega, F|197\/261
|-damage|p2a: Alakazam|165\/261|[from] Stealth Rock
|-ability|p2a: Alakazam|Tough Claws|[from] ability: Trace|[of] p1a: Metagross
|move|p1a: Metagross|Grass Knot|p2a: Alakazam
|-damage|p2a: Alakazam|102\/261
|
|turn|25
|
|move|p2a: Alakazam|Shadow Ball|p1a: Metagross
|-supereffective|p1a: Metagross
|-damage|p1a: Metagross|0 fnt
|faint|p1a: Metagross
|
|leave|alt7777777
|join|gizmo
|c|★MoB Barley|shout outs to kids who think energy ball on mega sam is a good idea
|c|★Sir Slaking|I didnt
|-message|MoB Barley forfeited.
|leave|MoB Barley
|leave|Fizz on my Jayce
|leave|WECAMEASROMANS
|
|win|Sir Slaking
|player|p1
|leave|LordWienerButt
|leave|JayBayy
|leave|Pure Demize
|leave|IamChow
|leave|Boikachu
|leave|Geraldation
|leave|Sennto
|leave|c1one
|leave|Agilis
|join|WECAMEASROMANS
|leave|TheSkyAboveUs
|leave|iiiiiiiioioi
|leave|WECAMEASROMANS
|leave|ExaltedWeavile
|leave|Chillingtilnoon
|leave|etnatrj
|leave|Lady Biscotti
|leave|RotomSock
|leave|I Iike Squirtles