|join|MoB Barley
|join|Reverb
|player|p1|MoB Barley|161
|player|p2|Reverb|#reverb
|gametype|singles
|gen|6
|tier|OU
|rated
|clearpoke
|poke|p1|Metagross, shiny
|poke|p1|Landorus, M, shiny
|poke|p1|Garchomp, M, shiny
|poke|p1|Azumarill, M
|poke|p1|Latias, F
|poke|p1|Keldeo-Resolute, shiny
|poke|p2|Sableye, F
|poke|p2|Excadrill, F
|poke|p2|Manaphy
|poke|p2|Gliscor, M
|poke|p2|Talonflame, M
|poke|p2|Clefable, M
|rule|Swagger Clause: Swagger is banned
|rule|Baton Pass Clause: Limit one Pokémon knowing Baton Pass
|rule|Sleep Clause Mod: Limit one foe put to sleep
|rule|Species Clause: Limit one of each Pokémon
|rule|OHKO Clause: OHKO moves are banned
|rule|Moody Clause: Moody is banned
|rule|Evasion Moves Clause: Evasion moves are banned
|rule|Endless Battle Clause: Forcing endless battles is banned
|rule|HP Percentage Mod: HP is shown in percentages
|teampreview
|c|★Reverb|hf
|c|★MoB Barley|not balance
|c|★MoB Barley|you've gone against our ways
|join|lil manaphy
|
|start
|switch|p1a: Keldeo-Resolute|Keldeo-Resolute, shiny|323\/323
|switch|p2a: Gliscor|Gliscor, M|353\/353
|turn|1
|
|switch|p2a: Manaphy|Manaphy|401\/401
|move|p1a: Keldeo-Resolute|Scald|p2a: Manaphy
|-resisted|p2a: Manaphy
|-damage|p2a: Manaphy|320\/401
|
|-heal|p2a: Manaphy|345\/401|[from] item: Leftovers
|turn|2
|join|oml it's too ez
|
|move|p1a: Keldeo-Resolute|Scald|p2a: Manaphy
|-resisted|p2a: Manaphy
|-damage|p2a: Manaphy|271\/401
|-status|p2a: Manaphy|brn
|move|p2a: Manaphy|U-turn|p1a: Keldeo-Resolute
|-resisted|p1a: Keldeo-Resolute
|-damage|p1a: Keldeo-Resolute|310\/323
|
|switch|p2a: Sableye|Sableye, F|303\/303
|
|turn|3
|
|detailschange|p2a: Sableye|Sableye-Mega, F
|-mega|p2a: Sableye|Sableye|Sablenite
|move|p2a: Sableye|Will-O-Wisp|p1a: Keldeo-Resolute|[miss]
|-miss|p2a: Sableye|p1a: Keldeo-Resolute
|move|p1a: Keldeo-Resolute|Scald|p2a: Sableye
|-damage|p2a: Sableye|155\/303
|
|turn|4
|
|move|p1a: Keldeo-Resolute|Scald|p2a: Sableye
|-damage|p2a: Sableye|28\/303
|-status|p2a: Sableye|brn
|move|p2a: Sableye|Will-O-Wisp|p1a: Keldeo-Resolute
|-status|p1a: Keldeo-Resolute|brn
|
|-damage|p1a: Keldeo-Resolute|270\/323 brn|[from] brn
|-damage|p2a: Sableye|0 fnt|[from] brn
|faint|p2a: Sableye
|join|TheUberTherian
|
|switch|p2a: Manaphy|Manaphy|271\/401 brn
|turn|5
|
|switch|p1a: Landorus|Landorus, M, shiny|319\/319
|move|p2a: Manaphy|Rain Dance|p2a: Manaphy
|-weather|RainDance
|
|-weather|RainDance|[upkeep]
|-curestatus|p2a: Manaphy|brn
|-heal|p2a: Manaphy|296\/401|[from] item: Leftovers
|turn|6
|
|move|p1a: Landorus|Earth Power|p2a: Manaphy
|-damage|p2a: Manaphy|109\/401
|move|p2a: Manaphy|Scald|p1a: Landorus
|-supereffective|p1a: Landorus
|-damage|p1a: Landorus|0 fnt
|faint|p1a: Landorus
|
|-weather|RainDance|[upkeep]
|-heal|p2a: Manaphy|134\/401|[from] item: Leftovers
|
|switch|p1a: Keldeo-Resolute|Keldeo-Resolute, shiny|270\/323 brn
|turn|7
|
|move|p1a: Keldeo-Resolute|Hydro Pump|p2a: Manaphy|[miss]
|-miss|p1a: Keldeo-Resolute|p2a: Manaphy
|move|p2a: Manaphy|Rest|p2a: Manaphy
|-status|p2a: Manaphy|slp
|-heal|p2a: Manaphy|401\/401 slp|[silent]
|-status|p2a: Manaphy|slp|[from] move: Rest
|
|-weather|RainDance|[upkeep]
|-curestatus|p2a: Manaphy|slp
|-damage|p1a: Keldeo-Resolute|230\/323 brn|[from] brn
|turn|8
|
|move|p1a: Keldeo-Resolute|Hydro Pump|p2a: Manaphy
|-resisted|p2a: Manaphy
|-damage|p2a: Manaphy|238\/401
|move|p2a: Manaphy|Scald|p1a: Keldeo-Resolute
|-resisted|p1a: Keldeo-Resolute
|-damage|p1a: Keldeo-Resolute|160\/323 brn
|
|-weather|RainDance|[upkeep]
|-heal|p2a: Manaphy|263\/401|[from] item: Leftovers
|-damage|p1a: Keldeo-Resolute|120\/323 brn|[from] brn
|turn|9
|join|beppityboopbop
|
|switch|p1a: Latias|Latias, F|301\/301
|move|p2a: Manaphy|Rest|p2a: Manaphy
|-status|p2a: Manaphy|slp
|-heal|p2a: Manaphy|401\/401 slp|[silent]
|-status|p2a: Manaphy|slp|[from] move: Rest
|
|-weather|none
|turn|10
|c|★Reverb|whoops
|
|switch|p2a: Clefable|Clefable, M|393\/393
|move|p1a: Latias|Psyshock|p2a: Clefable
|-damage|p2a: Clefable|220\/393
|-damage|p1a: Latias|271\/301|[from] item: Life Orb
|
|-heal|p2a: Clefable|244\/393|[from] item: Leftovers
|turn|11
|join|Shyest Shaymin
|
|switch|p1a: Metagross|Metagross, shiny|301\/301
|move|p2a: Clefable|Moonlight|p2a: Clefable
|-heal|p2a: Clefable|393\/393
|
|turn|12
|join|Mega Magic Bounce
|
|switch|p2a: Excadrill|Excadrill, F|424\/424
|-ability|p2a: Excadrill|Mold Breaker
|detailschange|p1a: Metagross|Metagross-Mega, shiny
|-mega|p1a: Metagross|Metagross|Metagrossite
|move|p1a: Metagross|Meteor Mash|p2a: Excadrill
|-resisted|p2a: Excadrill
|-damage|p2a: Excadrill|244\/424
|
|-heal|p2a: Excadrill|270\/424|[from] item: Leftovers
|turn|13
|join|Doomed Hi
|
|switch|p2a: Gliscor|Gliscor, M|353\/353
|move|p1a: Metagross|Meteor Mash|p2a: Gliscor
|-damage|p2a: Gliscor|208\/353
|-boost|p1a: Metagross|atk|1
|
|-status|p2a: Gliscor|tox|[from] item: Toxic Orb
|turn|14
|
|switch|p2a: Talonflame|Talonflame, M|345\/345
|move|p1a: Metagross|Meteor Mash|p2a: Talonflame
|-resisted|p2a: Talonflame
|-damage|p2a: Talonflame|98\/345
|
|-heal|p2a: Talonflame|119\/345|[from] item: Leftovers
|turn|15
|join|Alvadora
|c| beppityboopbop|lefties exca tho?
|
|move|p1a: Metagross|Zen Headbutt|p2a: Talonflame
|-damage|p2a: Talonflame|0 fnt
|faint|p2a: Talonflame
|
|
|switch|p2a: Gliscor|Gliscor, M|208\/353 tox
|turn|16
|
|move|p1a: Metagross|Zen Headbutt|p2a: Gliscor
|-damage|p2a: Gliscor|15\/353 tox
|move|p2a: Gliscor|Earthquake|p1a: Metagross
|-supereffective|p1a: Metagross
|-damage|p1a: Metagross|139\/301
|
|-heal|p2a: Gliscor|59\/353 tox|[from] ability: Poison Heal
|turn|17
|
|move|p1a: Metagross|Meteor Mash|p2a: Gliscor
|-crit|p2a: Gliscor
|-damage|p2a: Gliscor|0 fnt
|faint|p2a: Gliscor
|
|-message|Reverb forfeited.
|
|win|MoB Barley
|raw|Ladder updating...
|leave|Reverb
|player|p2
|join|req'd by crobro
|leave|Doomed Hi
|raw|MoB Barley's rating: 1737 &rarr; <strong>1754<\/strong><br \/>(+17 for winning)
|raw|Reverb's rating: 1679 &rarr; <strong>1662<\/strong><br \/>(-17 for losing)
|leave|MoB Barley
|player|p1
|c| TheUberTherian|mob
|leave|Shyest Shaymin
|leave|beppityboopbop
|leave|req'd by crobro
|leave|Mega Magic Bounce
|c| lil manaphy|"metagross isnt broken"
|leave|oml it's too ez
|leave|TheUberTherian
|join|Shaarka
|join|craing
|leave|craing
|leave|Alvadora
|join|Beevo13
|leave|Shaarka
|leave|lil manaphy