|join|MoB Barley
|join|ScottA99
|player|p1|MoB Barley|161
|player|p2|ScottA99|290
|gametype|singles
|gen|6
|tier|OU
|rated
|clearpoke
|poke|p1|Victini
|poke|p1|Keldeo-Resolute
|poke|p1|Bisharp, M, shiny
|poke|p1|Lopunny, F, shiny
|poke|p1|Azumarill, M
|poke|p1|Latios, M
|poke|p2|Diancie, shiny
|poke|p2|Talonflame, M
|poke|p2|Slowbro, M
|poke|p2|Celebi
|poke|p2|Excadrill, M
|poke|p2|Tyranitar, F
|rule|Swagger Clause: Swagger is banned
|rule|Baton Pass Clause: Limit one Pokémon knowing Baton Pass
|rule|Sleep Clause Mod: Limit one foe put to sleep
|rule|Species Clause: Limit one of each Pokémon
|rule|OHKO Clause: OHKO moves are banned
|rule|Moody Clause: Moody is banned
|rule|Evasion Moves Clause: Evasion moves are banned
|rule|Endless Battle Clause: Forcing endless battles is banned
|rule|HP Percentage Mod: HP is shown in percentages
|teampreview
|join|ryzed
|
|start
|switch|p1a: Prioritize|Bisharp, M, shiny|271\/271
|switch|p2a: Diancie|Diancie, shiny|241\/241
|turn|1
|
|switch|p2a: Excadrill|Excadrill, M|361\/361
|-item|p2a: Excadrill|Air Balloon
|move|p1a: Prioritize|Iron Head|p2a: Excadrill
|-resisted|p2a: Excadrill
|-damage|p2a: Excadrill|237\/361
|-enditem|p2a: Excadrill|Air Balloon
|
|turn|2
|
|move|p2a: Excadrill|Earthquake|p1a: Prioritize
|-supereffective|p1a: Prioritize
|-enditem|p1a: Prioritize|Focus Sash
|-damage|p1a: Prioritize|1\/271
|move|p1a: Prioritize|Stealth Rock|p2a: Excadrill
|-sidestart|p2: ScottA99|move: Stealth Rock
|
|turn|3
|
|move|p1a: Prioritize|Sucker Punch|p2a: Excadrill
|-damage|p2a: Excadrill|9\/361
|move|p2a: Excadrill|Rapid Spin|p1a: Prioritize
|-resisted|p1a: Prioritize
|-damage|p1a: Prioritize|0 fnt
|-sideend|p2: ScottA99|Stealth Rock|[from] move: Rapid Spin|[of] p2a: Excadrill
|faint|p1a: Prioritize
|
|c|★MoB Barley|oh come on
|c|★MoB Barley|i should've calcd
|c|★MoB Barley|252+ Atk Bisharp Sucker Punch vs. 0 HP \/ 4 Def Excadrill: 210-247 (58.1 - 68.4%) -- guaranteed 2HKO
|c|★MoB Barley|my misplay
|
|switch|p1a: Destructo Disk|Victini|341\/341
|turn|4
|c| ryzed|your iron head was max roll
|c| ryzed|that mislead ya
|c|★MoB Barley|probably
|
|move|p1a: Destructo Disk|U-turn|p2a: Excadrill
|-resisted|p2a: Excadrill
|-damage|p2a: Excadrill|0 fnt
|faint|p2a: Excadrill
|c| ryzed|thats how i do calcs
|c| ryzed|iron head 34% sucker punch should be 68
|
|switch|p1a: Playboy|Lopunny, F, shiny|271\/271
|
|
|switch|p2a: Slowbro|Slowbro, M|394\/394
|turn|5
|
|detailschange|p1a: Playboy|Lopunny-Mega, F, shiny
|-mega|p1a: Playboy|Lopunny|Lopunnite
|move|p1a: Playboy|Fake Out|p2a: Slowbro
|-damage|p2a: Slowbro|340\/394
|cant|p2a: Slowbro|flinch
|
|-heal|p2a: Slowbro|364\/394|[from] item: Leftovers
|turn|6
|join|anchorage
|c|★MoB Barley|i really needed rocks
|
|switch|p1a: AC130|Latios, M|301\/301
|move|p2a: Slowbro|Scald|p1a: AC130
|-resisted|p1a: AC130
|-damage|p1a: AC130|254\/301
|
|-heal|p2a: Slowbro|388\/394|[from] item: Leftovers
|turn|7
|c| ryzed|yea talonflame runs all over yoru team
|
|switch|p1a: Water Bomb|Azumarill, M|360\/360
|move|p2a: Slowbro|Calm Mind|p2a: Slowbro
|-boost|p2a: Slowbro|spa|1
|-boost|p2a: Slowbro|spd|1
|
|-heal|p2a: Slowbro|394\/394|[from] item: Leftovers
|turn|8
|c|★ScottA99|yup
|c|★MoB Barley|not really
|c|★ScottA99|o shit
|c|★MoB Barley|unless i let it set up
|c|★ScottA99|I thought I still had t wave
|c|★ScottA99|not calm mind
|c|★MoB Barley|lets go i have things to do
|
|move|p1a: Water Bomb|Knock Off|p2a: Slowbro
|-supereffective|p2a: Slowbro
|-damage|p2a: Slowbro|194\/394
|-enditem|p2a: Slowbro|Leftovers|[from] move: Knock Off|[of] p1a: Water Bomb
|move|p2a: Slowbro|Scald|p1a: Water Bomb
|-resisted|p1a: Water Bomb
|-damage|p1a: Water Bomb|271\/360
|-status|p1a: Water Bomb|brn
|
|-damage|p1a: Water Bomb|226\/360 brn|[from] brn
|turn|9
|-message|MoB Barley forfeited.
|join|Jefo
|-message|MoB Barley forfeited.
|leave|MoB Barley
|
|win|ScottA99
|raw|Ladder updating...