|join|Froggyboy
|join|MoB Barley
|join|TheUberTherian
|join|Specs Fake-Out
|join|MajesticM
|join|pyromaniac 963
|join|TheHighway
|join|AxesOfEvel
|join|they call me beast
|player|p1|Froggyboy|120
|player|p2|MoB Barley|161
|gametype|singles
|gen|6
|tier|OU
|clearpoke
|poke|p1|Victini
|poke|p1|Metagross
|poke|p1|Azumarill, M
|poke|p1|Thundurus, M
|poke|p1|Breloom, M
|poke|p1|Landorus-Therian, M
|poke|p2|Diancie, shiny
|poke|p2|Hydreigon, M, shiny
|poke|p2|Magnezone
|poke|p2|Jirachi, shiny
|poke|p2|Landorus-Therian, M
|poke|p2|Azumarill, M
|rule|Swagger Clause: Swagger is banned
|rule|Baton Pass Clause: Limit one Pokémon knowing Baton Pass
|rule|Sleep Clause Mod: Limit one foe put to sleep
|rule|Species Clause: Limit one of each Pokémon
|rule|OHKO Clause: OHKO moves are banned
|rule|Moody Clause: Moody is banned
|rule|Evasion Moves Clause: Evasion moves are banned
|rule|Endless Battle Clause: Forcing endless battles is banned
|rule|HP Percentage Mod: HP is shown in percentages
|teampreview
|c|★MoB Barley|my bad
|c|★MoB Barley|i forgot
|c|★MoB Barley|gl
|c|★Froggyboy|u2 xD
|c| Specs Fake-Out|my. nigga. mob.
|
|start
|switch|p1a: Thundurus|Thundurus, M|299\/299
|switch|p2a: Angel|Diancie, shiny|241\/241
|turn|1
|join|Relic Stone
|
|detailschange|p2a: Angel|Diancie-Mega, shiny
|-mega|p2a: Angel|Diancie|Diancite
|move|p2a: Angel|Protect|p2a: Angel
|-singleturn|p2a: Angel|Protect
|move|p1a: Thundurus|Volt Switch|p2a: Angel
|-activate|p2a: Angel|Protect
|
|turn|2
|c|★MoB Barley|sorry 6-0ing someone in my other game
|c|★MoB Barley|lifes hard
|
|switch|p2a: land doge|Landorus-Therian, M|319\/319
|-ability|p2a: land doge|Intimidate|[of] p1a: Thundurus
|-unboost|p1a: Thundurus|atk|1
|move|p1a: Thundurus|Volt Switch|p2a: land doge
|-immune|p2a: land doge|[msg]
|
|turn|3
|join|gizmo~
|
|switch|p1a: Landorus-Therian|Landorus-Therian, M|381\/381
|-ability|p1a: Landorus-Therian|Intimidate|[of] p2a: land doge
|-unboost|p2a: land doge|atk|1
|move|p2a: land doge|Stone Edge|p1a: Landorus-Therian
|-damage|p1a: Landorus-Therian|312\/381
|
|turn|4
|leave|gizmo~
|join|haunter
|
|switch|p2a: Starburst|Jirachi, shiny|404\/404
|move|p1a: Landorus-Therian|Stealth Rock|p2a: Starburst
|-sidestart|p2: MoB Barley|move: Stealth Rock
|
|turn|5
|join|Cienight
|join|Jukain
|
|switch|p1a: Thundurus|Thundurus, M|299\/299
|move|p2a: Starburst|Stealth Rock|p1a: Thundurus
|-sidestart|p1: Froggyboy|move: Stealth Rock
|
|turn|6
|
|move|p1a: Thundurus|Thunder Wave|p2a: Starburst
|-status|p2a: Starburst|par
|move|p2a: Starburst|U-turn|p1a: Thundurus
|-resisted|p1a: Thundurus
|-damage|p1a: Thundurus|260\/299
|join|Syre Sinatra
|
|switch|p2a: Magneto|Magnezone|281\/281
|-damage|p2a: Magneto|264\/281|[from] Stealth Rock
|
|turn|7
|join|CleanerThanRotom-W
|join|dsfaasdfsdfa
|
|switch|p1a: Metagross|Metagross|301\/301
|-damage|p1a: Metagross|283\/301|[from] Stealth Rock
|move|p2a: Magneto|Volt Switch|p1a: Metagross
|-damage|p1a: Metagross|136\/301
|join|amp'dpharos
|
|switch|p2a: Iluminatti|Hydreigon, M, shiny|325\/325
|-damage|p2a: Iluminatti|285\/325|[from] Stealth Rock
|
|turn|8
|join|WeLikeIke
|
|switch|p1a: Azumarill|Azumarill, M|364\/364
|-damage|p1a: Azumarill|319\/364|[from] Stealth Rock
|move|p2a: Iluminatti|Dark Pulse|p1a: Azumarill
|-resisted|p1a: Azumarill
|-damage|p1a: Azumarill|193\/364
|-damage|p2a: Iluminatti|253\/325|[from] item: Life Orb
|
|turn|9
|
|switch|p2a: Starburst|Jirachi, shiny|404\/404 par
|-damage|p2a: Starburst|379\/404 par|[from] Stealth Rock
|move|p1a: Azumarill|Belly Drum|p1a: Azumarill
|-damage|p1a: Azumarill|11\/364
|-setboost|p1a: Azumarill|atk|6|[from] move: Belly Drum
|-enditem|p1a: Azumarill|Sitrus Berry|[eat]
|-heal|p1a: Azumarill|102\/364|[from] item: Sitrus Berry
|
|-heal|p2a: Starburst|404\/404 par|[from] item: Leftovers
|turn|10
|leave|CleanerThanRotom-W
|c|★Froggyboy|sorry im lagging :{
|
|move|p1a: Azumarill|Waterfall|p2a: Starburst
|-damage|p2a: Starburst|0 fnt
|faint|p2a: Starburst
|
|
|switch|p2a: Wabbit Season|Azumarill, M|360\/360
|-damage|p2a: Wabbit Season|315\/360|[from] Stealth Rock
|turn|11
|leave|Relic Stone
|
|move|p2a: Wabbit Season|Play Rough|p1a: Azumarill
|-damage|p1a: Azumarill|0 fnt
|faint|p1a: Azumarill
|
|
|switch|p1a: Thundurus|Thundurus, M|260\/299
|-damage|p1a: Thundurus|186\/299|[from] Stealth Rock
|turn|12
|
|switch|p2a: Magneto|Magnezone|264\/281
|-damage|p2a: Magneto|247\/281|[from] Stealth Rock
|move|p1a: Thundurus|Volt Switch|p2a: Magneto
|-resisted|p2a: Magneto
|-damage|p2a: Magneto|157\/281
|-damage|p1a: Thundurus|157\/299|[from] item: Life Orb
|join|TCBB
|
|switch|p1a: Victini|Victini|341\/341
|-damage|p1a: Victini|256\/341|[from] Stealth Rock
|
|turn|13
|
|switch|p2a: Iluminatti|Hydreigon, M, shiny|253\/325
|-damage|p2a: Iluminatti|213\/325|[from] Stealth Rock
|move|p1a: Victini|V-create|p2a: Iluminatti
|-resisted|p2a: Iluminatti
|-damage|p2a: Iluminatti|0 fnt
|-unboost|p1a: Victini|def|1
|-unboost|p1a: Victini|spd|1
|-unboost|p1a: Victini|spe|1
|faint|p2a: Iluminatti
|
|
|switch|p2a: land doge|Landorus-Therian, M|319\/319
|-damage|p2a: land doge|280\/319|[from] Stealth Rock
|-ability|p2a: land doge|Intimidate|[of] p1a: Victini
|-unboost|p1a: Victini|atk|1
|turn|14
|leave|dsfaasdfsdfa
|
|switch|p1a: Landorus-Therian|Landorus-Therian, M|312\/381
|-damage|p1a: Landorus-Therian|265\/381|[from] Stealth Rock
|-ability|p1a: Landorus-Therian|Intimidate|[of] p2a: land doge
|-unboost|p2a: land doge|atk|1
|move|p2a: land doge|U-turn|p1a: Landorus-Therian
|-resisted|p1a: Landorus-Therian
|-damage|p1a: Landorus-Therian|240\/381
|-damage|p2a: land doge|227\/319|[from] item: Rocky Helmet|[of] p1a: Landorus-Therian
|
|switch|p2a: Angel|Diancie-Mega, shiny|241\/241
|-damage|p2a: Angel|211\/241|[from] Stealth Rock
|
|turn|15
|leave|TheUberTherian
|
|move|p2a: Angel|Moonblast|p1a: Landorus-Therian
|-damage|p1a: Landorus-Therian|21\/381
|move|p1a: Landorus-Therian|Earthquake|p2a: Angel
|-supereffective|p2a: Angel
|-damage|p2a: Angel|0 fnt
|faint|p2a: Angel
|
|c|★MoB Barley|weak sauce
|
|switch|p2a: Magneto|Magnezone|157\/281
|-damage|p2a: Magneto|140\/281|[from] Stealth Rock
|turn|16
|c| Specs Fake-Out|lol
|
|move|p2a: Magneto|Hidden Power|p1a: Landorus-Therian
|-damage|p1a: Landorus-Therian|0 fnt
|faint|p1a: Landorus-Therian
|
|c|★Froggyboy|can you turn off timer, im lagging pretty badly :[
|
|switch|p1a: Victini|Victini|256\/341
|-damage|p1a: Victini|171\/341|[from] Stealth Rock
|turn|17
|c|★Froggyboy|thanks fren :]
|c| they call me beast|victini is going to hurt somthing
|c| amp'dpharos|:]
|
|move|p2a: Magneto|Hidden Power|p1a: Victini
|-resisted|p1a: Victini
|-damage|p1a: Victini|136\/341
|move|p1a: Victini|V-create|p2a: Magneto
|-supereffective|p2a: Magneto
|-damage|p2a: Magneto|0 fnt
|-unboost|p1a: Victini|def|1
|-unboost|p1a: Victini|spd|1
|-unboost|p1a: Victini|spe|1
|faint|p2a: Magneto
|
|
|switch|p2a: land doge|Landorus-Therian, M|227\/319
|-damage|p2a: land doge|188\/319|[from] Stealth Rock
|-ability|p2a: land doge|Intimidate|[of] p1a: Victini
|-unboost|p1a: Victini|atk|1
|turn|18
|join|DennisEG
|
|switch|p1a: Breloom|Breloom, M|261\/261
|-damage|p1a: Breloom|245\/261|[from] Stealth Rock
|move|p2a: land doge|U-turn|p1a: Breloom
|-crit|p1a: Breloom
|-damage|p1a: Breloom|77\/261
|
|switch|p2a: Wabbit Season|Azumarill, M|315\/360
|-damage|p2a: Wabbit Season|270\/360|[from] Stealth Rock
|
|turn|19
|c|★Froggyboy|inb4 sap sipper
|
|switch|p2a: land doge|Landorus-Therian, M|188\/319
|-damage|p2a: land doge|149\/319|[from] Stealth Rock
|-ability|p2a: land doge|Intimidate|[of] p1a: Breloom
|-unboost|p1a: Breloom|atk|1
|move|p1a: Breloom|Spore|p2a: land doge
|-status|p2a: land doge|slp
|
|turn|20
|join|MolleteL
|leave|TCBB
|
|cant|p2a: land doge|slp
|move|p1a: Breloom|Swords Dance|p1a: Breloom
|-boost|p1a: Breloom|atk|2
|
|turn|21
|join|gizmo~
|
|cant|p2a: land doge|slp
|move|p1a: Breloom|Bullet Seed|p2a: land doge
|-damage|p2a: land doge|43\/319 slp
|-damage|p2a: land doge|0 fnt
|-hitcount|p2a: land doge|2
|faint|p2a: land doge
|
|leave|Cienight
|c| Specs Fake-Out|gawn
|
|switch|p2a: Wabbit Season|Azumarill, M|270\/360
|-damage|p2a: Wabbit Season|225\/360|[from] Stealth Rock
|turn|22
|c| they call me beast|crit aqua jet
|
|move|p2a: Wabbit Season|Aqua Jet|p1a: Breloom
|-resisted|p1a: Breloom
|-damage|p1a: Breloom|20\/261
|move|p1a: Breloom|Bullet Seed|p2a: Wabbit Season
|-supereffective|p2a: Wabbit Season
|-damage|p2a: Wabbit Season|0 fnt
|-hitcount|p2a: Wabbit Season|1
|faint|p2a: Wabbit Season
|
|win|Froggyboy
|leave|MoB Barley
|c|★Froggyboy|gg
|leave|MolleteL
|leave|they call me beast
|player|p2
|leave|amp'dpharos
|leave|Froggyboy
|player|p1
|leave|DennisEG
|leave|MajesticM
|leave|WeLikeIke
|leave|Specs Fake-Out
|leave|AxesOfEvel
|leave|haunter
|leave|pyromaniac 963
|leave|Syre Sinatra
|join|Flan76
|leave|Flan76
|leave|TheHighway
|join|Yb2
|leave|gizmo~
|leave|Yb2
|join|21st street
|leave|21st street
|join|21st street