|join|Qwazz
|join|DropAcidSeeArceus
|player|p1|Qwazz|170
|player|p2|DropAcidSeeArceus|102
|gametype|singles
|gen|6
|tier|OU
|clearpoke
|poke|p1|Heracross, M
|poke|p1|Talonflame, F
|poke|p1|Gengar, F
|poke|p1|Tyranitar, F
|poke|p1|Ferrothorn, M
|poke|p1|Latias, F
|poke|p2|Azelf
|poke|p2|Scizor, F
|poke|p2|Diggersby, M
|poke|p2|Raikou
|poke|p2|Azumarill, F
|poke|p2|Latios, M
|rule|Swagger Clause: Swagger is banned
|rule|Baton Pass Clause: Limit one Pokémon knowing Baton Pass
|rule|Sleep Clause Mod: Limit one foe put to sleep
|rule|Species Clause: Limit one of each Pokémon
|rule|OHKO Clause: OHKO moves are banned
|rule|Moody Clause: Moody is banned
|rule|Evasion Moves Clause: Evasion moves are banned
|rule|Endless Battle Clause: Forcing endless battles is banned
|rule|HP Percentage Mod: HP is shown in percentages
|teampreview
|c|★DropAcidSeeArceus|gl hf
|
|start
|switch|p1a: Heracross|Heracross, M|311\/311
|switch|p2a: Azelf|Azelf|291\/291
|turn|1
|
|detailschange|p1a: Heracross|Heracross-Mega, M
|-mega|p1a: Heracross|Heracross|Heracronite
|move|p2a: Azelf|Skill Swap|p1a: Heracross
|-activate|p2a: Azelf|move: Skill Swap|Skill Link|Levitate|[of] p1a: Heracross
|move|p1a: Heracross|Pin Missile|p2a: Azelf
|-supereffective|p2a: Azelf
|-damage|p2a: Azelf|121\/291
|-supereffective|p2a: Azelf
|-damage|p2a: Azelf|0 fnt
|-hitcount|p2a: Azelf|2
|faint|p2a: Azelf
|
|
|switch|p2a: Latios|Latios, M|301\/301
|turn|2
|
|switch|p1a: Tyranitar|Tyranitar, F|341\/341
|-weather|Sandstorm
|move|p2a: Latios|Psyshock|p1a: Tyranitar
|-immune|p1a: Tyranitar|[msg]
|
|-weather|Sandstorm|[upkeep]
|-damage|p2a: Latios|283\/301|[from] sandstorm
|turn|3
|
|move|p1a: Tyranitar|Pursuit|p2a: Latios|[from]Pursuit
|-supereffective|p2a: Latios
|-damage|p2a: Latios|0 fnt
|faint|p2a: Latios
|
|-weather|Sandstorm|[upkeep]
|c|★DropAcidSeeArceus|oh the trap
|c|★DropAcidSeeArceus|jesus
|
|switch|p2a: Diggersby|Diggersby, M|311\/311
|turn|4
|
|switch|p1a: Ferrothorn|Ferrothorn, M|352\/352
|move|p2a: Diggersby|Return|p1a: Ferrothorn
|-resisted|p1a: Ferrothorn
|-damage|p1a: Ferrothorn|258\/352
|-damage|p2a: Diggersby|273\/311|[from] ability: Iron Barbs|[of] p1a: Ferrothorn
|-damage|p2a: Diggersby|242\/311|[from] item: Life Orb
|
|-weather|Sandstorm|[upkeep]
|-heal|p1a: Ferrothorn|280\/352|[from] item: Leftovers
|turn|5
|
|move|p2a: Diggersby|Fire Punch|p1a: Ferrothorn
|-crit|p1a: Ferrothorn
|-supereffective|p1a: Ferrothorn
|-damage|p1a: Ferrothorn|0 fnt
|-damage|p2a: Diggersby|204\/311|[from] ability: Iron Barbs|[of] p1a: Ferrothorn
|-damage|p2a: Diggersby|173\/311|[from] item: Life Orb
|faint|p1a: Ferrothorn
|
|-weather|Sandstorm|[upkeep]
|
|switch|p1a: Gengar|Gengar, F|261\/261
|turn|6
|
|move|p1a: Gengar|Focus Blast|p2a: Diggersby
|-supereffective|p2a: Diggersby
|-damage|p2a: Diggersby|0 fnt
|-damage|p1a: Gengar|235\/261|[from] item: Life Orb
|faint|p2a: Diggersby
|
|-weather|none
|
|switch|p2a: Raikou|Raikou|329\/329
|-ability|p2a: Raikou|Pressure
|turn|7
|
|switch|p1a: Tyranitar|Tyranitar, F|341\/341
|-weather|Sandstorm
|move|p2a: Raikou|Volt Switch|p1a: Tyranitar
|-damage|p1a: Tyranitar|229\/341
|
|switch|p2a: Azumarill|Azumarill, F|404\/404
|
|-weather|Sandstorm|[upkeep]
|-damage|p2a: Azumarill|379\/404|[from] sandstorm
|turn|8
|
|switch|p1a: Talonflame|Talonflame, F|297\/297
|move|p2a: Azumarill|Waterfall|p1a: Talonflame
|-supereffective|p1a: Talonflame
|-damage|p1a: Talonflame|0 fnt
|faint|p1a: Talonflame
|
|-weather|Sandstorm|[upkeep]
|-damage|p2a: Azumarill|354\/404|[from] sandstorm
|
|switch|p1a: Gengar|Gengar, F|235\/261
|turn|9
|
|move|p1a: Gengar|Will-O-Wisp|p2a: Azumarill
|-status|p2a: Azumarill|brn
|move|p2a: Azumarill|Waterfall|p1a: Gengar
|-damage|p1a: Gengar|106\/261
|
|-weather|Sandstorm|[upkeep]
|-damage|p1a: Gengar|90\/261|[from] sandstorm
|-damage|p2a: Azumarill|329\/404 brn|[from] sandstorm
|-damage|p2a: Azumarill|279\/404 brn|[from] brn
|turn|10
|
|move|p2a: Azumarill|Aqua Jet|p1a: Gengar
|-damage|p1a: Gengar|24\/261
|move|p1a: Gengar|Hex|p2a: Azumarill
|-damage|p2a: Azumarill|0 fnt
|-damage|p1a: Gengar|0 fnt|[from] item: Life Orb
|faint|p2a: Azumarill
|faint|p1a: Gengar
|
|-weather|Sandstorm|[upkeep]
|
|switch|p2a: Raikou|Raikou|329\/329
|switch|p1a: Heracross|Heracross-Mega, M|311\/311
|-ability|p2a: Raikou|Pressure
|turn|11
|
|move|p2a: Raikou|Thunderbolt|p1a: Heracross
|-damage|p1a: Heracross|82\/311
|move|p1a: Heracross|Rock Blast|p2a: Raikou
|-damage|p2a: Raikou|277\/329
|-damage|p2a: Raikou|219\/329
|-damage|p2a: Raikou|168\/329
|-damage|p2a: Raikou|115\/329
|-damage|p2a: Raikou|55\/329
|-hitcount|p2a: Raikou|5
|
|-weather|none
|turn|12
|
|switch|p1a: Tyranitar|Tyranitar, F|229\/341
|-weather|Sandstorm
|move|p2a: Raikou|Thunderbolt|p1a: Tyranitar
|-damage|p1a: Tyranitar|87\/341
|-status|p1a: Tyranitar|par
|
|-weather|Sandstorm|[upkeep]
|-damage|p2a: Raikou|35\/329|[from] sandstorm
|turn|13
|
|move|p2a: Raikou|Thunderbolt|p1a: Tyranitar
|-damage|p1a: Tyranitar|0 fnt
|faint|p1a: Tyranitar
|
|-weather|Sandstorm|[upkeep]
|-damage|p2a: Raikou|15\/329|[from] sandstorm
|
|switch|p1a: Latias|Latias, F|319\/319
|turn|14
|
|switch|p2a: Scizor|Scizor, F|307\/307
|move|p1a: Latias|Healing Wish|p1a: Latias
|faint|p1a: Latias
|
|-weather|Sandstorm|[upkeep]
|
|switch|p1a: Heracross|Heracross-Mega, M|82\/311
|-heal|p1a: Heracross|311\/311|[from] move: Healing Wish
|turn|15
|
|detailschange|p2a: Scizor|Scizor-Mega, F
|-mega|p2a: Scizor|Scizor|Scizorite
|move|p2a: Scizor|Bullet Punch|p1a: Heracross
|-damage|p1a: Heracross|194\/311
|move|p1a: Heracross|Rock Blast|p2a: Scizor
|-damage|p2a: Scizor|274\/307
|-damage|p2a: Scizor|239\/307
|-damage|p2a: Scizor|209\/307
|-damage|p2a: Scizor|177\/307
|-damage|p2a: Scizor|142\/307
|-hitcount|p2a: Scizor|5
|
|-weather|Sandstorm|[upkeep]
|-damage|p1a: Heracross|175\/311|[from] sandstorm
|turn|16
|
|move|p2a: Scizor|Bullet Punch|p1a: Heracross
|-damage|p1a: Heracross|55\/311
|move|p1a: Heracross|Rock Blast|p2a: Scizor
|-damage|p2a: Scizor|108\/307
|-damage|p2a: Scizor|73\/307
|-damage|p2a: Scizor|39\/307
|-damage|p2a: Scizor|3\/307
|-damage|p2a: Scizor|0 fnt
|-hitcount|p2a: Scizor|5
|faint|p2a: Scizor
|
|-weather|none
|c|★DropAcidSeeArceus|wait what 10% chance?
|c|★DropAcidSeeArceus|what?
|
|switch|p2a: Raikou|Raikou|15\/329
|-ability|p2a: Raikou|Pressure
|turn|17
|c|★DropAcidSeeArceus|gg though man
|leave|Qwazz
|player|p1
|-message|Player 1 lost due to inactivity.
|
|win|DropAcidSeeArceus