|join|qwazz
|join|mike hunts
|player|p1|qwazz|170
|player|p2|mike hunts|294
|gametype|singles
|gen|6
|tier|OU
|clearpoke
|poke|p1|Ferrothorn, M
|poke|p1|Latias, F
|poke|p1|Terrakion
|poke|p1|Talonflame, M
|poke|p1|Swampert, M
|poke|p1|Rotom-Wash
|poke|p2|Machamp, F, shiny
|poke|p2|Entei, shiny
|poke|p2|Jirachi
|poke|p2|Zygarde
|poke|p2|Whimsicott, M
|poke|p2|Crobat, M
|rule|Swagger Clause: Swagger is banned
|rule|Baton Pass Clause: Limit one Pokémon knowing Baton Pass
|rule|Sleep Clause Mod: Limit one foe put to sleep
|rule|Species Clause: Limit one of each Pokémon
|rule|OHKO Clause: OHKO moves are banned
|rule|Moody Clause: Moody is banned
|rule|Evasion Moves Clause: Evasion moves are banned
|rule|Endless Battle Clause: Forcing endless battles is banned
|rule|HP Percentage Mod: HP is shown in percentages
|teampreview
|join|RedKingAlmighty
|join|only team testing
|c| RedKingAlmighty|qwazz
|c| RedKingAlmighty|im rooting for you
|c| RedKingAlmighty|gl to both of you
|
|start
|switch|p1a: To The Rain|Swampert, M|403\/403
|switch|p2a: Whimsicott|Whimsicott, M|262\/262
|turn|1
|
|switch|p1a: Well It's Burned|Rotom-Wash|304\/304
|move|p2a: Whimsicott|U-turn|p1a: Well It's Burned
|-damage|p1a: Well It's Burned|277\/304
|join|rika and hanyuu
|
|switch|p2a: Zygarde|Zygarde|387\/387
|-ability|p2a: Zygarde|Aura Break
|
|-heal|p1a: Well It's Burned|296\/304|[from] item: Leftovers
|turn|2
|
|move|p2a: Zygarde|Substitute|p2a: Zygarde
|-start|p2a: Zygarde|Substitute
|-damage|p2a: Zygarde|291\/387
|move|p1a: Well It's Burned|Will-O-Wisp|p2a: Zygarde
|
|-heal|p1a: Well It's Burned|304\/304|[from] item: Leftovers
|turn|3
|
|move|p2a: Zygarde|Dragon Dance|p2a: Zygarde
|-boost|p2a: Zygarde|atk|1
|-boost|p2a: Zygarde|spe|1
|move|p1a: Well It's Burned|Hydro Pump|p2a: Zygarde
|-end|p2a: Zygarde|Substitute
|
|turn|4
|
|switch|p2a: Whimsicott|Whimsicott, M|262\/262
|switch|p1a: Kiss My Lips|Ferrothorn, M|352\/352
|
|turn|5
|join|dukevesper
|
|switch|p2a: Zygarde|Zygarde|291\/387
|-ability|p2a: Zygarde|Aura Break
|move|p1a: Kiss My Lips|Stealth Rock|p2a: Zygarde
|-sidestart|p2: mike hunts|move: Stealth Rock
|
|turn|6
|join|stockholm negro
|
|switch|p2a: Machamp|Machamp, F, shiny|384\/384
|-damage|p2a: Machamp|360\/384|[from] Stealth Rock
|move|p1a: Kiss My Lips|Gyro Ball|p2a: Machamp
|-damage|p2a: Machamp|300\/384
|
|-heal|p2a: Machamp|324\/384|[from] item: Leftovers
|turn|7
|
|switch|p1a: Well It's Burned|Rotom-Wash|304\/304
|move|p2a: Machamp|Substitute|p2a: Machamp
|-start|p2a: Machamp|Substitute
|-damage|p2a: Machamp|228\/384
|
|-heal|p2a: Machamp|252\/384|[from] item: Leftovers
|turn|8
|join|Quizzart
|
|move|p1a: Well It's Burned|Volt Switch|p2a: Machamp
|-activate|p2a: Machamp|Substitute|[damage]
|
|switch|p1a: Set Fire|Talonflame, M|359\/359
|move|p2a: Machamp|Dynamic Punch|p1a: Set Fire
|-resisted|p1a: Set Fire
|-damage|p1a: Set Fire|245\/359
|-start|p1a: Set Fire|confusion
|
|-heal|p1a: Set Fire|267\/359|[from] item: Leftovers
|-heal|p2a: Machamp|276\/384|[from] item: Leftovers
|turn|9
|join|marijuanal
|
|switch|p1a: Well It's Burned|Rotom-Wash|304\/304
|move|p2a: Machamp|Dynamic Punch|p1a: Well It's Burned
|-damage|p1a: Well It's Burned|186\/304
|-start|p1a: Well It's Burned|confusion
|
|-heal|p1a: Well It's Burned|205\/304|[from] item: Leftovers
|-heal|p2a: Machamp|300\/384|[from] item: Leftovers
|turn|10
|
|switch|p1a: You Saved Me|Latias, F|302\/302
|move|p2a: Machamp|Substitute|p2a: Machamp
|-fail|p2a: Machamp|move: Substitute
|
|-heal|p2a: Machamp|324\/384|[from] item: Leftovers
|turn|11
|
|move|p1a: You Saved Me|Psychic|p2a: Machamp
|-supereffective|p2a: Machamp
|-end|p2a: Machamp|Substitute
|-damage|p1a: You Saved Me|272\/302|[from] item: Life Orb
|move|p2a: Machamp|Encore|p1a: You Saved Me
|-start|p1a: You Saved Me|Encore
|
|-heal|p2a: Machamp|348\/384|[from] item: Leftovers
|turn|12
|join|BlueHippo
|
|switch|p1a: Well It's Burned|Rotom-Wash|205\/304
|switch|p2a: Jirachi|Jirachi|404\/404
|-damage|p2a: Jirachi|379\/404|[from] Stealth Rock
|
|-heal|p2a: Jirachi|404\/404|[from] item: Leftovers
|-heal|p1a: Well It's Burned|224\/304|[from] item: Leftovers
|turn|13
|
|move|p2a: Jirachi|Wish|p2a: Jirachi
|move|p1a: Well It's Burned|Will-O-Wisp|p2a: Jirachi
|-status|p2a: Jirachi|brn
|
|-heal|p1a: Well It's Burned|243\/304|[from] item: Leftovers
|-damage|p2a: Jirachi|354\/404 brn|[from] brn
|turn|14
|
|switch|p2a: Crobat|Crobat, M|323\/323
|-damage|p2a: Crobat|243\/323|[from] Stealth Rock
|move|p1a: Well It's Burned|Will-O-Wisp|p2a: Crobat|[miss]
|-miss|p1a: Well It's Burned|p2a: Crobat
|
|-heal|p2a: Crobat|323\/323|[from] move: Wish|[wisher] Jirachi
|-heal|p1a: Well It's Burned|262\/304|[from] item: Leftovers
|turn|15
|
|move|p2a: Crobat|Defog|p1a: Well It's Burned
|-unboost|p1a: Well It's Burned|evasion|1
|-sideend|p2: mike hunts|Stealth Rock|[from] move: Defog|[of] p2a: Crobat
|move|p1a: Well It's Burned|Will-O-Wisp|p2a: Crobat|[miss]
|-miss|p1a: Well It's Burned|p2a: Crobat
|
|-heal|p1a: Well It's Burned|281\/304|[from] item: Leftovers
|turn|16
|c| BlueHippo|well..its not burned
|c|★mike hunts|ez dodging for crobat
|
|move|p2a: Crobat|U-turn|p1a: Well It's Burned
|-damage|p1a: Well It's Burned|237\/304
|
|switch|p2a: Jirachi|Jirachi|354\/404 brn
|move|p1a: Well It's Burned|Volt Switch|p2a: Jirachi
|-damage|p2a: Jirachi|272\/404 brn
|
|switch|p1a: To The Rain|Swampert, M|403\/403
|
|-heal|p2a: Jirachi|297\/404 brn|[from] item: Leftovers
|-damage|p2a: Jirachi|247\/404 brn|[from] brn
|turn|17
|c| dukevesper|shoulda stayed in on volt switch crobat woulda dodged
|
|switch|p1a: Set Fire|Talonflame, M|267\/359
|move|p2a: Jirachi|Stealth Rock|p1a: Set Fire
|-sidestart|p1: qwazz|move: Stealth Rock
|
|-heal|p2a: Jirachi|272\/404 brn|[from] item: Leftovers
|-heal|p1a: Set Fire|289\/359|[from] item: Leftovers
|-damage|p2a: Jirachi|222\/404 brn|[from] brn
|turn|18
|c| BlueHippo|Lol
|leave|marijuanal
|
|move|p2a: Jirachi|Wish|p2a: Jirachi
|move|p1a: Set Fire|Taunt|p2a: Jirachi
|-start|p2a: Jirachi|move: Taunt
|
|-heal|p2a: Jirachi|247\/404 brn|[from] item: Leftovers
|-heal|p1a: Set Fire|311\/359|[from] item: Leftovers
|-damage|p2a: Jirachi|197\/404 brn|[from] brn
|turn|19
|c|★mike hunts|wait
|c|★mike hunts|is that some kinda of super defensive talon
|c| dukevesper|probably spdef
|
|switch|p2a: Entei|Entei, shiny|404\/404
|-ability|p2a: Entei|Pressure
|move|p1a: Set Fire|Bulk Up|p1a: Set Fire
|-boost|p1a: Set Fire|atk|1
|-boost|p1a: Set Fire|def|1
|
|-heal|p1a: Set Fire|333\/359|[from] item: Leftovers
|turn|20
|c| dukevesper|thats what usually runs taunt and lefties
|join|thepo
|
|switch|p2a: Jirachi|Jirachi|197\/404 brn
|switch|p1a: To The Rain|Swampert, M|403\/403
|-damage|p1a: To The Rain|378\/403|[from] Stealth Rock
|
|-heal|p2a: Jirachi|222\/404 brn|[from] item: Leftovers
|-damage|p2a: Jirachi|172\/404 brn|[from] brn
|turn|21
|
|detailschange|p1a: To The Rain|Swampert-Mega, M
|-mega|p1a: To The Rain|Swampert|Swampertite
|move|p2a: Jirachi|U-turn|p1a: To The Rain
|-damage|p1a: To The Rain|350\/403
|
|switch|p2a: Crobat|Crobat, M|323\/323
|move|p1a: To The Rain|Waterfall|p2a: Crobat
|-damage|p2a: Crobat|148\/323
|
|turn|22
|
|move|p2a: Crobat|U-turn|p1a: To The Rain
|-damage|p1a: To The Rain|288\/403
|
|switch|p2a: Jirachi|Jirachi|172\/404 brn
|move|p1a: To The Rain|Waterfall|p2a: Jirachi
|-damage|p2a: Jirachi|30\/404 brn
|
|-heal|p2a: Jirachi|55\/404 brn|[from] item: Leftovers
|-damage|p2a: Jirachi|5\/404 brn|[from] brn
|turn|23
|join|Vileblade
|
|move|p2a: Jirachi|Wish|p2a: Jirachi
|move|p1a: To The Rain|Waterfall|p2a: Jirachi
|-damage|p2a: Jirachi|0 fnt
|faint|p2a: Jirachi
|
|leave|BlueHippo
|
|switch|p2a: Machamp|Machamp, F, shiny|348\/384
|turn|24
|
|move|p1a: To The Rain|Waterfall|p2a: Machamp
|-damage|p2a: Machamp|195\/384
|cant|p2a: Machamp|flinch
|
|-heal|p2a: Machamp|384\/384|[from] move: Wish|[wisher] Jirachi
|turn|25
|
|move|p1a: To The Rain|Waterfall|p2a: Machamp
|-crit|p2a: Machamp
|-damage|p2a: Machamp|176\/384
|move|p2a: Machamp|Bulk Up|p2a: Machamp
|-boost|p2a: Machamp|atk|1
|-boost|p2a: Machamp|def|1
|
|-heal|p2a: Machamp|200\/384|[from] item: Leftovers
|turn|26
|leave|thepo
|
|move|p1a: To The Rain|Waterfall|p2a: Machamp
|-damage|p2a: Machamp|110\/384
|move|p2a: Machamp|Substitute|p2a: Machamp
|-start|p2a: Machamp|Substitute
|-damage|p2a: Machamp|14\/384
|
|-heal|p2a: Machamp|38\/384|[from] item: Leftovers
|turn|27
|
|switch|p1a: Kiss My Lips|Ferrothorn, M|352\/352
|-damage|p1a: Kiss My Lips|330\/352|[from] Stealth Rock
|move|p2a: Machamp|Dynamic Punch|p1a: Kiss My Lips
|-supereffective|p1a: Kiss My Lips
|-damage|p1a: Kiss My Lips|0 fnt
|-damage|p2a: Machamp|0 fnt|[from] ability: Iron Barbs|[of] p1a: Kiss My Lips
|faint|p2a: Machamp
|faint|p1a: Kiss My Lips
|
|
|switch|p2a: Whimsicott|Whimsicott, M|262\/262
|switch|p1a: You Saved Me|Latias, F|272\/302
|-damage|p1a: You Saved Me|235\/302|[from] Stealth Rock
|turn|28
|
|move|p2a: Whimsicott|Moonblast|p1a: You Saved Me
|-crit|p1a: You Saved Me
|-supereffective|p1a: You Saved Me
|-damage|p1a: You Saved Me|0 fnt
|faint|p1a: You Saved Me
|
|join|Myliltony
|
|switch|p1a: Well It's Burned|Rotom-Wash|237\/304
|-damage|p1a: Well It's Burned|199\/304|[from] Stealth Rock
|turn|29
|
|move|p2a: Whimsicott|Giga Drain|p1a: Well It's Burned
|-supereffective|p1a: Well It's Burned
|-damage|p1a: Well It's Burned|23\/304
|move|p1a: Well It's Burned|Will-O-Wisp|p2a: Whimsicott
|-status|p2a: Whimsicott|brn
|
|-heal|p1a: Well It's Burned|42\/304|[from] item: Leftovers
|-damage|p2a: Whimsicott|230\/262 brn|[from] brn
|turn|30
|
|switch|p1a: Set Fire|Talonflame, M|333\/359
|-damage|p1a: Set Fire|154\/359|[from] Stealth Rock
|move|p2a: Whimsicott|Giga Drain|p1a: Set Fire
|-resisted|p1a: Set Fire
|-damage|p1a: Set Fire|132\/359
|-heal|p2a: Whimsicott|241\/262 brn|[from] drain|[of] p1a: Set Fire
|
|-heal|p2a: Whimsicott|257\/262 brn|[from] item: Leftovers
|-heal|p1a: Set Fire|154\/359|[from] item: Leftovers
|-damage|p2a: Whimsicott|225\/262 brn|[from] brn
|turn|31
|
|move|p2a: Whimsicott|Encore|p1a: Set Fire
|-fail|p1a: Set Fire
|move|p1a: Set Fire|Roost|p1a: Set Fire
|-heal|p1a: Set Fire|334\/359
|
|-heal|p2a: Whimsicott|241\/262 brn|[from] item: Leftovers
|-heal|p1a: Set Fire|356\/359|[from] item: Leftovers
|-damage|p2a: Whimsicott|209\/262 brn|[from] brn
|turn|32
|join|Adiisfine
|
|switch|p1a: It Was Dark|Terrakion|323\/323
|-damage|p1a: It Was Dark|303\/323|[from] Stealth Rock
|move|p2a: Whimsicott|Encore|p1a: It Was Dark
|-fail|p1a: It Was Dark
|
|-heal|p2a: Whimsicott|225\/262 brn|[from] item: Leftovers
|-damage|p2a: Whimsicott|193\/262 brn|[from] brn
|turn|33
|
|move|p1a: It Was Dark|Rock Slide|p2a: Whimsicott
|-crit|p2a: Whimsicott
|-damage|p2a: Whimsicott|0 fnt
|faint|p2a: Whimsicott
|
|
|switch|p2a: Zygarde|Zygarde|291\/387
|-ability|p2a: Zygarde|Aura Break
|turn|34
|
|switch|p1a: To The Rain|Swampert-Mega, M|288\/403
|-damage|p1a: To The Rain|263\/403|[from] Stealth Rock
|move|p2a: Zygarde|Dragon Dance|p2a: Zygarde
|-boost|p2a: Zygarde|atk|1
|-boost|p2a: Zygarde|spe|1
|
|turn|35
|
|move|p2a: Zygarde|Outrage|p1a: To The Rain
|-damage|p1a: To The Rain|47\/403
|move|p1a: To The Rain|Waterfall|p2a: Zygarde
|-damage|p2a: Zygarde|180\/387
|
|turn|36
|
|move|p2a: Zygarde|Outrage|p1a: To The Rain
|-damage|p1a: To The Rain|0 fnt
|faint|p1a: To The Rain
|
|
|switch|p1a: Well It's Burned|Rotom-Wash|42\/304
|-damage|p1a: Well It's Burned|4\/304|[from] Stealth Rock
|turn|37
|
|move|p2a: Zygarde|Outrage|p1a: Well It's Burned
|-damage|p1a: Well It's Burned|0 fnt
|faint|p1a: Well It's Burned
|
|-end|p2a: Zygarde|rampage
|-start|p2a: Zygarde|confusion
|
|switch|p1a: It Was Dark|Terrakion|303\/323
|-enditem|p2a: Zygarde|Lum Berry|[eat]
|-end|p2a: Zygarde|confusion
|-damage|p1a: It Was Dark|283\/323|[from] Stealth Rock
|turn|38
|
|switch|p1a: Set Fire|Talonflame, M|356\/359
|-damage|p1a: Set Fire|177\/359|[from] Stealth Rock
|move|p2a: Zygarde|Earthquake|p1a: Set Fire
|-immune|p1a: Set Fire|[msg]
|
|-heal|p1a: Set Fire|199\/359|[from] item: Leftovers
|turn|39
|c| dukevesper|reveal the espeed
|
|move|p1a: Set Fire|Brave Bird|p2a: Zygarde
|-damage|p2a: Zygarde|77\/387
|-damage|p1a: Set Fire|165\/359|[from] recoil|[of] p2a: Zygarde
|move|p2a: Zygarde|Outrage|p1a: Set Fire
|-damage|p1a: Set Fire|0 fnt
|faint|p1a: Set Fire
|
|leave|RedKingAlmighty
|leave|Quizzart
|
|switch|p1a: It Was Dark|Terrakion|283\/323
|-damage|p1a: It Was Dark|263\/323|[from] Stealth Rock
|turn|40
|join|Lord Tentacruel
|
|move|p1a: It Was Dark|Rock Slide|p2a: Zygarde
|-resisted|p2a: Zygarde
|-damage|p2a: Zygarde|23\/387
|move|p2a: Zygarde|Outrage|p1a: It Was Dark
|-damage|p1a: It Was Dark|16\/323
|
|turn|41
|
|move|p1a: It Was Dark|Rock Slide|p2a: Zygarde
|-resisted|p2a: Zygarde
|-damage|p2a: Zygarde|0 fnt
|faint|p2a: Zygarde
|
|
|switch|p2a: Entei|Entei, shiny|404\/404
|-ability|p2a: Entei|Pressure
|turn|42
|c|★mike hunts|gg
|
|move|p2a: Entei|Extreme Speed|p1a: It Was Dark
|-resisted|p1a: It Was Dark
|-damage|p1a: It Was Dark|0 fnt
|faint|p1a: It Was Dark
|
|win|mike hunts
|c|★mike hunts|why do u mean i got lucky
|join|LT3A Dragonuser
|leave|stockholm negro
|leave|Myliltony
|leave|mike hunts