|join|Qwazz
|join|Hiye
|player|p1|Qwazz|265
|player|p2|Hiye|168
|gametype|singles
|gen|6
|tier|OU
|clearpoke
|poke|p1|Altaria, F
|poke|p1|Victini
|poke|p1|Gliscor, F
|poke|p1|Ferrothorn, F
|poke|p1|Starmie
|poke|p1|Tyranitar, F
|poke|p2|Diancie
|poke|p2|Heatran, M
|poke|p2|Keldeo-Resolute
|poke|p2|Celebi
|poke|p2|Latias, F
|poke|p2|Landorus-Therian, M
|rule|Swagger Clause: Swagger is banned
|rule|Baton Pass Clause: Limit one Pokémon knowing Baton Pass
|rule|Sleep Clause Mod: Limit one foe put to sleep
|rule|Species Clause: Limit one of each Pokémon
|rule|OHKO Clause: OHKO moves are banned
|rule|Moody Clause: Moody is banned
|rule|Evasion Moves Clause: Evasion moves are banned
|rule|Endless Battle Clause: Forcing endless battles is banned
|rule|HP Percentage Mod: HP is shown in percentages
|teampreview
|
|start
|switch|p1a: Gliscor|Gliscor, F|352\/352
|switch|p2a: Keldeo-Resolute|Keldeo-Resolute|323\/323
|turn|1
|join|Africans
|c| Africans|hi!
|c|★Hiye|he
|c|★Hiye|changed
|c| Africans|wow u cheetir
|c|★Hiye|to spdef
|c|★Hiye|and eq
|c|★Hiye|most likely
|c|★Hiye|watch this burn
|c|★Hiye|on altaria
|
|switch|p1a: Altaria|Altaria, F|345\/345
|move|p2a: Keldeo-Resolute|Scald|p1a: Altaria
|-resisted|p1a: Altaria
|-damage|p1a: Altaria|279\/345
|
|turn|2
|c| Africans|thep
|c|★Hiye|keldeo hasnt ogtten a burn ever..
|c| Africans|i  burn with hydro
|c| Africans|!
|c|★Hiye|nice'
|c|★Hiye|!dt magma cannon
No Pokemon, item, move, ability or nature named 'magma cannon' was found. (Check your spelling?)
|c|★Hiye|wait
|c|★Hiye|what was it called
|c|★Hiye|!dt storm cannon
No Pokemon, item, move, ability or nature named 'storm cannon' was found. (Check your spelling?)
|c| Africans|steam
|c| Africans|erupt
|c|★Hiye|o
|c|★Hiye|LOL
|c|★Hiye|!dt steam erupt
No Pokemon, item, move, ability or nature named 'steam erupt' was found. Showing the data of 'Steam Eruption' instead.
|c|~|\/data-move Steam Eruption
|raw|<font size="1"><font color=#585858>Priority:<\/font> 0&nbsp;|&ThickSpace;<font color=#585858><font color=black>&#10003; Secondary effect<\/font><\/font>&nbsp;|&ThickSpace;<font color=#585858><font color=black>&#10003; Blocked by Protect<\/font><\/font>&nbsp;|&ThickSpace;<font color=#585858><font color=black>&#10003; Thaws user<\/font><\/font>&nbsp;|&ThickSpace;<font color=#585858>Target:<\/font> One Adjacent Pokemon<\/font>
|c|★Hiye|rekt
|c| Africans|kats
|
|switch|p2a: Heatran|Heatran, M|386\/386
|switch|p1a: Gliscor|Gliscor, F|352\/352
|
|-status|p1a: Gliscor|tox|[from] item: Toxic Orb
|turn|3
|c|★Hiye|lol
|c| Africans|oh!
|c|★Hiye|i was gona scald again
|c| Africans|oh my!
|
|switch|p2a: Keldeo-Resolute|Keldeo-Resolute|323\/323
|move|p1a: Gliscor|Stealth Rock|p2a: Keldeo-Resolute
|-sidestart|p2: Hiye|move: Stealth Rock
|
|turn|4
|c| Africans|gee whillicers!
|
|switch|p1a: Altaria|Altaria, F|279\/345
|move|p2a: Keldeo-Resolute|Scald|p1a: Altaria
|-resisted|p1a: Altaria
|-damage|p1a: Altaria|210\/345
|-status|p1a: Altaria|brn
|
|-damage|p1a: Altaria|167\/345 brn|[from] brn
|turn|5
|c|★Hiye|yay
|
|switch|p2a: Diancie|Diancie|258\/258
|-damage|p2a: Diancie|226\/258|[from] Stealth Rock
|move|p1a: Altaria|Roost|p1a: Altaria
|-heal|p1a: Altaria|340\/345 brn
|
|-damage|p1a: Altaria|297\/345 brn|[from] brn
|turn|6
|
|switch|p1a: Ferrothorn|Ferrothorn, F|289\/289
|detailschange|p2a: Diancie|Diancie-Mega
|-mega|p2a: Diancie|Diancie|Diancite
|move|p2a: Diancie|Earth Power|p1a: Ferrothorn
|-damage|p1a: Ferrothorn|172\/289
|
|-heal|p1a: Ferrothorn|190\/289|[from] item: Leftovers
|turn|7
|c|★Hiye|WTf
|
|switch|p1a: Starmie|Starmie|320\/320
|move|p2a: Diancie|Moonblast|p1a: Starmie
|-damage|p1a: Starmie|55\/320
|
|-heal|p1a: Starmie|75\/320|[from] item: Leftovers
|turn|8
|c|★Hiye|didnt kill :(
|
|switch|p2a: Landorus-Therian|Landorus-Therian, M|319\/319
|-damage|p2a: Landorus-Therian|280\/319|[from] Stealth Rock
|-ability|p2a: Landorus-Therian|Intimidate|[of] p1a: Starmie
|-unboost|p1a: Starmie|atk|1
|move|p1a: Starmie|Scald|p2a: Landorus-Therian
|-crit|p2a: Landorus-Therian
|-supereffective|p2a: Landorus-Therian
|-damage|p2a: Landorus-Therian|0 fnt
|faint|p2a: Landorus-Therian
|
|-heal|p1a: Starmie|95\/320|[from] item: Leftovers
|c|★Hiye|ok...
|c| Africans|what an unexpected turn of events!
|
|switch|p2a: Latias|Latias, F|299\/299
|-damage|p2a: Latias|262\/299|[from] Stealth Rock
|turn|9
|
|switch|p1a: Tyranitar|Tyranitar, F|341\/341
|-weather|Sandstorm
|switch|p2a: Keldeo-Resolute|Keldeo-Resolute|323\/323
|-damage|p2a: Keldeo-Resolute|303\/323|[from] Stealth Rock
|
|-weather|Sandstorm|[upkeep]
|-damage|p2a: Keldeo-Resolute|283\/323|[from] sandstorm
|-heal|p2a: Keldeo-Resolute|303\/323|[from] item: Leftovers
|turn|10
|c| Africans|wowza!!
|c|★Hiye|hes gona stone edge
|
|switch|p2a: Diancie|Diancie-Mega|226\/258
|-damage|p2a: Diancie|194\/258|[from] Stealth Rock
|move|p1a: Tyranitar|Earthquake|p2a: Diancie
|-supereffective|p2a: Diancie
|-damage|p2a: Diancie|0 fnt
|faint|p2a: Diancie
|
|-weather|Sandstorm|[upkeep]
|c|★Hiye|yep
|c|★Hiye|knew it
|c| Africans|bhp
|c|★Hiye|it was really obvious
|c| Africans|>hes gona stone edge
|c| Africans|>eq
|c| Africans|>"knew it"
|c| Africans|k
|c|★Hiye|he was gona syau in
|leave|Hiye
|player|p2
|leave|Africans
|join|Hiye
|join|Africans
|leave|Africans
|-message|Player 2 lost due to inactivity.
|
|win|Qwazz
|join|Storm Jesus
|join|FUQ GLISCORE
|leave|Storm Jesus
|leave|FUQ GLISCORE
|leave|Hiye
|join|Hiye
|leave|Hiye