|join|Qwazz
|join|Teeny
|player|p1|Qwazz|169
|player|p2|Teeny|253
|gametype|singles
|gen|6
|tier|OU
|clearpoke
|poke|p1|Heracross, F
|poke|p1|Tyranitar, F
|poke|p1|Talonflame, M
|poke|p1|Excadrill, F
|poke|p1|Celebi
|poke|p1|Rotom-Wash
|poke|p2|Mew
|poke|p2|Ferrothorn, F
|poke|p2|Landorus-Therian, M
|poke|p2|Azumarill, F
|poke|p2|Heatran, F
|poke|p2|Raikou
|rule|Swagger Clause: Swagger is banned
|rule|Baton Pass Clause: Limit one Pokémon knowing Baton Pass
|rule|Sleep Clause Mod: Limit one foe put to sleep
|rule|Species Clause: Limit one of each Pokémon
|rule|OHKO Clause: OHKO moves are banned
|rule|Moody Clause: Moody is banned
|rule|Evasion Moves Clause: Evasion moves are banned
|rule|Endless Battle Clause: Forcing endless battles is banned
|rule|HP Percentage Mod: HP is shown in percentages
|teampreview
|
|start
|switch|p1a: Heracross|Heracross, F|311\/311
|switch|p2a: Mew|Mew|404\/404
|turn|1
|join|The Ess of Johan
|join|Falco The Great
|
|switch|p2a: Landorus-Therian|Landorus-Therian, M|381\/381
|-ability|p2a: Landorus-Therian|Intimidate|[of] p1a: Heracross
|-unboost|p1a: Heracross|atk|1
|switch|p1a: Talonflame|Talonflame, M|297\/297
|
|turn|2
|
|switch|p1a: Rotom-Wash|Rotom-Wash|303\/303
|move|p2a: Landorus-Therian|Knock Off|p1a: Rotom-Wash
|-damage|p1a: Rotom-Wash|203\/303
|-enditem|p1a: Rotom-Wash|Leftovers|[from] move: Knock Off|[of] p2a: Landorus-Therian
|
|turn|3
|
|switch|p2a: Ferrothorn|Ferrothorn, F|352\/352
|move|p1a: Rotom-Wash|Volt Switch|p2a: Ferrothorn
|-resisted|p2a: Ferrothorn
|-damage|p2a: Ferrothorn|316\/352
|join|bbsample1974898
|
|switch|p1a: Heracross|Heracross, F|311\/311
|
|-heal|p2a: Ferrothorn|338\/352|[from] item: Leftovers
|turn|4
|
|detailschange|p1a: Heracross|Heracross-Mega, F
|-mega|p1a: Heracross|Heracross|Heracronite
|move|p1a: Heracross|Close Combat|p2a: Ferrothorn
|-crit|p2a: Ferrothorn
|-supereffective|p2a: Ferrothorn
|-damage|p2a: Ferrothorn|0 fnt
|-damage|p1a: Heracross|273\/311|[from] ability: Iron Barbs|[of] p2a: Ferrothorn
|-unboost|p1a: Heracross|def|1
|-unboost|p1a: Heracross|spd|1
|faint|p2a: Ferrothorn
|
|
|switch|p2a: Landorus-Therian|Landorus-Therian, M|381\/381
|-ability|p2a: Landorus-Therian|Intimidate|[of] p1a: Heracross
|-unboost|p1a: Heracross|atk|1
|turn|5
|c|★Teeny|damn cancel button
|join|unity chuggarules
|
|move|p1a: Heracross|Rock Blast|p2a: Landorus-Therian
|-damage|p2a: Landorus-Therian|350\/381
|-damage|p2a: Landorus-Therian|317\/381
|-damage|p2a: Landorus-Therian|286\/381
|-damage|p2a: Landorus-Therian|253\/381
|-damage|p2a: Landorus-Therian|220\/381
|-hitcount|p2a: Landorus-Therian|5
|move|p2a: Landorus-Therian|U-turn|p1a: Heracross
|-resisted|p1a: Heracross
|-damage|p1a: Heracross|208\/311
|
|switch|p2a: Raikou|Raikou|321\/321
|-ability|p2a: Raikou|Pressure
|
|turn|6
|
|switch|p1a: Excadrill|Excadrill, F|361\/361
|-item|p1a: Excadrill|Air Balloon
|move|p2a: Raikou|Volt Switch|p1a: Excadrill
|-immune|p1a: Excadrill|[msg]
|
|turn|7
|
|switch|p2a: Heatran|Heatran, F|385\/385
|-item|p2a: Heatran|Air Balloon
|move|p1a: Excadrill|Iron Head|p2a: Heatran
|-resisted|p2a: Heatran
|-damage|p2a: Heatran|345\/385
|-enditem|p2a: Heatran|Air Balloon
|
|turn|8
|
|switch|p2a: Landorus-Therian|Landorus-Therian, M|220\/381
|-ability|p2a: Landorus-Therian|Intimidate|[of] p1a: Excadrill
|-unboost|p1a: Excadrill|atk|1
|move|p1a: Excadrill|Earthquake|p2a: Landorus-Therian
|-immune|p2a: Landorus-Therian|[msg]
|
|turn|9
|
|move|p1a: Excadrill|Iron Head|p2a: Landorus-Therian
|-damage|p2a: Landorus-Therian|111\/381
|cant|p2a: Landorus-Therian|flinch
|
|turn|10
|c|★Teeny|wtf
|
|move|p1a: Excadrill|Iron Head|p2a: Landorus-Therian
|-damage|p2a: Landorus-Therian|0 fnt
|faint|p2a: Landorus-Therian
|
|
|switch|p2a: Mew|Mew|404\/404
|turn|11
|
|switch|p1a: Talonflame|Talonflame, M|297\/297
|move|p2a: Mew|Knock Off|p1a: Talonflame
|-damage|p1a: Talonflame|204\/297
|-enditem|p1a: Talonflame|Choice Band|[from] move: Knock Off|[of] p2a: Mew
|
|turn|12
|
|switch|p2a: Heatran|Heatran, F|345\/385
|move|p1a: Talonflame|U-turn|p2a: Heatran
|-resisted|p2a: Heatran
|-damage|p2a: Heatran|330\/385
|leave|Falco The Great
|
|switch|p1a: Excadrill|Excadrill, F|361\/361
|-item|p1a: Excadrill|Air Balloon
|
|turn|13
|
|switch|p2a: Mew|Mew|404\/404
|move|p1a: Excadrill|Earthquake|p2a: Mew
|-damage|p2a: Mew|241\/404
|
|-heal|p2a: Mew|266\/404|[from] item: Leftovers
|turn|14
|
|switch|p1a: Talonflame|Talonflame, M|204\/297
|move|p2a: Mew|Knock Off|p1a: Talonflame
|-damage|p1a: Talonflame|138\/297
|
|-heal|p2a: Mew|291\/404|[from] item: Leftovers
|turn|15
|
|move|p1a: Talonflame|U-turn|p2a: Mew
|-supereffective|p2a: Mew
|-damage|p2a: Mew|183\/404
|
|switch|p1a: Rotom-Wash|Rotom-Wash|203\/303
|move|p2a: Mew|Soft-Boiled|p2a: Mew
|-heal|p2a: Mew|385\/404
|
|-heal|p2a: Mew|404\/404|[from] item: Leftovers
|turn|16
|
|move|p2a: Mew|Will-O-Wisp|p1a: Rotom-Wash
|-status|p1a: Rotom-Wash|brn
|move|p1a: Rotom-Wash|Volt Switch|p2a: Mew
|-damage|p2a: Mew|310\/404
|
|switch|p1a: Tyranitar|Tyranitar, F|341\/341
|-weather|Sandstorm
|
|-weather|Sandstorm|[upkeep]
|-damage|p2a: Mew|285\/404|[from] sandstorm
|-heal|p2a: Mew|310\/404|[from] item: Leftovers
|turn|17
|
|move|p1a: Tyranitar|Crunch|p2a: Mew
|-supereffective|p2a: Mew
|-damage|p2a: Mew|74\/404
|move|p2a: Mew|Will-O-Wisp|p1a: Tyranitar
|-status|p1a: Tyranitar|brn
|
|-weather|Sandstorm|[upkeep]
|-damage|p2a: Mew|49\/404|[from] sandstorm
|-heal|p2a: Mew|74\/404|[from] item: Leftovers
|-damage|p1a: Tyranitar|299\/341 brn|[from] brn
|turn|18
|
|switch|p2a: Heatran|Heatran, F|330\/385
|move|p1a: Tyranitar|Crunch|p2a: Heatran
|-damage|p2a: Heatran|261\/385
|
|-weather|Sandstorm|[upkeep]
|-damage|p1a: Tyranitar|257\/341 brn|[from] brn
|turn|19
|
|switch|p1a: Excadrill|Excadrill, F|361\/361
|-item|p1a: Excadrill|Air Balloon
|move|p2a: Heatran|Stealth Rock|p1a: Excadrill
|-sidestart|p1: Qwazz|move: Stealth Rock
|
|-weather|Sandstorm|[upkeep]
|turn|20
|
|move|p1a: Excadrill|Earthquake|p2a: Heatran
|-supereffective|p2a: Heatran
|-damage|p2a: Heatran|0 fnt
|faint|p2a: Heatran
|
|-weather|none
|
|switch|p2a: Azumarill|Azumarill, F|403\/403
|turn|21
|
|move|p1a: Excadrill|Rapid Spin|p2a: Azumarill
|-damage|p2a: Azumarill|370\/403
|-sideend|p1: Qwazz|Stealth Rock|[from] move: Rapid Spin|[of] p1a: Excadrill
|move|p2a: Azumarill|Play Rough|p1a: Excadrill
|-resisted|p1a: Excadrill
|-damage|p1a: Excadrill|140\/361
|-enditem|p1a: Excadrill|Air Balloon
|
|turn|22
|
|switch|p1a: Celebi|Celebi|403\/403
|switch|p2a: Mew|Mew|74\/404
|
|-heal|p2a: Mew|99\/404|[from] item: Leftovers
|turn|23
|
|move|p2a: Mew|Soft-Boiled|p2a: Mew
|-heal|p2a: Mew|301\/404
|move|p1a: Celebi|Stealth Rock|p2a: Mew
|-sidestart|p2: Teeny|move: Stealth Rock
|
|-heal|p2a: Mew|326\/404|[from] item: Leftovers
|turn|24
|
|move|p2a: Mew|Taunt|p1a: Celebi
|-start|p1a: Celebi|move: Taunt
|cant|p1a: Celebi|move: Taunt|Baton Pass
|
|-heal|p2a: Mew|351\/404|[from] item: Leftovers
|turn|25
|
|move|p2a: Mew|Knock Off|p1a: Celebi
|-supereffective|p1a: Celebi
|-damage|p1a: Celebi|239\/403
|-enditem|p1a: Celebi|Leftovers|[from] move: Knock Off|[of] p2a: Mew
|move|p1a: Celebi|Giga Drain|p2a: Mew
|-damage|p2a: Mew|266\/404
|-heal|p1a: Celebi|282\/403|[from] drain|[of] p2a: Mew
|
|-heal|p2a: Mew|291\/404|[from] item: Leftovers
|turn|26
|
|switch|p1a: Rotom-Wash|Rotom-Wash|203\/303 brn
|move|p2a: Mew|Will-O-Wisp|p1a: Rotom-Wash
|-fail|p1a: Rotom-Wash|brn
|
|-heal|p2a: Mew|316\/404|[from] item: Leftovers
|-damage|p1a: Rotom-Wash|166\/303 brn|[from] brn
|turn|27
|
|move|p2a: Mew|Soft-Boiled|p2a: Mew
|-heal|p2a: Mew|404\/404
|move|p1a: Rotom-Wash|Will-O-Wisp|p2a: Mew
|-status|p2a: Mew|brn
|
|-damage|p2a: Mew|354\/404 brn|[from] brn
|-damage|p1a: Rotom-Wash|129\/303 brn|[from] brn
|turn|28
|
|move|p2a: Mew|Taunt|p1a: Rotom-Wash
|-start|p1a: Rotom-Wash|move: Taunt
|cant|p1a: Rotom-Wash|move: Taunt|Pain Split
|
|-heal|p2a: Mew|379\/404 brn|[from] item: Leftovers
|-damage|p2a: Mew|329\/404 brn|[from] brn
|-damage|p1a: Rotom-Wash|92\/303 brn|[from] brn
|turn|29
|
|move|p2a: Mew|Soft-Boiled|p2a: Mew
|-heal|p2a: Mew|404\/404 brn
|move|p1a: Rotom-Wash|Volt Switch|p2a: Mew
|-damage|p2a: Mew|320\/404 brn
|
|switch|p1a: Tyranitar|Tyranitar, F|257\/341 brn
|-weather|Sandstorm
|
|-weather|Sandstorm|[upkeep]
|-damage|p2a: Mew|295\/404 brn|[from] sandstorm
|-heal|p2a: Mew|320\/404 brn|[from] item: Leftovers
|-damage|p1a: Tyranitar|215\/341 brn|[from] brn
|-damage|p2a: Mew|270\/404 brn|[from] brn
|turn|30
|
|move|p1a: Tyranitar|Stone Edge|p2a: Mew
|-damage|p2a: Mew|200\/404 brn
|move|p2a: Mew|Knock Off|p1a: Tyranitar
|-resisted|p1a: Tyranitar
|-damage|p1a: Tyranitar|198\/341 brn
|-enditem|p1a: Tyranitar|Choice Scarf|[from] move: Knock Off|[of] p2a: Mew
|
|-weather|Sandstorm|[upkeep]
|-damage|p2a: Mew|175\/404 brn|[from] sandstorm
|-heal|p2a: Mew|200\/404 brn|[from] item: Leftovers
|-damage|p2a: Mew|150\/404 brn|[from] brn
|-damage|p1a: Tyranitar|156\/341 brn|[from] brn
|turn|31
|
|move|p2a: Mew|Soft-Boiled|p2a: Mew
|-heal|p2a: Mew|352\/404 brn
|move|p1a: Tyranitar|Crunch|p2a: Mew
|-supereffective|p2a: Mew
|-damage|p2a: Mew|230\/404 brn
|
|-weather|Sandstorm|[upkeep]
|-damage|p2a: Mew|205\/404 brn|[from] sandstorm
|-heal|p2a: Mew|230\/404 brn|[from] item: Leftovers
|-damage|p2a: Mew|180\/404 brn|[from] brn
|-damage|p1a: Tyranitar|114\/341 brn|[from] brn
|turn|32
|
|move|p2a: Mew|Soft-Boiled|p2a: Mew
|-heal|p2a: Mew|382\/404 brn
|move|p1a: Tyranitar|Crunch|p2a: Mew
|-supereffective|p2a: Mew
|-damage|p2a: Mew|256\/404 brn
|
|-weather|Sandstorm|[upkeep]
|-damage|p2a: Mew|231\/404 brn|[from] sandstorm
|-heal|p2a: Mew|256\/404 brn|[from] item: Leftovers
|-damage|p2a: Mew|206\/404 brn|[from] brn
|-damage|p1a: Tyranitar|72\/341 brn|[from] brn
|turn|33
|
|switch|p1a: Talonflame|Talonflame, M|138\/297
|move|p2a: Mew|Soft-Boiled|p2a: Mew
|-heal|p2a: Mew|404\/404 brn
|
|-weather|none
|-damage|p2a: Mew|354\/404 brn|[from] brn
|turn|34
|
|switch|p2a: Raikou|Raikou|321\/321
|-damage|p2a: Raikou|281\/321|[from] Stealth Rock
|-ability|p2a: Raikou|Pressure
|move|p1a: Talonflame|Brave Bird|p2a: Raikou
|-resisted|p2a: Raikou
|-damage|p2a: Raikou|188\/321
|-damage|p1a: Talonflame|107\/297|[from] recoil|[of] p2a: Raikou
|
|turn|35
|
|move|p1a: Talonflame|Tailwind|p1a: Talonflame
|-sidestart|p1: Qwazz|move: Tailwind
|move|p2a: Raikou|Thunderbolt|p1a: Talonflame
|-supereffective|p1a: Talonflame
|-damage|p1a: Talonflame|0 fnt
|faint|p1a: Talonflame
|
|
|switch|p1a: Heracross|Heracross-Mega, F|208\/311
|turn|36
|
|switch|p2a: Mew|Mew|354\/404 brn
|-damage|p2a: Mew|304\/404 brn|[from] Stealth Rock
|move|p1a: Heracross|Rock Blast|p2a: Mew
|-crit|p2a: Mew
|-damage|p2a: Mew|253\/404 brn
|-damage|p2a: Mew|218\/404 brn
|-damage|p2a: Mew|183\/404 brn
|-damage|p2a: Mew|148\/404 brn
|-damage|p2a: Mew|113\/404 brn
|-hitcount|p2a: Mew|5
|
|-heal|p2a: Mew|138\/404 brn|[from] item: Leftovers
|-damage|p2a: Mew|88\/404 brn|[from] brn
|turn|37
|
|move|p1a: Heracross|Pin Missile|p2a: Mew
|-supereffective|p2a: Mew
|-damage|p2a: Mew|0 fnt
|-hitcount|p2a: Mew|1
|faint|p2a: Mew
|
|
|switch|p2a: Azumarill|Azumarill, F|370\/403
|-damage|p2a: Azumarill|320\/403|[from] Stealth Rock
|turn|38
|
|move|p2a: Azumarill|Aqua Jet|p1a: Heracross
|-damage|p1a: Heracross|96\/311
|move|p1a: Heracross|Rock Blast|p2a: Azumarill|[miss]
|-miss|p1a: Heracross|p2a: Azumarill
|
|-sideend|p1: Qwazz|move: Tailwind
|turn|39
|
|move|p2a: Azumarill|Aqua Jet|p1a: Heracross
|-damage|p1a: Heracross|0 fnt
|faint|p1a: Heracross
|
|
|switch|p1a: Rotom-Wash|Rotom-Wash|92\/303 brn
|turn|40
|
|switch|p2a: Raikou|Raikou|188\/321
|-damage|p2a: Raikou|148\/321|[from] Stealth Rock
|-ability|p2a: Raikou|Pressure
|move|p1a: Rotom-Wash|Will-O-Wisp|p2a: Raikou
|-status|p2a: Raikou|brn
|
|-damage|p2a: Raikou|108\/321 brn|[from] brn
|-damage|p1a: Rotom-Wash|55\/303 brn|[from] brn
|turn|41
|
|switch|p1a: Excadrill|Excadrill, F|140\/361
|move|p2a: Raikou|Shadow Ball|p1a: Excadrill
|-damage|p1a: Excadrill|19\/361
|-unboost|p1a: Excadrill|spd|1
|
|-damage|p2a: Raikou|68\/321 brn|[from] brn
|turn|42
|
|move|p2a: Raikou|Hidden Power|p1a: Excadrill
|-damage|p1a: Excadrill|0 fnt
|faint|p1a: Excadrill
|
|-damage|p2a: Raikou|28\/321 brn|[from] brn
|
|switch|p1a: Tyranitar|Tyranitar, F|72\/341 brn
|-weather|Sandstorm
|turn|43
|c| The Ess of Johan|celebi wins?
|
|move|p2a: Raikou|Volt Switch|p1a: Tyranitar
|-damage|p1a: Tyranitar|0 fnt
|faint|p1a: Tyranitar
|
|switch|p2a: Azumarill|Azumarill, F|320\/403
|-damage|p2a: Azumarill|270\/403|[from] Stealth Rock
|
|-weather|Sandstorm|[upkeep]
|-damage|p2a: Azumarill|245\/403|[from] sandstorm
|
|switch|p1a: Celebi|Celebi|282\/403
|turn|44
|c|★Teeny|looks like it
|
|move|p1a: Celebi|Giga Drain|p2a: Azumarill
|-supereffective|p2a: Azumarill
|-damage|p2a: Azumarill|41\/403
|-heal|p1a: Celebi|384\/403|[from] drain|[of] p2a: Azumarill
|move|p2a: Azumarill|Play Rough|p1a: Celebi
|-damage|p1a: Celebi|92\/403
|
|-weather|Sandstorm|[upkeep]
|-damage|p1a: Celebi|67\/403|[from] sandstorm
|-damage|p2a: Azumarill|16\/403|[from] sandstorm
|turn|45
|c|★Teeny|omg rocks
|
|move|p1a: Celebi|Giga Drain|p2a: Azumarill
|-supereffective|p2a: Azumarill
|-damage|p2a: Azumarill|0 fnt
|-heal|p1a: Celebi|75\/403|[from] drain|[of] p2a: Azumarill
|faint|p2a: Azumarill
|
|-weather|Sandstorm|[upkeep]
|-damage|p1a: Celebi|50\/403|[from] sandstorm
|
|switch|p2a: Raikou|Raikou|28\/321 brn
|-damage|p2a: Raikou|0 fnt|[from] Stealth Rock
|faint|p2a: Raikou
|
|win|Qwazz
|c|★Teeny|GG, Qwazz.
|c|★Teeny|I'm getting better :)
|leave|The Ess of Johan
|leave|bbsample1974898
|join|Chillingtilnoon