|join|Kjaerlighet
|join|The Last Hero
|player|p1|Kjaerlighet|30
|player|p2|The Last Hero|54
|gametype|singles
|gen|6
|tier|OU
|rated
|clearpoke
|poke|p1|Chansey, F
|poke|p1|Chesnaught, M
|poke|p1|Altaria, F
|poke|p1|Cresselia, F
|poke|p1|Heatran, F
|poke|p1|Slowbro, F
|poke|p2|Pidgeot, M
|poke|p2|Rhyperior, M
|poke|p2|Tentacruel, M
|poke|p2|Rotom-Mow
|poke|p2|Scizor, M
|poke|p2|Mienshao, M
|rule|Swagger Clause: Swagger is banned
|rule|Baton Pass Clause: Limit one Pokémon knowing Baton Pass
|rule|Sleep Clause Mod: Limit one foe put to sleep
|rule|Species Clause: Limit one of each Pokémon
|rule|OHKO Clause: OHKO moves are banned
|rule|Moody Clause: Moody is banned
|rule|Evasion Moves Clause: Evasion moves are banned
|rule|Endless Battle Clause: Forcing endless battles is banned
|rule|HP Percentage Mod: HP is shown in percentages
|teampreview
|
|start
|switch|p1a: Chansey|Chansey, F|642\/642
|switch|p2a: Hax BIRD|Pidgeot, M|307\/307
|turn|1
|
|detailschange|p2a: Hax BIRD|Pidgeot-Mega, M
|-mega|p2a: Hax BIRD|Pidgeot|Pidgeotite
|move|p2a: Hax BIRD|U-turn|p1a: Chansey
|-damage|p1a: Chansey|584\/642
|
|switch|p2a: Mr. Recortes|Scizor, M|343\/343
|move|p1a: Chansey|Seismic Toss|p2a: Mr. Recortes
|-damage|p2a: Mr. Recortes|243\/343
|
|turn|2
|
|move|p2a: Mr. Recortes|Pursuit|p1a: Chansey|[from]Pursuit
|-damage|p1a: Chansey|393\/642
|switch|p1a: Chesnaught|Chesnaught, M|380\/380
|
|turn|3
|
|switch|p2a: Tenta|Tentacruel, M|361\/361
|move|p1a: Chesnaught|Spikes|p2a: Tenta
|-sidestart|p2: The Last Hero|Spikes
|
|turn|4
|
|switch|p1a: Chansey|Chansey, F|393\/642
|move|p2a: Tenta|Rapid Spin|p1a: Chansey
|-damage|p1a: Chansey|379\/642
|-sideend|p2: The Last Hero|Spikes|[from] move: Rapid Spin|[of] p2a: Tenta
|
|turn|5
|
|switch|p2a: Mien00b|Mienshao, M|271\/271
|move|p1a: Chansey|Soft-Boiled|p1a: Chansey
|-heal|p1a: Chansey|642\/642
|
|turn|6
|
|switch|p1a: Slowbro|Slowbro, F|394\/394
|move|p2a: Mien00b|U-turn|p1a: Slowbro
|-supereffective|p1a: Slowbro
|-damage|p1a: Slowbro|256\/394
|-damage|p2a: Mien00b|244\/271|[from] item: Life Orb
|
|switch|p2a: Cortacabezas|Rotom-Mow|241\/241
|
|-heal|p1a: Slowbro|280\/394|[from] item: Leftovers
|turn|7
|
|switch|p1a: Altaria|Altaria, F|353\/353
|move|p2a: Cortacabezas|Volt Switch|p1a: Altaria
|-damage|p1a: Altaria|265\/353
|
|switch|p2a: Hax BIRD|Pidgeot-Mega, M|307\/307
|
|turn|8
|
|switch|p1a: Chansey|Chansey, F|642\/642
|move|p2a: Hax BIRD|Hurricane|p1a: Chansey
|-damage|p1a: Chansey|539\/642
|-start|p1a: Chansey|confusion
|
|turn|9
|
|move|p2a: Hax BIRD|U-turn|p1a: Chansey
|-damage|p1a: Chansey|487\/642
|
|switch|p2a: Mien00b|Mienshao, M|271\/271
|-activate|p1a: Chansey|confusion
|-damage|p1a: Chansey|479\/642|[from] confusion
|
|turn|10
|
|switch|p1a: Slowbro|Slowbro, F|394\/394
|move|p2a: Mien00b|Knock Off|p1a: Slowbro
|-supereffective|p1a: Slowbro
|-damage|p1a: Slowbro|186\/394
|-enditem|p1a: Slowbro|Leftovers|[from] move: Knock Off|[of] p2a: Mien00b
|-damage|p2a: Mien00b|244\/271|[from] item: Life Orb
|
|turn|11
|
|switch|p1a: Heatran|Heatran, F|385\/385
|move|p2a: Mien00b|U-turn|p1a: Heatran
|-resisted|p1a: Heatran
|-damage|p1a: Heatran|362\/385
|-damage|p2a: Mien00b|217\/271|[from] item: Life Orb
|
|switch|p2a: Rhyno|Rhyperior, M|371\/371
|
|-heal|p1a: Heatran|385\/385|[from] item: Leftovers
|turn|12
|
|switch|p1a: Chesnaught|Chesnaught, M|380\/380
|move|p2a: Rhyno|Ice Punch|p1a: Chesnaught
|-supereffective|p1a: Chesnaught
|-damage|p1a: Chesnaught|250\/380
|
|-heal|p1a: Chesnaught|273\/380|[from] item: Leftovers
|turn|13
|
|switch|p2a: Hax BIRD|Pidgeot-Mega, M|307\/307
|move|p1a: Chesnaught|Spikes|p2a: Hax BIRD
|-sidestart|p2: The Last Hero|Spikes
|
|-heal|p1a: Chesnaught|296\/380|[from] item: Leftovers
|turn|14
|
|move|p1a: Chesnaught|Spiky Shield|p1a: Chesnaught
|-singleturn|p1a: Chesnaught|move: Protect
|move|p2a: Hax BIRD|U-turn|p1a: Chesnaught
|-activate|p1a: Chesnaught|move: Protect
|-damage|p2a: Hax BIRD|269\/307|[from] Spiky Shield|[of] p1a: Chesnaught
|
|-heal|p1a: Chesnaught|319\/380|[from] item: Leftovers
|turn|15
|
|switch|p1a: Heatran|Heatran, F|385\/385
|move|p2a: Hax BIRD|U-turn|p1a: Heatran
|-resisted|p1a: Heatran
|-damage|p1a: Heatran|376\/385
|
|switch|p2a: Mien00b|Mienshao, M|271\/271
|-damage|p2a: Mien00b|238\/271|[from] Spikes
|
|-heal|p1a: Heatran|385\/385|[from] item: Leftovers
|turn|16
|
|switch|p1a: Altaria|Altaria, F|265\/353
|move|p2a: Mien00b|Knock Off|p1a: Altaria
|-damage|p1a: Altaria|181\/353
|-damage|p2a: Mien00b|211\/271|[from] item: Life Orb
|
|turn|17
|
|detailschange|p1a: Altaria|Altaria-Mega, F
|-mega|p1a: Altaria|Altaria|Altarianite
|move|p2a: Mien00b|High Jump Kick|p1a: Altaria
|-resisted|p1a: Altaria
|-damage|p1a: Altaria|76\/353
|-damage|p2a: Mien00b|184\/271|[from] item: Life Orb
|move|p1a: Altaria|Roost|p1a: Altaria
|-heal|p1a: Altaria|253\/353
|
|turn|18
|
|move|p2a: Mien00b|U-turn|p1a: Altaria
|-resisted|p1a: Altaria
|-damage|p1a: Altaria|214\/353
|-damage|p2a: Mien00b|157\/271|[from] item: Life Orb
|
|switch|p2a: Tenta|Tentacruel, M|361\/361
|-damage|p2a: Tenta|316\/361|[from] Spikes
|move|p1a: Altaria|Roost|p1a: Altaria
|-heal|p1a: Altaria|353\/353
|
|-heal|p2a: Tenta|338\/361|[from] item: Black Sludge
|turn|19
|
|move|p2a: Tenta|Rapid Spin|p1a: Altaria
|-damage|p1a: Altaria|345\/353
|-sideend|p2: The Last Hero|Spikes|[from] move: Rapid Spin|[of] p2a: Tenta
|move|p1a: Altaria|Earthquake|p2a: Tenta
|-supereffective|p2a: Tenta
|-damage|p2a: Tenta|180\/361
|
|-heal|p2a: Tenta|202\/361|[from] item: Black Sludge
|turn|20
|
|move|p2a: Tenta|Sludge Wave|p1a: Altaria
|-crit|p1a: Altaria
|-supereffective|p1a: Altaria
|-damage|p1a: Altaria|117\/353
|move|p1a: Altaria|Earthquake|p2a: Tenta
|-supereffective|p2a: Tenta
|-damage|p2a: Tenta|50\/361
|
|-heal|p2a: Tenta|72\/361|[from] item: Black Sludge
|turn|21
|
|switch|p2a: Mr. Recortes|Scizor, M|243\/343
|switch|p1a: Chansey|Chansey, F|479\/642
|
|turn|22
|
|switch|p1a: Chesnaught|Chesnaught, M|319\/380
|move|p2a: Mr. Recortes|Superpower|p1a: Chesnaught
|-damage|p1a: Chesnaught|164\/380
|-unboost|p2a: Mr. Recortes|atk|1
|-unboost|p2a: Mr. Recortes|def|1
|
|-heal|p1a: Chesnaught|187\/380|[from] item: Leftovers
|turn|23
|
|switch|p2a: Tenta|Tentacruel, M|72\/361
|move|p1a: Chesnaught|Drain Punch|p2a: Tenta
|-resisted|p2a: Tenta
|-damage|p2a: Tenta|30\/361
|-damage|p1a: Chesnaught|166\/380|[from] ability: Liquid Ooze|[of] p2a: Tenta
|
|-heal|p2a: Tenta|52\/361|[from] item: Black Sludge
|-heal|p1a: Chesnaught|189\/380|[from] item: Leftovers
|turn|24
|
|switch|p1a: Cresselia|Cresselia, F|444\/444
|move|p2a: Tenta|Scald|p1a: Cresselia
|-damage|p1a: Cresselia|383\/444
|
|-heal|p2a: Tenta|74\/361|[from] item: Black Sludge
|-heal|p1a: Cresselia|410\/444|[from] item: Leftovers
|turn|25
|
|switch|p2a: Mr. Recortes|Scizor, M|243\/343
|move|p1a: Cresselia|Psychic|p2a: Mr. Recortes
|-resisted|p2a: Mr. Recortes
|-damage|p2a: Mr. Recortes|190\/343
|
|-heal|p1a: Cresselia|437\/444|[from] item: Leftovers
|turn|26
|
|switch|p1a: Heatran|Heatran, F|385\/385
|move|p2a: Mr. Recortes|U-turn|p1a: Heatran
|-resisted|p1a: Heatran
|-damage|p1a: Heatran|333\/385
|
|switch|p2a: Mien00b|Mienshao, M|247\/271
|
|-heal|p1a: Heatran|357\/385|[from] item: Leftovers
|turn|27
|
|switch|p1a: Slowbro|Slowbro, F|317\/394
|move|p2a: Mien00b|High Jump Kick|p1a: Slowbro
|-resisted|p1a: Slowbro
|-damage|p1a: Slowbro|214\/394
|-damage|p2a: Mien00b|220\/271|[from] item: Life Orb
|
|turn|28
|
|move|p2a: Mien00b|U-turn|p1a: Slowbro
|-supereffective|p1a: Slowbro
|-damage|p1a: Slowbro|66\/394
|-damage|p2a: Mien00b|193\/271|[from] item: Life Orb
|
|switch|p2a: Cortacabezas|Rotom-Mow|241\/241
|move|p1a: Slowbro|Slack Off|p1a: Slowbro
|-heal|p1a: Slowbro|263\/394
|
|turn|29
|
|switch|p1a: Chansey|Chansey, F|479\/642
|move|p2a: Cortacabezas|Volt Switch|p1a: Chansey
|-damage|p1a: Chansey|421\/642
|
|switch|p2a: Mien00b|Mienshao, M|271\/271
|
|turn|30
|
|switch|p1a: Slowbro|Slowbro, F|394\/394
|move|p2a: Mien00b|Knock Off|p1a: Slowbro
|-supereffective|p1a: Slowbro
|-damage|p1a: Slowbro|272\/394
|-damage|p2a: Mien00b|244\/271|[from] item: Life Orb
|
|turn|31
|
|move|p2a: Mien00b|U-turn|p1a: Slowbro
|-supereffective|p1a: Slowbro
|-damage|p1a: Slowbro|134\/394
|-damage|p2a: Mien00b|217\/271|[from] item: Life Orb
|
|switch|p2a: Cortacabezas|Rotom-Mow|241\/241
|move|p1a: Slowbro|Fire Blast|p2a: Cortacabezas
|-crit|p2a: Cortacabezas
|-supereffective|p2a: Cortacabezas
|-damage|p2a: Cortacabezas|5\/241
|
|turn|32
|c|★The Last Hero|ouch...
|
|switch|p1a: Chansey|Chansey, F|421\/642
|move|p2a: Cortacabezas|Trick|p1a: Chansey
|-activate|p2a: Cortacabezas|move: Trick|[of] p1a: Chansey
|-item|p1a: Chansey|Choice Scarf|[from] move: Trick
|-item|p2a: Cortacabezas|Eviolite|[from] move: Trick
|
|turn|33
|
|move|p2a: Cortacabezas|Volt Switch|p1a: Chansey
|-crit|p1a: Chansey
|-damage|p1a: Chansey|294\/642
|
|switch|p2a: Mr. Recortes|Scizor, M|190\/343
|move|p1a: Chansey|Seismic Toss|p2a: Mr. Recortes
|-damage|p2a: Mr. Recortes|90\/343
|
|turn|34
|
|switch|p2a: Mien00b|Mienshao, M|271\/271
|move|p1a: Chansey|Seismic Toss|p2a: Mien00b
|-damage|p2a: Mien00b|171\/271
|
|turn|35
|
|switch|p1a: Cresselia|Cresselia, F|437\/444
|move|p2a: Mien00b|U-turn|p1a: Cresselia
|-supereffective|p1a: Cresselia
|-damage|p1a: Cresselia|307\/444
|-damage|p2a: Mien00b|144\/271|[from] item: Life Orb
|
|switch|p2a: Mr. Recortes|Scizor, M|90\/343
|
|-heal|p1a: Cresselia|334\/444|[from] item: Leftovers
|turn|36
|
|switch|p1a: Chansey|Chansey, F|294\/642
|move|p2a: Mr. Recortes|U-turn|p1a: Chansey
|-damage|p1a: Chansey|0 fnt
|faint|p1a: Chansey
|
|switch|p2a: Mien00b|Mienshao, M|234\/271
|
|
|switch|p1a: Chesnaught|Chesnaught, M|189\/380
|turn|37
|
|move|p1a: Chesnaught|Spiky Shield|p1a: Chesnaught
|-singleturn|p1a: Chesnaught|move: Protect
|move|p2a: Mien00b|Fake Out|p1a: Chesnaught
|-activate|p1a: Chesnaught|move: Protect
|-damage|p2a: Mien00b|201\/271|[from] Spiky Shield|[of] p1a: Chesnaught
|
|-heal|p1a: Chesnaught|212\/380|[from] item: Leftovers
|turn|38
|
|move|p2a: Mien00b|U-turn|p1a: Chesnaught
|-damage|p1a: Chesnaught|141\/380
|-damage|p2a: Mien00b|174\/271|[from] item: Life Orb
|
|switch|p2a: Tenta|Tentacruel, M|74\/361
|move|p1a: Chesnaught|Spikes|p2a: Tenta
|-sidestart|p2: The Last Hero|Spikes
|
|-heal|p2a: Tenta|96\/361|[from] item: Black Sludge
|-heal|p1a: Chesnaught|164\/380|[from] item: Leftovers
|turn|39
|
|switch|p1a: Cresselia|Cresselia, F|334\/444
|move|p2a: Tenta|Sludge Wave|p1a: Cresselia
|-crit|p1a: Cresselia
|-damage|p1a: Cresselia|226\/444
|
|-heal|p2a: Tenta|118\/361|[from] item: Black Sludge
|-heal|p1a: Cresselia|253\/444|[from] item: Leftovers
|turn|40
|
|move|p2a: Tenta|Rapid Spin|p1a: Cresselia
|-damage|p1a: Cresselia|245\/444
|-sideend|p2: The Last Hero|Spikes|[from] move: Rapid Spin|[of] p2a: Tenta
|move|p1a: Cresselia|Psychic|p2a: Tenta
|-crit|p2a: Tenta
|-supereffective|p2a: Tenta
|-damage|p2a: Tenta|0 fnt
|faint|p2a: Tenta
|
|-heal|p1a: Cresselia|272\/444|[from] item: Leftovers
|
|switch|p2a: Mr. Recortes|Scizor, M|90\/343
|turn|41
|
|move|p1a: Cresselia|Psychic|p2a: Mr. Recortes
|-resisted|p2a: Mr. Recortes
|-damage|p2a: Mr. Recortes|38\/343
|move|p2a: Mr. Recortes|U-turn|p1a: Cresselia
|-crit|p1a: Cresselia
|-supereffective|p1a: Cresselia
|-damage|p1a: Cresselia|0 fnt
|faint|p1a: Cresselia
|
|switch|p2a: Mien00b|Mienshao, M|264\/271
|
|
|switch|p1a: Chesnaught|Chesnaught, M|164\/380
|turn|42
|
|move|p1a: Chesnaught|Spiky Shield|p1a: Chesnaught
|-singleturn|p1a: Chesnaught|move: Protect
|move|p2a: Mien00b|Fake Out|p1a: Chesnaught
|-activate|p1a: Chesnaught|move: Protect
|-damage|p2a: Mien00b|231\/271|[from] Spiky Shield|[of] p1a: Chesnaught
|
|-heal|p1a: Chesnaught|187\/380|[from] item: Leftovers
|turn|43
|
|move|p2a: Mien00b|High Jump Kick|p1a: Chesnaught
|-damage|p1a: Chesnaught|0 fnt
|-damage|p2a: Mien00b|204\/271|[from] item: Life Orb
|faint|p1a: Chesnaught
|
|
|switch|p1a: Altaria|Altaria-Mega, F|117\/353
|turn|44
|
|move|p2a: Mien00b|U-turn|p1a: Altaria
|-resisted|p1a: Altaria
|-damage|p1a: Altaria|81\/353
|-damage|p2a: Mien00b|177\/271|[from] item: Life Orb
|
|switch|p2a: Hax BIRD|Pidgeot-Mega, M|269\/307
|move|p1a: Altaria|Roost|p1a: Altaria
|-heal|p1a: Altaria|258\/353
|
|turn|45
|
|switch|p1a: Heatran|Heatran, F|357\/385
|move|p2a: Hax BIRD|U-turn|p1a: Heatran
|-resisted|p1a: Heatran
|-damage|p1a: Heatran|348\/385
|
|switch|p2a: Rhyno|Rhyperior, M|371\/371
|
|-heal|p1a: Heatran|372\/385|[from] item: Leftovers
|turn|46
|
|switch|p1a: Slowbro|Slowbro, F|265\/394
|move|p2a: Rhyno|Earthquake|p1a: Slowbro
|-damage|p1a: Slowbro|114\/394
|
|turn|47
|
|switch|p1a: Altaria|Altaria-Mega, F|258\/353
|move|p2a: Rhyno|Earthquake|p1a: Altaria
|-damage|p1a: Altaria|107\/353
|
|turn|48
|
|move|p1a: Altaria|Roost|p1a: Altaria
|-heal|p1a: Altaria|284\/353
|move|p2a: Rhyno|Ice Punch|p1a: Altaria
|-supereffective|p1a: Altaria
|-damage|p1a: Altaria|138\/353
|
|turn|49
|
|switch|p1a: Slowbro|Slowbro, F|245\/394
|move|p2a: Rhyno|Earthquake|p1a: Slowbro
|-damage|p1a: Slowbro|115\/394
|
|turn|50
|
|switch|p1a: Altaria|Altaria-Mega, F|138\/353
|move|p2a: Rhyno|Earthquake|p1a: Altaria
|-damage|p1a: Altaria|0 fnt
|faint|p1a: Altaria
|
|
|switch|p1a: Slowbro|Slowbro, F|246\/394
|turn|51
|
|switch|p1a: Heatran|Heatran, F|372\/385
|move|p2a: Rhyno|Megahorn|p1a: Heatran
|-resisted|p1a: Heatran
|-damage|p1a: Heatran|336\/385
|
|-heal|p1a: Heatran|360\/385|[from] item: Leftovers
|turn|52
|
|switch|p1a: Slowbro|Slowbro, F|377\/394
|move|p2a: Rhyno|Earthquake|p1a: Slowbro
|-damage|p1a: Slowbro|242\/394
|
|turn|53
|
|move|p2a: Rhyno|Megahorn|p1a: Slowbro
|-supereffective|p1a: Slowbro
|-damage|p1a: Slowbro|26\/394
|move|p1a: Slowbro|Slack Off|p1a: Slowbro
|-heal|p1a: Slowbro|223\/394
|
|turn|54
|
|move|p2a: Rhyno|Megahorn|p1a: Slowbro
|-supereffective|p1a: Slowbro
|-damage|p1a: Slowbro|0 fnt
|faint|p1a: Slowbro
|
|-message|Kjaerlighet forfeited.
|
|win|The Last Hero
|raw|Ladder updating...
|leave|Kjaerlighet
|raw|Kjaerlighet's rating: 1697 &rarr; <strong>1677<\/strong><br \/>(-20 for losing)
|raw|The Last Hero's rating: 1699 &rarr; <strong>1719<\/strong><br \/>(+20 for winning)
|player|p1