|join|The Last Hero
|join|Alkov
|player|p1|The Last Hero|54
|player|p2|Alkov|256
|gametype|singles
|gen|6
|tier|OU
|rated
|clearpoke
|poke|p1|Lopunny, F
|poke|p1|Slowbro, M
|poke|p1|Bronzong, shiny
|poke|p1|Tyranitar, M
|poke|p1|Dragalge, M
|poke|p1|Excadrill, M
|poke|p2|Gothitelle, F
|poke|p2|Skarmory, M
|poke|p2|Cresselia, F
|poke|p2|Quagsire, M
|poke|p2|Sableye, M
|poke|p2|Chansey, F
|rule|Swagger Clause: Swagger is banned
|rule|Baton Pass Clause: Limit one Pokémon knowing Baton Pass
|rule|Sleep Clause Mod: Limit one foe put to sleep
|rule|Species Clause: Limit one of each Pokémon
|rule|OHKO Clause: OHKO moves are banned
|rule|Moody Clause: Moody is banned
|rule|Evasion Moves Clause: Evasion moves are banned
|rule|Endless Battle Clause: Forcing endless battles is banned
|rule|HP Percentage Mod: HP is shown in percentages
|teampreview
|
|start
|switch|p1a: Bunny|Lopunny, F|271\/271
|switch|p2a: Chansey|Chansey, F|642\/642
|turn|1
|
|switch|p2a: Cresselia|Cresselia, F|444\/444
|detailschange|p1a: Bunny|Lopunny-Mega, F
|-mega|p1a: Bunny|Lopunny|Lopunnite
|move|p1a: Bunny|High Jump Kick|p2a: Cresselia
|-resisted|p2a: Cresselia
|-damage|p2a: Cresselia|360\/444
|
|-heal|p2a: Cresselia|387\/444|[from] item: Leftovers
|turn|2
|
|switch|p1a: Tyrano|Tyranitar, M|403\/403
|-weather|Sandstorm
|switch|p2a: Sableye|Sableye, M|303\/303
|
|-weather|Sandstorm|[upkeep]
|-damage|p2a: Sableye|285\/303|[from] sandstorm
|turn|3
|
|switch|p1a: Slow Pr0|Slowbro, M|393\/393
|detailschange|p2a: Sableye|Sableye-Mega, M
|-mega|p2a: Sableye|Sableye|Sablenite
|move|p2a: Sableye|Will-O-Wisp|p1a: Slow Pr0|[miss]
|-miss|p2a: Sableye|p1a: Slow Pr0
|
|-weather|Sandstorm|[upkeep]
|-damage|p2a: Sableye|267\/303|[from] sandstorm
|-damage|p1a: Slow Pr0|369\/393|[from] sandstorm
|-heal|p1a: Slow Pr0|393\/393|[from] item: Leftovers
|turn|4
|c|★Alkov|......
|
|move|p2a: Sableye|Will-O-Wisp|p1a: Slow Pr0
|-status|p1a: Slow Pr0|brn
|move|p1a: Slow Pr0|Scald|p2a: Sableye
|-damage|p2a: Sableye|200\/303
|-status|p2a: Sableye|brn
|
|-weather|Sandstorm|[upkeep]
|-damage|p2a: Sableye|182\/303 brn|[from] sandstorm
|-damage|p1a: Slow Pr0|369\/393 brn|[from] sandstorm
|-heal|p1a: Slow Pr0|393\/393 brn|[from] item: Leftovers
|-damage|p2a: Sableye|145\/303 brn|[from] brn
|-damage|p1a: Slow Pr0|344\/393 brn|[from] brn
|turn|5
|
|switch|p1a: Bunny|Lopunny-Mega, F|271\/271
|move|p2a: Sableye|Recover|p2a: Sableye
|-heal|p2a: Sableye|297\/303 brn
|
|-weather|Sandstorm|[upkeep]
|-damage|p1a: Bunny|255\/271|[from] sandstorm
|-damage|p2a: Sableye|279\/303 brn|[from] sandstorm
|-damage|p2a: Sableye|242\/303 brn|[from] brn
|turn|6
|
|switch|p2a: Cresselia|Cresselia, F|387\/444
|move|p1a: Bunny|Frustration|p2a: Cresselia
|-damage|p2a: Cresselia|231\/444
|
|-weather|none
|-heal|p2a: Cresselia|258\/444|[from] item: Leftovers
|turn|7
|
|switch|p1a: Tyrano|Tyranitar, M|403\/403
|-weather|Sandstorm
|move|p2a: Cresselia|Moonlight|p2a: Cresselia
|-heal|p2a: Cresselia|369\/444
|
|-weather|Sandstorm|[upkeep]
|-damage|p2a: Cresselia|342\/444|[from] sandstorm
|-heal|p2a: Cresselia|369\/444|[from] item: Leftovers
|turn|8
|
|move|p1a: Tyrano|Pursuit|p2a: Cresselia|[from]Pursuit
|-supereffective|p2a: Cresselia
|-damage|p2a: Cresselia|57\/444
|switch|p2a: Skarmory|Skarmory, M|334\/334
|
|-weather|Sandstorm|[upkeep]
|turn|9
|
|switch|p1a: Slow Pr0|Slowbro, M|393\/393 brn
|move|p2a: Skarmory|Spikes|p1a: Slow Pr0
|-sidestart|p1: The Last Hero|Spikes
|
|-weather|Sandstorm|[upkeep]
|-damage|p1a: Slow Pr0|369\/393 brn|[from] sandstorm
|-heal|p1a: Slow Pr0|393\/393 brn|[from] item: Leftovers
|-damage|p1a: Slow Pr0|344\/393 brn|[from] brn
|turn|10
|
|switch|p2a: Chansey|Chansey, F|642\/642
|move|p1a: Slow Pr0|Trick Room|p1a: Slow Pr0
|-fieldstart|move: Trick Room|[of] p1a: Slow Pr0
|
|-weather|Sandstorm|[upkeep]
|-damage|p1a: Slow Pr0|320\/393 brn|[from] sandstorm
|-damage|p2a: Chansey|602\/642|[from] sandstorm
|-heal|p1a: Slow Pr0|344\/393 brn|[from] item: Leftovers
|-damage|p1a: Slow Pr0|295\/393 brn|[from] brn
|turn|11
|
|move|p1a: Slow Pr0|Scald|p2a: Chansey
|-damage|p2a: Chansey|556\/642
|-status|p2a: Chansey|brn
|move|p2a: Chansey|Stealth Rock|p1a: Slow Pr0
|-sidestart|p1: The Last Hero|move: Stealth Rock
|
|-weather|none
|-heal|p1a: Slow Pr0|319\/393 brn|[from] item: Leftovers
|-damage|p1a: Slow Pr0|270\/393 brn|[from] brn
|-damage|p2a: Chansey|476\/642 brn|[from] brn
|turn|12
|
|switch|p1a: Tyrano|Tyranitar, M|403\/403
|-damage|p1a: Tyrano|353\/403|[from] Spikes
|-damage|p1a: Tyrano|303\/403|[from] Stealth Rock
|-weather|Sandstorm
|move|p2a: Chansey|Aromatherapy|p2a: Chansey
|-cureteam|p2a: Chansey|[from] move: Aromatherapy
|
|-weather|Sandstorm|[upkeep]
|-damage|p2a: Chansey|436\/642|[from] sandstorm
|turn|13
|
|move|p1a: Tyrano|Crunch|p2a: Chansey
|-damage|p2a: Chansey|91\/642
|move|p2a: Chansey|Soft-Boiled|p2a: Chansey
|-heal|p2a: Chansey|412\/642
|
|-weather|Sandstorm|[upkeep]
|-damage|p2a: Chansey|372\/642|[from] sandstorm
|turn|14
|
|switch|p2a: Skarmory|Skarmory, M|334\/334
|move|p1a: Tyrano|Crunch|p2a: Skarmory
|-damage|p2a: Skarmory|192\/334
|
|-weather|Sandstorm|[upkeep]
|-fieldend|move: Trick Room
|turn|15
|
|move|p2a: Skarmory|Roost|p2a: Skarmory
|-heal|p2a: Skarmory|334\/334
|move|p1a: Tyrano|Crunch|p2a: Skarmory
|-damage|p2a: Skarmory|187\/334
|
|-weather|Sandstorm|[upkeep]
|turn|16
|
|switch|p2a: Cresselia|Cresselia, F|57\/444
|move|p1a: Tyrano|Crunch|p2a: Cresselia
|-supereffective|p2a: Cresselia
|-damage|p2a: Cresselia|0 fnt
|faint|p2a: Cresselia
|
|-weather|none
|
|switch|p2a: Sableye|Sableye-Mega, M|242\/303
|turn|17
|
|switch|p1a: Slow Pr0|Slowbro, M|393\/393 brn
|-damage|p1a: Slow Pr0|344\/393 brn|[from] Stealth Rock
|-damage|p1a: Slow Pr0|295\/393 brn|[from] Spikes
|move|p2a: Sableye|Will-O-Wisp|p1a: Slow Pr0
|-fail|p1a: Slow Pr0|brn
|
|-heal|p1a: Slow Pr0|319\/393 brn|[from] item: Leftovers
|-damage|p1a: Slow Pr0|270\/393 brn|[from] brn
|turn|18
|
|switch|p2a: Chansey|Chansey, F|372\/642
|move|p1a: Slow Pr0|Scald|p2a: Chansey
|-damage|p2a: Chansey|321\/642
|
|-heal|p1a: Slow Pr0|294\/393 brn|[from] item: Leftovers
|-damage|p1a: Slow Pr0|245\/393 brn|[from] brn
|turn|19
|
|switch|p1a: Bunny|Lopunny-Mega, F|255\/271
|-damage|p1a: Bunny|222\/271|[from] Spikes
|-damage|p1a: Bunny|206\/271|[from] Stealth Rock
|move|p2a: Chansey|Soft-Boiled|p2a: Chansey
|-heal|p2a: Chansey|642\/642
|
|turn|20
|
|switch|p2a: Quagsire|Quagsire, M|394\/394
|move|p1a: Bunny|High Jump Kick|p2a: Quagsire
|-crit|p2a: Quagsire
|-damage|p2a: Quagsire|61\/394
|
|-heal|p2a: Quagsire|85\/394|[from] item: Leftovers
|turn|21
|c|★Alkov|zzzzzzzz
|
|move|p1a: Bunny|Frustration|p2a: Quagsire
|-damage|p2a: Quagsire|0 fnt
|faint|p2a: Quagsire
|
|
|switch|p2a: Gothitelle|Gothitelle, F|301\/301
|turn|22
|
|move|p2a: Gothitelle|Psyshock|p1a: Bunny
|-supereffective|p1a: Bunny
|-damage|p1a: Bunny|0 fnt
|faint|p1a: Bunny
|
|
|switch|p1a: Tyrano|Tyranitar, M|303\/403
|-damage|p1a: Tyrano|253\/403|[from] Spikes
|-damage|p1a: Tyrano|203\/403|[from] Stealth Rock
|-weather|Sandstorm
|turn|23
|
|switch|p2a: Skarmory|Skarmory, M|187\/334
|move|p1a: Tyrano|Crunch|p2a: Skarmory
|-damage|p2a: Skarmory|61\/334
|
|-weather|Sandstorm|[upkeep]
|turn|24
|
|move|p2a: Skarmory|Roost|p2a: Skarmory
|-heal|p2a: Skarmory|228\/334
|move|p1a: Tyrano|Crunch|p2a: Skarmory
|-damage|p2a: Skarmory|99\/334
|
|-weather|Sandstorm|[upkeep]
|turn|25
|
|move|p2a: Skarmory|Roost|p2a: Skarmory
|-heal|p2a: Skarmory|266\/334
|move|p1a: Tyrano|Crunch|p2a: Skarmory
|-damage|p2a: Skarmory|133\/334
|-unboost|p2a: Skarmory|def|1
|
|-weather|Sandstorm|[upkeep]
|turn|26
|
|switch|p2a: Gothitelle|Gothitelle, F|301\/301
|move|p1a: Tyrano|Crunch|p2a: Gothitelle
|-supereffective|p2a: Gothitelle
|-damage|p2a: Gothitelle|0 fnt
|faint|p2a: Gothitelle
|
|-weather|Sandstorm|[upkeep]
|
|switch|p2a: Sableye|Sableye-Mega, M|242\/303
|turn|27
|
|move|p1a: Tyrano|Crunch|p2a: Sableye
|-damage|p2a: Sableye|59\/303
|move|p2a: Sableye|Will-O-Wisp|p1a: Tyrano
|-status|p1a: Tyrano|brn
|
|-weather|none
|-damage|p1a: Tyrano|153\/403 brn|[from] brn
|turn|28
|
|switch|p1a: Mr. Alga|Dragalge, M|333\/333
|-damage|p1a: Mr. Alga|292\/333|[from] Spikes
|-damage|p1a: Mr. Alga|251\/333|[from] Stealth Rock
|switch|p2a: Skarmory|Skarmory, M|133\/334
|
|turn|29
|
|switch|p2a: Chansey|Chansey, F|642\/642
|move|p1a: Mr. Alga|Focus Blast|p2a: Chansey
|-supereffective|p2a: Chansey
|-damage|p2a: Chansey|430\/642
|
|turn|30
|
|switch|p1a: Tyrano|Tyranitar, M|153\/403 brn
|-damage|p1a: Tyrano|103\/403 brn|[from] Stealth Rock
|-damage|p1a: Tyrano|53\/403 brn|[from] Spikes
|-weather|Sandstorm
|move|p2a: Chansey|Soft-Boiled|p2a: Chansey
|-heal|p2a: Chansey|642\/642
|
|-weather|Sandstorm|[upkeep]
|-damage|p2a: Chansey|602\/642|[from] sandstorm
|-damage|p1a: Tyrano|3\/403 brn|[from] brn
|turn|31
|
|move|p2a: Chansey|Soft-Boiled|p2a: Chansey
|-heal|p2a: Chansey|642\/642
|move|p1a: Tyrano|Superpower|p2a: Chansey
|-supereffective|p2a: Chansey
|-damage|p2a: Chansey|348\/642
|-unboost|p1a: Tyrano|atk|1
|-unboost|p1a: Tyrano|def|1
|
|-weather|Sandstorm|[upkeep]
|-damage|p2a: Chansey|308\/642|[from] sandstorm
|-damage|p1a: Tyrano|0 fnt|[from] brn
|faint|p1a: Tyrano
|
|switch|p1a: Sexcadrill|Excadrill, M|361\/361
|-damage|p1a: Sexcadrill|350\/361|[from] Stealth Rock
|-item|p1a: Sexcadrill|Air Balloon
|turn|32
|
|switch|p2a: Skarmory|Skarmory, M|133\/334
|move|p1a: Sexcadrill|Swords Dance|p1a: Sexcadrill
|-boost|p1a: Sexcadrill|atk|2
|
|-weather|Sandstorm|[upkeep]
|turn|33
|
|move|p1a: Sexcadrill|Rock Slide|p2a: Skarmory
|-damage|p2a: Skarmory|13\/334
|cant|p2a: Skarmory|flinch
|
|-weather|Sandstorm|[upkeep]
|turn|34
|c|★Alkov|zzzzz
|c|★Alkov|are you serious
|c|★Alkov|flinch
|c|★Alkov|oml
|
|move|p1a: Sexcadrill|Iron Head|p2a: Skarmory
|-crit|p2a: Skarmory
|-resisted|p2a: Skarmory
|-damage|p2a: Skarmory|0 fnt
|faint|p2a: Skarmory
|
|-weather|none
|-message|Alkov forfeited.
|
|win|The Last Hero
|raw|Ladder updating...
|leave|Alkov
|player|p2
|raw|The Last Hero's rating: 1638 &rarr; <strong>1655<\/strong><br \/>(+17 for winning)
|raw|Alkov's rating: 1588 &rarr; <strong>1571<\/strong><br \/>(-17 for losing)