|join|The Last Hero
|join|Flexxen
|player|p1|The Last Hero|54
|player|p2|Flexxen|170
|gametype|singles
|gen|6
|tier|OU
|rated
|clearpoke
|poke|p1|Lopunny, F
|poke|p1|Slowbro, M
|poke|p1|Bronzong, shiny
|poke|p1|Tyranitar, M
|poke|p1|Dragalge, M
|poke|p1|Excadrill, M
|poke|p2|Altaria, F
|poke|p2|Ferrothorn, F
|poke|p2|Talonflame, M
|poke|p2|Starmie
|poke|p2|Landorus-Therian, M
|poke|p2|Thundurus, M
|rule|Swagger Clause: Swagger is banned
|rule|Baton Pass Clause: Limit one Pokémon knowing Baton Pass
|rule|Sleep Clause Mod: Limit one foe put to sleep
|rule|Species Clause: Limit one of each Pokémon
|rule|OHKO Clause: OHKO moves are banned
|rule|Moody Clause: Moody is banned
|rule|Evasion Moves Clause: Evasion moves are banned
|rule|Endless Battle Clause: Forcing endless battles is banned
|rule|HP Percentage Mod: HP is shown in percentages
|teampreview
|
|start
|switch|p1a: Bunny|Lopunny, F|271\/271
|switch|p2a: Altaria|Altaria, F|353\/353
|turn|1
|
|detailschange|p1a: Bunny|Lopunny-Mega, F
|-mega|p1a: Bunny|Lopunny|Lopunnite
|detailschange|p2a: Altaria|Altaria-Mega, F
|-mega|p2a: Altaria|Altaria|Altarianite
|move|p1a: Bunny|Fake Out|p2a: Altaria
|-damage|p2a: Altaria|296\/353
|cant|p2a: Altaria|flinch
|
|turn|2
|
|switch|p1a: Hell Bell|Bronzong, shiny|337\/337
|move|p2a: Altaria|Hyper Voice|p1a: Hell Bell
|-resisted|p1a: Hell Bell
|-damage|p1a: Hell Bell|286\/337
|
|-heal|p1a: Hell Bell|307\/337|[from] item: Leftovers
|turn|3
|
|switch|p2a: Starmie|Starmie|323\/323
|move|p1a: Hell Bell|Stealth Rock|p2a: Starmie
|-sidestart|p2: Flexxen|move: Stealth Rock
|
|-heal|p1a: Hell Bell|328\/337|[from] item: Leftovers
|turn|4
|
|move|p2a: Starmie|Rapid Spin|p1a: Hell Bell
|-resisted|p1a: Hell Bell
|-damage|p1a: Hell Bell|322\/337
|-sideend|p2: Flexxen|Stealth Rock|[from] move: Rapid Spin|[of] p2a: Starmie
|move|p1a: Hell Bell|Trick Room|p1a: Hell Bell
|-fieldstart|move: Trick Room|[of] p1a: Hell Bell
|
|-heal|p1a: Hell Bell|337\/337|[from] item: Leftovers
|turn|5
|
|move|p1a: Hell Bell|Stealth Rock|p2a: Starmie
|-sidestart|p2: Flexxen|move: Stealth Rock
|move|p2a: Starmie|Scald|p1a: Hell Bell
|-damage|p1a: Hell Bell|274\/337
|
|-heal|p1a: Hell Bell|295\/337|[from] item: Leftovers
|turn|6
|
|switch|p1a: Tyrano|Tyranitar, M|403\/403
|-weather|Sandstorm
|move|p2a: Starmie|Rapid Spin|p1a: Tyrano
|-resisted|p1a: Tyrano
|-damage|p1a: Tyrano|398\/403
|-sideend|p2: Flexxen|Stealth Rock|[from] move: Rapid Spin|[of] p2a: Starmie
|
|-weather|Sandstorm|[upkeep]
|-damage|p2a: Starmie|303\/323|[from] sandstorm
|-heal|p2a: Starmie|323\/323|[from] item: Leftovers
|turn|7
|
|switch|p2a: Landorus-Therian|Landorus-Therian, M|319\/319
|-ability|p2a: Landorus-Therian|Intimidate|[of] p1a: Tyrano
|-unboost|p1a: Tyrano|atk|1
|move|p1a: Tyrano|Crunch|p2a: Landorus-Therian
|-damage|p2a: Landorus-Therian|138\/319
|
|-weather|Sandstorm|[upkeep]
|turn|8
|
|switch|p1a: Slow Pr0|Slowbro, M|393\/393
|switch|p2a: Altaria|Altaria-Mega, F|296\/353
|
|-weather|Sandstorm|[upkeep]
|-damage|p1a: Slow Pr0|369\/393|[from] sandstorm
|-damage|p2a: Altaria|274\/353|[from] sandstorm
|-heal|p1a: Slow Pr0|393\/393|[from] item: Leftovers
|-fieldend|move: Trick Room
|turn|9
|
|move|p2a: Altaria|Hyper Voice|p1a: Slow Pr0
|-crit|p1a: Slow Pr0
|-damage|p1a: Slow Pr0|125\/393
|move|p1a: Slow Pr0|Trick Room|p1a: Slow Pr0
|-fieldstart|move: Trick Room|[of] p1a: Slow Pr0
|
|-weather|Sandstorm|[upkeep]
|-damage|p1a: Slow Pr0|101\/393|[from] sandstorm
|-damage|p2a: Altaria|252\/353|[from] sandstorm
|-heal|p1a: Slow Pr0|125\/393|[from] item: Leftovers
|turn|10
|
|switch|p1a: Hell Bell|Bronzong, shiny|295\/337
|move|p2a: Altaria|Hyper Voice|p1a: Hell Bell
|-resisted|p1a: Hell Bell
|-damage|p1a: Hell Bell|244\/337
|
|-weather|none
|-heal|p1a: Hell Bell|265\/337|[from] item: Leftovers
|turn|11
|
|switch|p1a: Tyrano|Tyranitar, M|398\/403
|-weather|Sandstorm
|move|p2a: Altaria|Fire Blast|p1a: Tyrano
|-resisted|p1a: Tyrano
|-damage|p1a: Tyrano|366\/403
|
|-weather|Sandstorm|[upkeep]
|-damage|p2a: Altaria|230\/353|[from] sandstorm
|turn|12
|
|switch|p2a: Ferrothorn|Ferrothorn, F|352\/352
|move|p1a: Tyrano|Superpower|p2a: Ferrothorn
|-supereffective|p2a: Ferrothorn
|-damage|p2a: Ferrothorn|54\/352
|-damage|p1a: Tyrano|316\/403|[from] ability: Iron Barbs|[of] p2a: Ferrothorn
|-unboost|p1a: Tyrano|atk|1
|-unboost|p1a: Tyrano|def|1
|
|-weather|Sandstorm|[upkeep]
|-heal|p2a: Ferrothorn|76\/352|[from] item: Leftovers
|turn|13
|
|switch|p1a: Slow Pr0|Slowbro, M|256\/393
|move|p2a: Ferrothorn|Gyro Ball|p1a: Slow Pr0
|-resisted|p1a: Slow Pr0
|-damage|p1a: Slow Pr0|244\/393
|
|-weather|Sandstorm|[upkeep]
|-damage|p1a: Slow Pr0|220\/393|[from] sandstorm
|-heal|p2a: Ferrothorn|98\/352|[from] item: Leftovers
|-heal|p1a: Slow Pr0|244\/393|[from] item: Leftovers
|-fieldend|move: Trick Room
|turn|14
|
|move|p1a: Slow Pr0|Flamethrower|p2a: Ferrothorn
|-supereffective|p2a: Ferrothorn
|-damage|p2a: Ferrothorn|0 fnt
|faint|p2a: Ferrothorn
|
|-weather|Sandstorm|[upkeep]
|-damage|p1a: Slow Pr0|220\/393|[from] sandstorm
|-heal|p1a: Slow Pr0|244\/393|[from] item: Leftovers
|
|switch|p2a: Thundurus|Thundurus, M|299\/299
|turn|15
|
|switch|p1a: Bunny|Lopunny-Mega, F|271\/271
|move|p2a: Thundurus|Thunderbolt|p1a: Bunny
|-crit|p1a: Bunny
|-damage|p1a: Bunny|0 fnt
|-damage|p2a: Thundurus|270\/299|[from] item: Life Orb
|faint|p1a: Bunny
|
|-weather|none
|
|switch|p1a: Mr. Alga|Dragalge, M|333\/333
|turn|16
|
|switch|p2a: Talonflame|Talonflame, M|359\/359
|move|p1a: Mr. Alga|Sludge Bomb|p2a: Talonflame
|-crit|p2a: Talonflame
|-damage|p2a: Talonflame|0 fnt
|faint|p2a: Talonflame
|
|
|switch|p2a: Landorus-Therian|Landorus-Therian, M|138\/319
|-ability|p2a: Landorus-Therian|Intimidate|[of] p1a: Mr. Alga
|-unboost|p1a: Mr. Alga|atk|1
|turn|17
|
|move|p2a: Landorus-Therian|Knock Off|p1a: Mr. Alga
|-damage|p1a: Mr. Alga|194\/333
|-enditem|p1a: Mr. Alga|Choice Specs|[from] move: Knock Off|[of] p2a: Landorus-Therian
|move|p1a: Mr. Alga|Sludge Bomb|p2a: Landorus-Therian
|-resisted|p2a: Landorus-Therian
|-damage|p2a: Landorus-Therian|27\/319
|-status|p2a: Landorus-Therian|psn
|
|-damage|p2a: Landorus-Therian|0 fnt|[from] psn
|faint|p2a: Landorus-Therian
|
|switch|p2a: Altaria|Altaria-Mega, F|230\/353
|turn|18
|
|switch|p1a: Slow Pr0|Slowbro, M|375\/393
|move|p2a: Altaria|Earthquake|p1a: Slow Pr0
|-damage|p1a: Slow Pr0|319\/393
|
|-heal|p1a: Slow Pr0|343\/393|[from] item: Leftovers
|turn|19
|
|move|p2a: Altaria|Hyper Voice|p1a: Slow Pr0
|-damage|p1a: Slow Pr0|169\/393
|move|p1a: Slow Pr0|Trick Room|p1a: Slow Pr0
|-fieldstart|move: Trick Room|[of] p1a: Slow Pr0
|
|-heal|p1a: Slow Pr0|193\/393|[from] item: Leftovers
|turn|20
|
|move|p1a: Slow Pr0|Psyshock|p2a: Altaria
|-crit|p2a: Altaria
|-damage|p2a: Altaria|124\/353
|move|p2a: Altaria|Hyper Voice|p1a: Slow Pr0
|-damage|p1a: Slow Pr0|19\/393
|
|-heal|p1a: Slow Pr0|43\/393|[from] item: Leftovers
|turn|21
|
|switch|p1a: Mr. Alga|Dragalge, M|194\/333
|move|p2a: Altaria|Roost|p2a: Altaria
|-heal|p2a: Altaria|301\/353
|
|turn|22
|
|switch|p2a: Starmie|Starmie|323\/323
|move|p1a: Mr. Alga|Sludge Bomb|p2a: Starmie
|-damage|p2a: Starmie|89\/323
|
|-heal|p2a: Starmie|109\/323|[from] item: Leftovers
|turn|23
|
|move|p1a: Mr. Alga|Sludge Bomb|p2a: Starmie
|-damage|p2a: Starmie|0 fnt
|faint|p2a: Starmie
|
|-fieldend|move: Trick Room
|
|switch|p2a: Altaria|Altaria-Mega, F|301\/353
|turn|24
|
|switch|p1a: Slow Pr0|Slowbro, M|174\/393
|move|p2a: Altaria|Hyper Voice|p1a: Slow Pr0
|-damage|p1a: Slow Pr0|0 fnt
|faint|p1a: Slow Pr0
|
|
|switch|p1a: Hell Bell|Bronzong, shiny|265\/337
|turn|25
|
|move|p2a: Altaria|Fire Blast|p1a: Hell Bell
|-supereffective|p1a: Hell Bell
|-damage|p1a: Hell Bell|145\/337
|-status|p1a: Hell Bell|brn
|move|p1a: Hell Bell|Trick Room|p1a: Hell Bell
|-fieldstart|move: Trick Room|[of] p1a: Hell Bell
|
|-heal|p1a: Hell Bell|166\/337 brn|[from] item: Leftovers
|-damage|p1a: Hell Bell|124\/337 brn|[from] brn
|turn|26
|
|switch|p1a: Tyrano|Tyranitar, M|316\/403
|-weather|Sandstorm
|move|p2a: Altaria|Earthquake|p1a: Tyrano
|-supereffective|p1a: Tyrano
|-damage|p1a: Tyrano|144\/403
|
|-weather|Sandstorm|[upkeep]
|-damage|p2a: Altaria|279\/353|[from] sandstorm
|turn|27
|
|move|p1a: Tyrano|Stone Edge|p2a: Altaria
|-damage|p2a: Altaria|62\/353
|move|p2a: Altaria|Roost|p2a: Altaria
|-heal|p2a: Altaria|239\/353
|
|-weather|Sandstorm|[upkeep]
|-damage|p2a: Altaria|217\/353|[from] sandstorm
|turn|28
|
|move|p1a: Tyrano|Stone Edge|p2a: Altaria
|-damage|p2a: Altaria|12\/353
|move|p2a: Altaria|Hyper Voice|p1a: Tyrano
|-supereffective|p1a: Tyrano
|-damage|p1a: Tyrano|0 fnt
|faint|p1a: Tyrano
|
|-weather|Sandstorm|[upkeep]
|-damage|p2a: Altaria|0 fnt|[from] sandstorm
|faint|p2a: Altaria
|leave|The Last Hero
|
|switch|p2a: Thundurus|Thundurus, M|270\/299
|switch|p1a: Mr. Alga|Dragalge, M|194\/333
|turn|29
|player|p1
|join|The Last Hero
|player|p1|The Last Hero|54
|leave|The Last Hero
|player|p1
|join|The Last Hero
|player|p1|The Last Hero|54
|
|move|p1a: Mr. Alga|Sludge Bomb|p2a: Thundurus
|-damage|p2a: Thundurus|34\/299
|move|p2a: Thundurus|Hidden Power|p1a: Mr. Alga
|-supereffective|p1a: Mr. Alga
|-damage|p1a: Mr. Alga|46\/333
|-damage|p2a: Thundurus|5\/299|[from] item: Life Orb
|
|-weather|Sandstorm|[upkeep]
|-damage|p1a: Mr. Alga|26\/333|[from] sandstorm
|-damage|p2a: Thundurus|0 fnt|[from] sandstorm
|-fieldend|move: Trick Room
|faint|p2a: Thundurus
|
|win|The Last Hero
|raw|Ladder updating...
|c|★Flexxen|gg
|raw|The Last Hero's rating: 1669 &rarr; <strong>1684<\/strong><br \/>(+15 for winning)
|raw|Flexxen's rating: 1591 &rarr; <strong>1576<\/strong><br \/>(-15 for losing)
|c|★The Last Hero|gg
|leave|Flexxen