|join|The Last Hero
|join|bluri
|player|p1|The Last Hero|54
|player|p2|bluri|190
|gametype|singles
|gen|6
|tier|OU
|rated
|clearpoke
|poke|p1|Lopunny, F
|poke|p1|Slowbro, M
|poke|p1|Bronzong, shiny
|poke|p1|Tyranitar, M
|poke|p1|Dragalge, M
|poke|p1|Excadrill, M
|poke|p2|Volcarona, M
|poke|p2|Tyranitar, M
|poke|p2|Landorus, M
|poke|p2|Gardevoir, F
|poke|p2|Ferrothorn, M
|poke|p2|Starmie
|rule|Swagger Clause: Swagger is banned
|rule|Baton Pass Clause: Limit one Pokémon knowing Baton Pass
|rule|Sleep Clause Mod: Limit one foe put to sleep
|rule|Species Clause: Limit one of each Pokémon
|rule|OHKO Clause: OHKO moves are banned
|rule|Moody Clause: Moody is banned
|rule|Evasion Moves Clause: Evasion moves are banned
|rule|Endless Battle Clause: Forcing endless battles is banned
|rule|HP Percentage Mod: HP is shown in percentages
|teampreview
|join|bauer.............
|c| bauer.............|blu
|c| bauer.............|bisharp mit 52 speed evs is gut oder
|join|El Erzo
|c| bauer.............|um mit +2 wuajutsu zu outspeeden
|c| bauer.............|im bp team
|c|★bluri|bist du ein unterentwickjeltes kleines miststück was nicht genug aufmerksamkeit bekommen hat?!
|c|★bluri|Halt einfach
|c|★bluri|deine verfciekte Fresse
|c| bauer.............|er mag mich
|c|★bluri|Selbst bei der Selbstmordhotline würden se bei dir auflegen
|c| bauer.............|dat punchline
|c| bauer.............|rofl
|
|start
|switch|p1a: Bunny|Lopunny, F|271\/271
|switch|p2a: Starmie|Starmie|324\/324
|turn|1
|leave|bauer.............
|
|detailschange|p1a: Bunny|Lopunny-Mega, F
|-mega|p1a: Bunny|Lopunny|Lopunnite
|move|p1a: Bunny|Fake Out|p2a: Starmie
|-damage|p2a: Starmie|260\/324
|cant|p2a: Starmie|flinch
|
|-heal|p2a: Starmie|280\/324|[from] item: Leftovers
|turn|2
|
|switch|p1a: Mr. Alga|Dragalge, M|333\/333
|move|p2a: Starmie|Recover|p2a: Starmie
|-heal|p2a: Starmie|324\/324
|
|turn|3
|
|switch|p2a: Gardevoir|Gardevoir, F|277\/277
|move|p1a: Mr. Alga|Focus Blast|p2a: Gardevoir
|-resisted|p2a: Gardevoir
|-damage|p2a: Gardevoir|238\/277
|
|turn|4
|
|switch|p2a: Volcarona|Volcarona, M|311\/311
|switch|p1a: Hell Bell|Bronzong, shiny|337\/337
|
|turn|5
|
|move|p2a: Volcarona|Bug Buzz|p1a: Hell Bell
|-damage|p1a: Hell Bell|216\/337
|move|p1a: Hell Bell|Trick Room|p1a: Hell Bell
|-fieldstart|move: Trick Room|[of] p1a: Hell Bell
|
|-heal|p1a: Hell Bell|237\/337|[from] item: Leftovers
|turn|6
|
|switch|p1a: Mr. Alga|Dragalge, M|333\/333
|move|p2a: Volcarona|Fire Blast|p1a: Mr. Alga
|-resisted|p1a: Mr. Alga
|-damage|p1a: Mr. Alga|237\/333
|
|turn|7
|join|bauer.............
|
|switch|p2a: Ferrothorn|Ferrothorn, M|352\/352
|move|p1a: Mr. Alga|Hidden Power|p2a: Ferrothorn
|-supereffective|p2a: Ferrothorn
|-damage|p2a: Ferrothorn|88\/352
|
|-heal|p2a: Ferrothorn|110\/352|[from] item: Leftovers
|turn|8
|
|switch|p2a: Tyranitar|Tyranitar, M|341\/341
|-weather|Sandstorm
|switch|p1a: Sexcadrill|Excadrill, M|361\/361
|-item|p1a: Sexcadrill|Air Balloon
|
|-weather|Sandstorm|[upkeep]
|turn|9
|
|switch|p2a: Ferrothorn|Ferrothorn, M|110\/352
|move|p1a: Sexcadrill|Swords Dance|p1a: Sexcadrill
|-boost|p1a: Sexcadrill|atk|2
|
|-weather|Sandstorm|[upkeep]
|-heal|p2a: Ferrothorn|132\/352|[from] item: Leftovers
|-fieldend|move: Trick Room
|turn|10
|
|switch|p2a: Landorus|Landorus, M|319\/319
|move|p1a: Sexcadrill|Earthquake|p2a: Landorus
|-immune|p2a: Landorus|[msg]
|
|-weather|Sandstorm|[upkeep]
|turn|11
|
|switch|p2a: Volcarona|Volcarona, M|311\/311
|move|p1a: Sexcadrill|Iron Head|p2a: Volcarona
|-resisted|p2a: Volcarona
|-damage|p2a: Volcarona|80\/311
|
|-weather|Sandstorm|[upkeep]
|-damage|p2a: Volcarona|61\/311|[from] sandstorm
|-heal|p2a: Volcarona|80\/311|[from] item: Leftovers
|turn|12
|
|switch|p2a: Starmie|Starmie|324\/324
|move|p1a: Sexcadrill|Earthquake|p2a: Starmie
|-damage|p2a: Starmie|0 fnt
|faint|p2a: Starmie
|
|-weather|none
|
|switch|p2a: Landorus|Landorus, M|319\/319
|turn|13
|
|switch|p2a: Volcarona|Volcarona, M|80\/311
|switch|p1a: Slow Pr0|Slowbro, M|393\/393
|
|-heal|p2a: Volcarona|99\/311|[from] item: Leftovers
|turn|14
|
|move|p2a: Volcarona|Bug Buzz|p1a: Slow Pr0
|-supereffective|p1a: Slow Pr0
|-damage|p1a: Slow Pr0|0 fnt
|faint|p1a: Slow Pr0
|
|-heal|p2a: Volcarona|118\/311|[from] item: Leftovers
|
|switch|p1a: Bunny|Lopunny-Mega, F|271\/271
|turn|15
|
|switch|p2a: Ferrothorn|Ferrothorn, M|132\/352
|move|p1a: Bunny|Frustration|p2a: Ferrothorn
|-resisted|p2a: Ferrothorn
|-damage|p2a: Ferrothorn|66\/352
|-damage|p1a: Bunny|238\/271|[from] ability: Iron Barbs|[of] p2a: Ferrothorn
|
|-heal|p2a: Ferrothorn|88\/352|[from] item: Leftovers
|turn|16
|
|move|p1a: Bunny|Frustration|p2a: Ferrothorn
|-resisted|p2a: Ferrothorn
|-damage|p2a: Ferrothorn|12\/352
|-damage|p1a: Bunny|205\/271|[from] ability: Iron Barbs|[of] p2a: Ferrothorn
|move|p2a: Ferrothorn|Stealth Rock|p1a: Bunny
|-sidestart|p1: The Last Hero|move: Stealth Rock
|
|-heal|p2a: Ferrothorn|34\/352|[from] item: Leftovers
|turn|17
|
|move|p1a: Bunny|Frustration|p2a: Ferrothorn
|-resisted|p2a: Ferrothorn
|-damage|p2a: Ferrothorn|0 fnt
|-damage|p1a: Bunny|172\/271|[from] ability: Iron Barbs|[of] p2a: Ferrothorn
|faint|p2a: Ferrothorn
|
|
|switch|p2a: Landorus|Landorus, M|319\/319
|turn|18
|
|move|p1a: Bunny|Ice Punch|p2a: Landorus
|-supereffective|p2a: Landorus
|-damage|p2a: Landorus|0 fnt
|faint|p2a: Landorus
|
|c| El Erzo|du brauchst was gegen schlapor so common wie das jzt ist
|c| El Erzo|:I
|c|★bluri|jupp
|
|switch|p2a: Gardevoir|Gardevoir, F|238\/277
|turn|19
|join|XxRayxX
|
|detailschange|p2a: Gardevoir|Gardevoir-Mega, F
|-mega|p2a: Gardevoir|Gardevoir|Gardevoirite
|move|p1a: Bunny|Frustration|p2a: Gardevoir
|-damage|p2a: Gardevoir|0 fnt
|faint|p2a: Gardevoir
|
|
|switch|p2a: Tyranitar|Tyranitar, M|341\/341
|-weather|Sandstorm
|turn|20
|c| El Erzo|scarf garde mega ttar könntest du machen :D
|
|switch|p2a: Volcarona|Volcarona, M|118\/311
|move|p1a: Bunny|High Jump Kick|p2a: Volcarona
|-resisted|p2a: Volcarona
|-damage|p2a: Volcarona|0 fnt
|-status|p1a: Bunny|brn
|faint|p2a: Volcarona
|
|-weather|Sandstorm|[upkeep]
|-damage|p1a: Bunny|156\/271 brn|[from] sandstorm
|-damage|p1a: Bunny|123\/271 brn|[from] brn
|c| El Erzo|als bluff
|c|★bluri|jo wär ne alternative :D
|
|switch|p2a: Tyranitar|Tyranitar, M|341\/341
|turn|21
|
|move|p1a: Bunny|High Jump Kick|p2a: Tyranitar
|-supereffective|p2a: Tyranitar
|-damage|p2a: Tyranitar|0 fnt
|faint|p2a: Tyranitar
|
|win|The Last Hero
|raw|Ladder updating...
|raw|The Last Hero's rating: 1684 &rarr; <strong>1699<\/strong><br \/>(+15 for winning)
|raw|bluri's rating: 1602 &rarr; <strong>1586<\/strong><br \/>(-16 for losing)
|c|★bluri|gg
|c| El Erzo|oder sash ^^
|leave|bluri