|join|SacredShadow
|join|qqqqw
|player|p1|SacredShadow|126
|player|p2|qqqqw|52
|gametype|singles
|gen|6
|tier|OU
|rated
|clearpoke
|poke|p1|Beedrill, F, shiny
|poke|p1|Rotom-Wash
|poke|p1|Latios, M
|poke|p1|Greninja, F, shiny
|poke|p1|Ferrothorn, M
|poke|p1|Landorus-Therian, M
|poke|p2|Abomasnow, M
|poke|p2|Smeargle, F
|poke|p2|Steelix, M
|poke|p2|Clefable, M
|poke|p2|Espeon, F
|poke|p2|Gliscor, F
|rule|Swagger Clause: Swagger is banned
|rule|Baton Pass Clause: Limit one Pokémon knowing Baton Pass
|rule|Sleep Clause Mod: Limit one foe put to sleep
|rule|Species Clause: Limit one of each Pokémon
|rule|OHKO Clause: OHKO moves are banned
|rule|Moody Clause: Moody is banned
|rule|Evasion Moves Clause: Evasion moves are banned
|rule|Endless Battle Clause: Forcing endless battles is banned
|rule|HP Percentage Mod: HP is shown in percentages
|teampreview
|
|start
|switch|p1a: Beedrill|Beedrill, F, shiny|272\/272
|switch|p2a: Espeon|Espeon, F|272\/272
|turn|1
|
|detailschange|p1a: Beedrill|Beedrill-Mega, F, shiny
|message|Beedrill has Mega Evolved into Mega Beedrill!
|move|p1a: Beedrill|Protect|p1a: Beedrill
|-singleturn|p1a: Beedrill|Protect
|move|p2a: Espeon|Psychic|p1a: Beedrill
|-activate|p1a: Beedrill|Protect
|
|turn|2
|
|switch|p2a: Steelix|Steelix, M|354\/354
|move|p1a: Beedrill|U-turn|p2a: Steelix
|-resisted|p2a: Steelix
|-damage|p2a: Steelix|293\/354
|
|switch|p1a: Rotom-Wash|Rotom-Wash|304\/304
|
|-heal|p2a: Steelix|315\/354|[from] item: Leftovers
|turn|3
|
|switch|p2a: Abomasnow|Abomasnow, M|384\/384
|-weather|Hail
|move|p1a: Rotom-Wash|Will-O-Wisp|p2a: Abomasnow
|-status|p2a: Abomasnow|brn
|
|-weather|Hail|[upkeep]
|-damage|p1a: Rotom-Wash|285\/304|[from] hail
|-heal|p1a: Rotom-Wash|304\/304|[from] item: Leftovers
|-damage|p2a: Abomasnow|336\/384 brn|[from] brn
|turn|4
|
|switch|p1a: Ferrothorn|Ferrothorn, M|352\/352
|detailschange|p2a: Abomasnow|Abomasnow-Mega, M
|message|Abomasnow has Mega Evolved into Mega Abomasnow!
|move|p2a: Abomasnow|Blizzard|p1a: Ferrothorn
|-damage|p1a: Ferrothorn|198\/352
|
|-weather|Hail|[upkeep]
|-damage|p1a: Ferrothorn|176\/352|[from] hail
|-damage|p2a: Abomasnow|288\/384 brn|[from] brn
|turn|5
|
|move|p2a: Abomasnow|Blizzard|p1a: Ferrothorn
|-crit|p1a: Ferrothorn
|-damage|p1a: Ferrothorn|0 fnt
|faint|p1a: Ferrothorn
|
|-weather|Hail|[upkeep]
|-damage|p2a: Abomasnow|240\/384 brn|[from] brn
|c|★SacredShadow|a crit...
|
|switch|p1a: Beedrill|Beedrill-Mega, F, shiny|272\/272
|turn|6
|
|switch|p2a: Gliscor|Gliscor, F|344\/344
|move|p1a: Beedrill|U-turn|p2a: Gliscor
|-resisted|p2a: Gliscor
|-damage|p2a: Gliscor|274\/344
|
|switch|p1a: Greninja|Greninja, F, shiny|285\/285
|
|-weather|Hail|[upkeep]
|-damage|p1a: Greninja|268\/285|[from] hail
|-damage|p2a: Gliscor|253\/344|[from] hail
|-status|p2a: Gliscor|tox|[from] item: Toxic Orb
|turn|7
|
|switch|p2a: Clefable|Clefable, M|394\/394
|move|p1a: Greninja|Ice Beam|p2a: Clefable
|-start|p1a: Greninja|typechange|Ice|[from] Protean
|-damage|p2a: Clefable|230\/394
|-damage|p1a: Greninja|240\/285|[from] item: Life Orb
|
|-weather|none
|turn|8
|
|move|p2a: Clefable|Protect|p2a: Clefable
|-singleturn|p2a: Clefable|Protect
|move|p1a: Greninja|Gunk Shot|p2a: Clefable
|-start|p1a: Greninja|typechange|Poison|[from] Protean
|-activate|p2a: Clefable|Protect
|
|turn|9
|
|switch|p2a: Gliscor|Gliscor, F|253\/344 tox
|move|p1a: Greninja|Hydro Pump|p2a: Gliscor
|-start|p1a: Greninja|typechange|Water|[from] Protean
|-supereffective|p2a: Gliscor
|-damage|p2a: Gliscor|0 fnt
|-damage|p1a: Greninja|212\/285|[from] item: Life Orb
|faint|p2a: Gliscor
|
|
|switch|p2a: Smeargle|Smeargle, F|314\/314
|turn|10
|
|move|p1a: Greninja|Gunk Shot|p2a: Smeargle
|-start|p1a: Greninja|typechange|Poison|[from] Protean
|-enditem|p2a: Smeargle|Focus Sash
|-damage|p2a: Smeargle|1\/314
|-status|p2a: Smeargle|psn
|-damage|p1a: Greninja|184\/285|[from] item: Life Orb
|move|p2a: Smeargle|Spore|p1a: Greninja
|-status|p1a: Greninja|slp
|
|-damage|p2a: Smeargle|0 fnt|[from] psn
|faint|p2a: Smeargle
|
|switch|p2a: Steelix|Steelix, M|315\/354
|turn|11
|
|switch|p1a: Landorus-Therian|Landorus-Therian, M|320\/320
|-ability|p1a: Landorus-Therian|Intimidate|[of] p2a: Steelix
|-unboost|p2a: Steelix|atk|1
|move|p2a: Steelix|Stealth Rock|p1a: Landorus-Therian
|-sidestart|p1: SacredShadow|move: Stealth Rock
|
|-heal|p2a: Steelix|337\/354|[from] item: Leftovers
|turn|12
|
|switch|p2a: Abomasnow|Abomasnow-Mega, M|240\/384 brn
|-weather|Hail
|move|p1a: Landorus-Therian|Earthquake|p2a: Abomasnow
|-resisted|p2a: Abomasnow
|-damage|p2a: Abomasnow|145\/384 brn
|
|-weather|Hail|[upkeep]
|-damage|p1a: Landorus-Therian|300\/320|[from] hail
|-damage|p2a: Abomasnow|97\/384 brn|[from] brn
|turn|13
|
|move|p1a: Landorus-Therian|Earthquake|p2a: Abomasnow
|-resisted|p2a: Abomasnow
|-damage|p2a: Abomasnow|0 fnt
|faint|p2a: Abomasnow
|
|-weather|Hail|[upkeep]
|-damage|p1a: Landorus-Therian|280\/320|[from] hail
|
|switch|p2a: Espeon|Espeon, F|272\/272
|turn|14
|
|move|p2a: Espeon|Hidden Power|p1a: Landorus-Therian
|-supereffective|p1a: Landorus-Therian
|-damage|p1a: Landorus-Therian|0 fnt
|faint|p1a: Landorus-Therian
|
|-weather|Hail|[upkeep]
|-damage|p2a: Espeon|255\/272|[from] hail
|
|switch|p1a: Beedrill|Beedrill-Mega, F, shiny|272\/272
|-damage|p1a: Beedrill|204\/272|[from] Stealth Rock
|turn|15
|
|switch|p2a: Clefable|Clefable, M|230\/394
|move|p1a: Beedrill|U-turn|p2a: Clefable
|-crit|p2a: Clefable
|-resisted|p2a: Clefable
|-damage|p2a: Clefable|86\/394
|-damage|p1a: Beedrill|159\/272|[from] item: Rocky Helmet|[of] p2a: Clefable
|
|switch|p1a: Latios|Latios, M|302\/302
|-damage|p1a: Latios|265\/302|[from] Stealth Rock
|
|-weather|Hail|[upkeep]
|-damage|p1a: Latios|247\/302|[from] hail
|-damage|p2a: Clefable|62\/394|[from] hail
|turn|16
|
|move|p1a: Latios|Defog|p2a: Clefable
|-unboost|p2a: Clefable|evasion|1
|-sideend|p1: SacredShadow|Stealth Rock|[from] move: Defog|[of] p1a: Latios
|move|p2a: Clefable|Thunder Wave|p1a: Latios
|-status|p1a: Latios|par
|
|-weather|none
|turn|17
|
|move|p2a: Clefable|Wish|p2a: Clefable
|move|p1a: Latios|Psyshock|p2a: Clefable
|-damage|p2a: Clefable|0 fnt
|-damage|p1a: Latios|217\/302 par|[from] item: Life Orb
|faint|p2a: Clefable
|
|
|switch|p2a: Steelix|Steelix, M|337\/354
|turn|18
|
|move|p1a: Latios|Hidden Power|p2a: Steelix
|-supereffective|p2a: Steelix
|-damage|p2a: Steelix|116\/354
|-damage|p1a: Latios|187\/302 par|[from] item: Life Orb
|move|p2a: Steelix|Rock Blast|p1a: Latios
|-damage|p1a: Latios|161\/302 par
|-damage|p1a: Latios|131\/302 par
|-damage|p1a: Latios|101\/302 par
|-hitcount|p1a: Latios|3
|
|-heal|p2a: Steelix|313\/354|[from] move: Wish|[wisher] Clefable
|-heal|p2a: Steelix|335\/354|[from] item: Leftovers
|turn|19
|
|cant|p1a: Latios|par
|move|p2a: Steelix|Stealth Rock|p1a: Latios
|-sidestart|p1: SacredShadow|move: Stealth Rock
|
|-heal|p2a: Steelix|354\/354|[from] item: Leftovers
|turn|20
|
|move|p1a: Latios|Defog|p2a: Steelix
|-unboost|p2a: Steelix|evasion|1
|-sideend|p1: SacredShadow|Stealth Rock|[from] move: Defog|[of] p1a: Latios
|move|p2a: Steelix|Gyro Ball|p1a: Latios
|-damage|p1a: Latios|37\/302 par
|
|turn|21
|
|move|p1a: Latios|Hidden Power|p2a: Steelix
|-supereffective|p2a: Steelix
|-damage|p2a: Steelix|133\/354
|-damage|p1a: Latios|7\/302 par|[from] item: Life Orb
|move|p2a: Steelix|Stealth Rock|p1a: Latios
|-sidestart|p1: SacredShadow|move: Stealth Rock
|
|-heal|p2a: Steelix|155\/354|[from] item: Leftovers
|turn|22
|
|cant|p1a: Latios|par
|move|p2a: Steelix|Stealth Rock|p1a: Latios
|-fail|p1a: Latios
|
|-heal|p2a: Steelix|177\/354|[from] item: Leftovers
|turn|23
|
|move|p1a: Latios|Hidden Power|p2a: Steelix
|-crit|p2a: Steelix
|-supereffective|p2a: Steelix
|-damage|p2a: Steelix|0 fnt
|-damage|p1a: Latios|0 fnt|[from] item: Life Orb
|faint|p2a: Steelix
|faint|p1a: Latios
|
|
|switch|p2a: Espeon|Espeon, F|255\/272
|switch|p1a: Beedrill|Beedrill-Mega, F, shiny|159\/272
|-damage|p1a: Beedrill|91\/272|[from] Stealth Rock
|turn|24
|
|move|p2a: Espeon|Psychic|p1a: Beedrill
|-supereffective|p1a: Beedrill
|-damage|p1a: Beedrill|0 fnt
|faint|p1a: Beedrill
|
|
|switch|p1a: Rotom-Wash|Rotom-Wash|304\/304
|-damage|p1a: Rotom-Wash|266\/304|[from] Stealth Rock
|turn|25
|
|move|p2a: Espeon|Psychic|p1a: Rotom-Wash
|-damage|p1a: Rotom-Wash|146\/304
|move|p1a: Rotom-Wash|Hydro Pump|p2a: Espeon
|-damage|p2a: Espeon|108\/272
|
|-heal|p1a: Rotom-Wash|165\/304|[from] item: Leftovers
|turn|26
|
|move|p2a: Espeon|Psychic|p1a: Rotom-Wash
|-damage|p1a: Rotom-Wash|60\/304
|move|p1a: Rotom-Wash|Hydro Pump|p2a: Espeon
|-damage|p2a: Espeon|0 fnt
|faint|p2a: Espeon
|
|win|SacredShadow
|raw|Ladder updating...
|leave|SacredShadow
|player|p1
|raw|SacredShadow's rating: 1327 &rarr; <strong>1348<\/strong><br \/>(+21 for winning)
|raw|qqqqw's rating: 1341 &rarr; <strong>1320<\/strong><br \/>(-21 for losing)