|join|qqqqw
|join|Ron White
|player|p1|qqqqw|52
|player|p2|Ron White|102
|gametype|singles
|gen|6
|tier|OU
|rated
|clearpoke
|poke|p1|Abomasnow, M
|poke|p1|Talonflame, F
|poke|p1|Cofagrigus, M
|poke|p1|Chansey, F
|poke|p1|Espeon, M
|poke|p1|Umbreon, M
|poke|p2|Breloom, F
|poke|p2|Greninja, F
|poke|p2|Scizor, F
|poke|p2|Landorus-Therian, M
|poke|p2|Mew
|poke|p2|Manectric, M
|rule|Swagger Clause: Swagger is banned
|rule|Baton Pass Clause: Limit one Pokémon knowing Baton Pass
|rule|Sleep Clause Mod: Limit one foe put to sleep
|rule|Species Clause: Limit one of each Pokémon
|rule|OHKO Clause: OHKO moves are banned
|rule|Moody Clause: Moody is banned
|rule|Evasion Moves Clause: Evasion moves are banned
|rule|Endless Battle Clause: Forcing endless battles is banned
|rule|HP Percentage Mod: HP is shown in percentages
|teampreview
|
|start
|switch|p1a: Espeon|Espeon, M|272\/272
|switch|p2a: Landorus-Therian|Landorus-Therian, M|330\/330
|-ability|p2a: Landorus-Therian|Intimidate|[of] p1a: Espeon
|-unboost|p1a: Espeon|atk|1
|turn|1
|
|move|p1a: Espeon|Hidden Power|p2a: Landorus-Therian
|-supereffective|p2a: Landorus-Therian
|-damage|p2a: Landorus-Therian|6\/330
|move|p2a: Landorus-Therian|Earthquake|p1a: Espeon
|-damage|p1a: Espeon|0 fnt
|faint|p1a: Espeon
|
|
|switch|p1a: Abomasnow|Abomasnow, M|384\/384
|-weather|Hail
|turn|2
|
|detailschange|p1a: Abomasnow|Abomasnow-Mega, M
|message|Abomasnow has Mega Evolved into Mega Abomasnow!
|move|p1a: Abomasnow|Ice Shard|p2a: Landorus-Therian
|-supereffective|p2a: Landorus-Therian
|-damage|p2a: Landorus-Therian|0 fnt
|faint|p2a: Landorus-Therian
|
|-weather|Hail|[upkeep]
|
|switch|p2a: Manectric|Manectric, M|282\/282
|turn|3
|
|switch|p1a: Chansey|Chansey, F|704\/704
|detailschange|p2a: Manectric|Manectric-Mega, M
|message|Manectric has Mega Evolved into Mega Manectric!
|-ability|p2a: Manectric|Intimidate|[of] p1a: Chansey
|-unboost|p1a: Chansey|atk|1
|move|p2a: Manectric|Flamethrower|p1a: Chansey
|-damage|p1a: Chansey|631\/704
|
|-weather|Hail|[upkeep]
|-damage|p2a: Manectric|265\/282|[from] hail
|-damage|p1a: Chansey|587\/704|[from] hail
|turn|4
|
|move|p2a: Manectric|Volt Switch|p1a: Chansey
|-damage|p1a: Chansey|500\/704
|
|switch|p2a: Mew|Mew|404\/404
|move|p1a: Chansey|Soft-Boiled|p1a: Chansey
|-heal|p1a: Chansey|704\/704
|
|-weather|Hail|[upkeep]
|-damage|p2a: Mew|379\/404|[from] hail
|-damage|p1a: Chansey|660\/704|[from] hail
|-heal|p2a: Mew|404\/404|[from] item: Leftovers
|turn|5
|
|switch|p1a: Talonflame|Talonflame, F|352\/352
|move|p2a: Mew|Stealth Rock|p1a: Talonflame
|-sidestart|p1: qqqqw|move: Stealth Rock
|
|-weather|Hail|[upkeep]
|-damage|p1a: Talonflame|330\/352|[from] hail
|-damage|p2a: Mew|379\/404|[from] hail
|-heal|p2a: Mew|404\/404|[from] item: Leftovers
|turn|6
|
|move|p1a: Talonflame|Will-O-Wisp|p2a: Mew
|-status|p2a: Mew|brn
|move|p2a: Mew|Knock Off|p1a: Talonflame
|-damage|p1a: Talonflame|280\/352
|-enditem|p1a: Talonflame|Choice Band|[from] move: Knock Off|[of] p2a: Mew
|
|-weather|none
|-damage|p2a: Mew|354\/404 brn|[from] brn
|turn|7
|c|★Ron White|banded with will o new meta
|
|move|p1a: Talonflame|Brave Bird|p2a: Mew
|-damage|p2a: Mew|194\/404 brn
|-damage|p1a: Talonflame|227\/352|[from] recoil|[of] p2a: Mew
|move|p2a: Mew|Swords Dance|p2a: Mew
|-boost|p2a: Mew|atk|2
|
|-heal|p2a: Mew|219\/404 brn|[from] item: Leftovers
|-damage|p2a: Mew|169\/404 brn|[from] brn
|turn|8
|
|move|p1a: Talonflame|Brave Bird|p2a: Mew
|-damage|p2a: Mew|12\/404 brn
|-damage|p1a: Talonflame|175\/352|[from] recoil|[of] p2a: Mew
|move|p2a: Mew|Knock Off|p1a: Talonflame
|-damage|p1a: Talonflame|105\/352
|
|-heal|p2a: Mew|37\/404 brn|[from] item: Leftovers
|-damage|p2a: Mew|0 fnt|[from] brn
|faint|p2a: Mew
|
|switch|p2a: Scizor|Scizor, F|344\/344
|turn|9
|
|move|p1a: Talonflame|Roost|p1a: Talonflame
|-heal|p1a: Talonflame|281\/352
|move|p2a: Scizor|Bullet Punch|p1a: Talonflame
|-resisted|p1a: Talonflame
|-damage|p1a: Talonflame|161\/352
|
|turn|10
|
|move|p2a: Scizor|Bullet Punch|p1a: Talonflame
|-resisted|p1a: Talonflame
|-damage|p1a: Talonflame|53\/352
|move|p1a: Talonflame|Will-O-Wisp|p2a: Scizor
|-status|p2a: Scizor|brn
|
|-damage|p2a: Scizor|301\/344 brn|[from] brn
|turn|11
|
|move|p1a: Talonflame|Roost|p1a: Talonflame
|-heal|p1a: Talonflame|229\/352
|move|p2a: Scizor|Bullet Punch|p1a: Talonflame
|-resisted|p1a: Talonflame
|-damage|p1a: Talonflame|169\/352
|
|-damage|p2a: Scizor|258\/344 brn|[from] brn
|turn|12
|
|move|p1a: Talonflame|Roost|p1a: Talonflame
|-heal|p1a: Talonflame|345\/352
|move|p2a: Scizor|Bullet Punch|p1a: Talonflame
|-resisted|p1a: Talonflame
|-damage|p1a: Talonflame|284\/352
|
|-damage|p2a: Scizor|215\/344 brn|[from] brn
|turn|13
|
|move|p1a: Talonflame|Roost|p1a: Talonflame
|-heal|p1a: Talonflame|352\/352
|move|p2a: Scizor|Bullet Punch|p1a: Talonflame
|-resisted|p1a: Talonflame
|-damage|p1a: Talonflame|296\/352
|
|-damage|p2a: Scizor|172\/344 brn|[from] brn
|turn|14
|
|move|p1a: Talonflame|Roost|p1a: Talonflame
|-heal|p1a: Talonflame|352\/352
|move|p2a: Scizor|Bullet Punch|p1a: Talonflame
|-resisted|p1a: Talonflame
|-damage|p1a: Talonflame|297\/352
|
|-damage|p2a: Scizor|129\/344 brn|[from] brn
|turn|15
|
|switch|p2a: Manectric|Manectric-Mega, M|265\/282
|-ability|p2a: Manectric|Intimidate|[of] p1a: Talonflame
|-unboost|p1a: Talonflame|atk|1
|move|p1a: Talonflame|Roost|p1a: Talonflame
|-heal|p1a: Talonflame|352\/352
|
|turn|16
|
|switch|p1a: Abomasnow|Abomasnow-Mega, M|384\/384
|-damage|p1a: Abomasnow|288\/384|[from] Stealth Rock
|-weather|Hail
|move|p2a: Manectric|Thunderbolt|p1a: Abomasnow
|-resisted|p1a: Abomasnow
|-damage|p1a: Abomasnow|204\/384
|
|-weather|Hail|[upkeep]
|-damage|p2a: Manectric|248\/282|[from] hail
|turn|17
|
|switch|p1a: Umbreon|Umbreon, M|394\/394
|-damage|p1a: Umbreon|345\/394|[from] Stealth Rock
|move|p2a: Manectric|Volt Switch|p1a: Umbreon
|-damage|p1a: Umbreon|237\/394
|
|switch|p2a: Breloom|Breloom, F|324\/324
|
|-weather|Hail|[upkeep]
|-damage|p2a: Breloom|304\/324|[from] hail
|-damage|p1a: Umbreon|213\/394|[from] hail
|-heal|p1a: Umbreon|237\/394|[from] item: Leftovers
|turn|18
|
|switch|p1a: Cofagrigus|Cofagrigus, M|320\/320
|-damage|p1a: Cofagrigus|280\/320|[from] Stealth Rock
|move|p2a: Breloom|Rock Slide|p1a: Cofagrigus
|-damage|p1a: Cofagrigus|228\/320
|
|-weather|Hail|[upkeep]
|-damage|p2a: Breloom|284\/324|[from] hail
|-damage|p1a: Cofagrigus|208\/320|[from] hail
|turn|19
|
|switch|p2a: Scizor|Scizor, F|129\/344 brn
|move|p1a: Cofagrigus|Will-O-Wisp|p2a: Scizor|[miss]
|-miss|p1a: Cofagrigus|p2a: Scizor
|
|-weather|Hail|[upkeep]
|-damage|p2a: Scizor|108\/344 brn|[from] hail
|-damage|p1a: Cofagrigus|188\/320|[from] hail
|-damage|p2a: Scizor|65\/344 brn|[from] brn
|turn|20
|
|move|p2a: Scizor|U-turn|p1a: Cofagrigus
|-resisted|p1a: Cofagrigus
|-damage|p1a: Cofagrigus|158\/320
|-endability|p2a: Scizor|technician|[from] Mummy
|-ability|p2a: Scizor|Mummy|[from] Mummy
|
|switch|p2a: Greninja|Greninja, F|285\/285
|move|p1a: Cofagrigus|Trick Room|p1a: Cofagrigus
|-fieldstart|move: Trick Room|[of] p1a: Cofagrigus
|
|-weather|none
|turn|21
|
|move|p1a: Cofagrigus|Destiny Bond|p1a: Cofagrigus
|-singlemove|p1a: Cofagrigus|Destiny Bond
|move|p2a: Greninja|Dark Pulse|p1a: Cofagrigus
|-start|p2a: Greninja|typechange|Dark|[from] Protean
|-supereffective|p1a: Cofagrigus
|-enditem|p1a: Cofagrigus|Colbur Berry|[eat]
|-damage|p1a: Cofagrigus|5\/320
|-damage|p2a: Greninja|257\/285|[from] item: Life Orb
|
|turn|22
|
|switch|p2a: Scizor|Scizor, F|65\/344 brn
|move|p1a: Cofagrigus|Destiny Bond|p1a: Cofagrigus
|-singlemove|p1a: Cofagrigus|Destiny Bond
|
|-damage|p2a: Scizor|22\/344 brn|[from] brn
|turn|23
|
|move|p2a: Scizor|Bullet Punch|p1a: Cofagrigus
|-crit|p1a: Cofagrigus
|-damage|p1a: Cofagrigus|0 fnt
|-endability|p2a: Scizor|technician|[from] Mummy
|-ability|p2a: Scizor|Mummy|[from] Mummy
|faint|p1a: Cofagrigus
|-activate|p1a: Cofagrigus|Destiny Bond
|faint|p2a: Scizor
|
|
|switch|p2a: Breloom|Breloom, F|284\/324
|switch|p1a: Abomasnow|Abomasnow-Mega, M|204\/384
|-damage|p1a: Abomasnow|108\/384|[from] Stealth Rock
|-weather|Hail
|turn|24
|
|move|p1a: Abomasnow|Ice Shard|p2a: Breloom
|-supereffective|p2a: Breloom
|-damage|p2a: Breloom|162\/324
|move|p2a: Breloom|Mach Punch|p1a: Abomasnow
|-supereffective|p1a: Abomasnow
|-damage|p1a: Abomasnow|0 fnt
|faint|p1a: Abomasnow
|
|-weather|Hail|[upkeep]
|-damage|p2a: Breloom|142\/324|[from] hail
|-fieldend|move: Trick Room
|
|switch|p1a: Talonflame|Talonflame, F|352\/352
|-damage|p1a: Talonflame|176\/352|[from] Stealth Rock
|turn|25
|
|switch|p2a: Greninja|Greninja, F|257\/285
|move|p1a: Talonflame|Brave Bird|p2a: Greninja
|-damage|p2a: Greninja|14\/285
|-damage|p1a: Talonflame|96\/352|[from] recoil|[of] p2a: Greninja
|
|-weather|Hail|[upkeep]
|-damage|p2a: Greninja|0 fnt|[from] hail
|-damage|p1a: Talonflame|74\/352|[from] hail
|faint|p2a: Greninja
|
|switch|p2a: Manectric|Manectric-Mega, M|248\/282
|-ability|p2a: Manectric|Intimidate|[of] p1a: Talonflame
|-unboost|p1a: Talonflame|atk|1
|turn|26
|
|move|p1a: Talonflame|Roost|p1a: Talonflame
|-heal|p1a: Talonflame|250\/352
|move|p2a: Manectric|Volt Switch|p1a: Talonflame
|-damage|p1a: Talonflame|64\/352
|
|switch|p2a: Breloom|Breloom, F|142\/324
|
|-weather|Hail|[upkeep]
|-damage|p1a: Talonflame|42\/352|[from] hail
|-damage|p2a: Breloom|122\/324|[from] hail
|turn|27
|
|move|p1a: Talonflame|Roost|p1a: Talonflame
|-heal|p1a: Talonflame|218\/352
|move|p2a: Breloom|Mach Punch|p1a: Talonflame
|-damage|p1a: Talonflame|77\/352
|
|-weather|Hail|[upkeep]
|-damage|p1a: Talonflame|55\/352|[from] hail
|-damage|p2a: Breloom|102\/324|[from] hail
|turn|28
|
|move|p1a: Talonflame|Roost|p1a: Talonflame
|-heal|p1a: Talonflame|231\/352
|move|p2a: Breloom|Drain Punch|p1a: Talonflame
|-damage|p1a: Talonflame|54\/352
|-heal|p2a: Breloom|191\/324|[from] drain|[of] p1a: Talonflame
|
|-weather|none
|turn|29
|
|move|p1a: Talonflame|Brave Bird|p2a: Breloom
|-supereffective|p2a: Breloom
|-damage|p2a: Breloom|0 fnt
|-damage|p1a: Talonflame|0 fnt|[from] recoil|[of] p2a: Breloom
|faint|p2a: Breloom
|faint|p1a: Talonflame
|
|
|switch|p2a: Manectric|Manectric-Mega, M|248\/282
|switch|p1a: Umbreon|Umbreon, M|237\/394
|-ability|p2a: Manectric|Intimidate|[of] p1a: Umbreon
|-unboost|p1a: Umbreon|atk|1
|-damage|p1a: Umbreon|188\/394|[from] Stealth Rock
|turn|30
|
|move|p1a: Umbreon|Protect|p1a: Umbreon
|-singleturn|p1a: Umbreon|Protect
|move|p2a: Manectric|Thunderbolt|p1a: Umbreon
|-activate|p1a: Umbreon|Protect
|
|-heal|p1a: Umbreon|212\/394|[from] item: Leftovers
|turn|31
|
|move|p2a: Manectric|Thunderbolt|p1a: Umbreon
|-damage|p1a: Umbreon|62\/394
|move|p1a: Umbreon|Wish|p1a: Umbreon
|
|-heal|p1a: Umbreon|86\/394|[from] item: Leftovers
|turn|32
|
|move|p1a: Umbreon|Protect|p1a: Umbreon
|-singleturn|p1a: Umbreon|Protect
|move|p2a: Manectric|Thunderbolt|p1a: Umbreon
|-activate|p1a: Umbreon|Protect
|
|-heal|p1a: Umbreon|283\/394|[from] move: Wish|[wisher] Umbreon
|-heal|p1a: Umbreon|307\/394|[from] item: Leftovers
|turn|33
|c|★Ron White|really?
|
|move|p2a: Manectric|Thunderbolt|p1a: Umbreon
|-damage|p1a: Umbreon|153\/394
|move|p1a: Umbreon|Wish|p1a: Umbreon
|
|-heal|p1a: Umbreon|177\/394|[from] item: Leftovers
|turn|34
|c|★qqqqw|yes
|c|★Ron White|any attacks?
|
|move|p1a: Umbreon|Protect|p1a: Umbreon
|-singleturn|p1a: Umbreon|Protect
|move|p2a: Manectric|Thunderbolt|p1a: Umbreon
|-activate|p1a: Umbreon|Protect
|
|-heal|p1a: Umbreon|374\/394|[from] move: Wish|[wisher] Umbreon
|-heal|p1a: Umbreon|394\/394|[from] item: Leftovers
|turn|35
|c|★qqqqw|calm
|c|★Ron White|if not I win, and Ill wait
|
|move|p2a: Manectric|Thunderbolt|p1a: Umbreon
|-damage|p1a: Umbreon|249\/394
|move|p1a: Umbreon|Foul Play|p2a: Manectric
|-damage|p2a: Manectric|152\/282
|
|-heal|p1a: Umbreon|273\/394|[from] item: Leftovers
|turn|36
|
|move|p1a: Umbreon|Protect|p1a: Umbreon
|-singleturn|p1a: Umbreon|Protect
|move|p2a: Manectric|Flamethrower|p1a: Umbreon
|-activate|p1a: Umbreon|Protect
|
|-heal|p1a: Umbreon|297\/394|[from] item: Leftovers
|turn|37
|c|★Ron White|there it is, youve learned how this workd
|
|move|p2a: Manectric|Hidden Power|p1a: Umbreon
|-damage|p1a: Umbreon|237\/394
|move|p1a: Umbreon|Wish|p1a: Umbreon
|
|-heal|p1a: Umbreon|261\/394|[from] item: Leftovers
|turn|38
|
|move|p2a: Manectric|Volt Switch|p1a: Umbreon
|-damage|p1a: Umbreon|153\/394
|move|p1a: Umbreon|Foul Play|p2a: Manectric
|-damage|p2a: Manectric|50\/282
|
|-heal|p1a: Umbreon|350\/394|[from] move: Wish|[wisher] Umbreon
|-heal|p1a: Umbreon|374\/394|[from] item: Leftovers
|turn|39
|c|★Ron White|daddy would be proud\
|
|move|p2a: Manectric|Thunderbolt|p1a: Umbreon
|-damage|p1a: Umbreon|235\/394
|move|p1a: Umbreon|Foul Play|p2a: Manectric
|-damage|p2a: Manectric|0 fnt
|faint|p2a: Manectric
|
|win|qqqqw
|raw|Ladder updating...
|c|★qqqqw|chancey