|join|qqqqw
|join|Sr.Patinhas
|player|p1|qqqqw|52
|player|p2|Sr.Patinhas|160
|gametype|singles
|gen|6
|tier|OU
|rated
|clearpoke
|poke|p1|Regice
|poke|p1|Clefable, M
|poke|p1|Mienshao, F
|poke|p1|Empoleon, F
|poke|p1|Gyarados, F
|poke|p1|Dragonite, F
|poke|p2|Excadrill, M
|poke|p2|Tyranitar, F
|poke|p2|Clefable, M
|poke|p2|Pinsir, F
|poke|p2|Skarmory, F
|poke|p2|Raikou, shiny
|rule|Swagger Clause: Swagger is banned
|rule|Baton Pass Clause: Limit one Pokémon knowing Baton Pass
|rule|Sleep Clause Mod: Limit one foe put to sleep
|rule|Species Clause: Limit one of each Pokémon
|rule|OHKO Clause: OHKO moves are banned
|rule|Moody Clause: Moody is banned
|rule|Evasion Moves Clause: Evasion moves are banned
|rule|Endless Battle Clause: Forcing endless battles is banned
|rule|HP Percentage Mod: HP is shown in percentages
|teampreview
|join|Red (FRLG)
|
|start
|switch|p1a: Mienshao|Mienshao, F|271\/271
|switch|p2a: Skarmory|Skarmory, F|334\/334
|turn|1
|
|switch|p2a: Pinsir|Pinsir, F|271\/271
|move|p1a: Mienshao|U-turn|p2a: Pinsir
|-damage|p2a: Pinsir|159\/271
|
|switch|p1a: Dragonite|Dragonite, F|324\/324
|
|turn|2
|
|switch|p2a: Clefable|Clefable, M|394\/394
|move|p1a: Dragonite|Flamethrower|p2a: Clefable
|-damage|p2a: Clefable|278\/394
|
|-heal|p2a: Clefable|302\/394|[from] item: Leftovers
|turn|3
|
|switch|p1a: Empoleon|Empoleon, F|364\/364
|move|p2a: Clefable|Wish|p2a: Clefable
|
|-heal|p2a: Clefable|326\/394|[from] item: Leftovers
|turn|4
|
|switch|p2a: Raikou|Raikou, shiny|321\/321
|-ability|p2a: Raikou|Pressure
|move|p1a: Empoleon|Flash Cannon|p2a: Raikou
|-resisted|p2a: Raikou
|-damage|p2a: Raikou|216\/321
|
|-heal|p2a: Raikou|321\/321|[from] move: Wish|[wisher] Clefable
|turn|5
|
|switch|p1a: Regice|Regice|364\/364
|move|p2a: Raikou|Volt Switch|p1a: Regice
|-damage|p1a: Regice|304\/364
|
|switch|p2a: Pinsir|Pinsir, F|159\/271
|
|turn|6
|
|switch|p1a: Clefable|Clefable, M|394\/394
|detailschange|p2a: Pinsir|Pinsir-Mega, F
|message|Pinsir has Mega Evolved into Mega Pinsir!
|move|p2a: Pinsir|Substitute|p2a: Pinsir
|-start|p2a: Pinsir|Substitute
|-damage|p2a: Pinsir|92\/271
|
|turn|7
|
|move|p2a: Pinsir|Return|p1a: Clefable
|-damage|p1a: Clefable|115\/394
|-damage|p2a: Pinsir|47\/271|[from] item: Rocky Helmet|[of] p1a: Clefable
|move|p1a: Clefable|Flamethrower|p2a: Pinsir
|-supereffective|p2a: Pinsir
|-end|p2a: Pinsir|Substitute
|
|turn|8
|
|switch|p1a: Empoleon|Empoleon, F|364\/364
|move|p2a: Pinsir|Return|p1a: Empoleon
|-resisted|p1a: Empoleon
|-damage|p1a: Empoleon|229\/364
|
|turn|9
|
|switch|p2a: Raikou|Raikou, shiny|321\/321
|-ability|p2a: Raikou|Pressure
|move|p1a: Empoleon|Aqua Jet|p2a: Raikou
|-crit|p2a: Raikou
|-damage|p2a: Raikou|252\/321
|
|turn|10
|
|switch|p1a: Dragonite|Dragonite, F|324\/324
|move|p2a: Raikou|Volt Switch|p1a: Dragonite
|-damage|p1a: Dragonite|265\/324
|
|switch|p2a: Clefable|Clefable, M|326\/394
|
|-heal|p2a: Clefable|350\/394|[from] item: Leftovers
|turn|11
|
|switch|p1a: Empoleon|Empoleon, F|229\/364
|move|p2a: Clefable|Wish|p2a: Clefable
|
|-heal|p2a: Clefable|374\/394|[from] item: Leftovers
|turn|12
|
|switch|p2a: Raikou|Raikou, shiny|252\/321
|-ability|p2a: Raikou|Pressure
|move|p1a: Empoleon|Ice Beam|p2a: Raikou
|-damage|p2a: Raikou|89\/321
|
|-heal|p2a: Raikou|286\/321|[from] move: Wish|[wisher] Clefable
|turn|13
|
|switch|p1a: Regice|Regice|304\/364
|move|p2a: Raikou|Volt Switch|p1a: Regice
|-damage|p1a: Regice|241\/364
|
|switch|p2a: Tyranitar|Tyranitar, F|342\/342
|-weather|Sandstorm
|
|-weather|Sandstorm|[upkeep]
|-damage|p1a: Regice|219\/364|[from] sandstorm
|turn|14
|
|move|p2a: Tyranitar|Stone Edge|p1a: Regice
|-supereffective|p1a: Regice
|-damage|p1a: Regice|0 fnt
|faint|p1a: Regice
|
|-weather|Sandstorm|[upkeep]
|
|switch|p1a: Mienshao|Mienshao, F|271\/271
|turn|15
|
|switch|p2a: Skarmory|Skarmory, F|334\/334
|move|p1a: Mienshao|High Jump Kick|p2a: Skarmory
|-damage|p2a: Skarmory|145\/334
|-damage|p1a: Mienshao|226\/271|[from] item: Rocky Helmet|[of] p2a: Skarmory
|
|-weather|Sandstorm|[upkeep]
|-damage|p1a: Mienshao|210\/271|[from] sandstorm
|turn|16
|
|move|p1a: Mienshao|High Jump Kick|p2a: Skarmory
|-damage|p2a: Skarmory|0 fnt
|-damage|p1a: Mienshao|165\/271|[from] item: Rocky Helmet|[of] p2a: Skarmory
|faint|p2a: Skarmory
|
|-weather|Sandstorm|[upkeep]
|-damage|p1a: Mienshao|149\/271|[from] sandstorm
|
|switch|p2a: Clefable|Clefable, M|374\/394
|turn|17
|
|switch|p1a: Empoleon|Empoleon, F|229\/364
|move|p2a: Clefable|Wish|p2a: Clefable
|
|-weather|Sandstorm|[upkeep]
|-damage|p2a: Clefable|350\/394|[from] sandstorm
|-heal|p2a: Clefable|374\/394|[from] item: Leftovers
|turn|18
|
|switch|p2a: Raikou|Raikou, shiny|286\/321
|-ability|p2a: Raikou|Pressure
|move|p1a: Empoleon|Scald|p2a: Raikou
|-damage|p2a: Raikou|67\/321
|
|-weather|Sandstorm|[upkeep]
|-damage|p2a: Raikou|47\/321|[from] sandstorm
|-heal|p2a: Raikou|244\/321|[from] move: Wish|[wisher] Clefable
|turn|19
|
|switch|p1a: Dragonite|Dragonite, F|265\/324
|move|p2a: Raikou|Volt Switch|p1a: Dragonite
|-damage|p1a: Dragonite|130\/324
|c|★Sr.Patinhas|you don't have any ground type
|c|★Sr.Patinhas|my raikou is having the fun of his life
|
|switch|p2a: Excadrill|Excadrill, M|362\/362
|-item|p2a: Excadrill|Air Balloon
|
|-weather|Sandstorm|[upkeep]
|-damage|p1a: Dragonite|110\/324|[from] sandstorm
|turn|20
|
|move|p2a: Excadrill|Iron Head|p1a: Dragonite
|-damage|p1a: Dragonite|0 fnt
|faint|p1a: Dragonite
|
|-weather|none
|
|switch|p1a: Gyarados|Gyarados, F|362\/362
|-ability|p1a: Gyarados|Intimidate|[of] p2a: Excadrill
|-unboost|p2a: Excadrill|atk|1
|turn|21
|
|switch|p2a: Clefable|Clefable, M|374\/394
|move|p1a: Gyarados|Dragon Dance|p1a: Gyarados
|-boost|p1a: Gyarados|atk|1
|-boost|p1a: Gyarados|spe|1
|
|-heal|p2a: Clefable|394\/394|[from] item: Leftovers
|turn|22
|
|move|p1a: Gyarados|Waterfall|p2a: Clefable
|-crit|p2a: Clefable
|-damage|p2a: Clefable|201\/394
|move|p2a: Clefable|Wish|p2a: Clefable
|
|-heal|p2a: Clefable|225\/394|[from] item: Leftovers
|turn|23
|
|move|p1a: Gyarados|Waterfall|p2a: Clefable
|-damage|p2a: Clefable|101\/394
|move|p2a: Clefable|Moonblast|p1a: Gyarados
|-damage|p1a: Gyarados|248\/362
|-unboost|p1a: Gyarados|spa|1
|
|-heal|p2a: Clefable|298\/394|[from] move: Wish|[wisher] Clefable
|-heal|p2a: Clefable|322\/394|[from] item: Leftovers
|turn|24
|
|move|p1a: Gyarados|Waterfall|p2a: Clefable
|-damage|p2a: Clefable|198\/394
|cant|p2a: Clefable|flinch
|
|-heal|p2a: Clefable|222\/394|[from] item: Leftovers
|turn|25
|
|switch|p1a: Clefable|Clefable, M|115\/394
|move|p2a: Clefable|Protect|p2a: Clefable
|-fail|p2a: Clefable
|
|-heal|p2a: Clefable|246\/394|[from] item: Leftovers
|turn|26
|join|Liithium
|
|move|p2a: Clefable|Wish|p2a: Clefable
|move|p1a: Clefable|Thunder Wave|p2a: Clefable
|-status|p2a: Clefable|par
|
|-heal|p2a: Clefable|270\/394 par|[from] item: Leftovers
|turn|27
|
|switch|p2a: Pinsir|Pinsir-Mega, F|47\/271
|move|p1a: Clefable|Flamethrower|p2a: Pinsir
|-supereffective|p2a: Pinsir
|-damage|p2a: Pinsir|0 fnt
|faint|p2a: Pinsir
|
|c|★Sr.Patinhas|nice predict
|c|★qqqqw|vlw
|c|★Sr.Patinhas|lol
|c|★Sr.Patinhas|e eu falando ingles
|
|switch|p2a: Tyranitar|Tyranitar, F|342\/342
|-weather|Sandstorm
|turn|28
|c|★qqqqw|hauhauhew
|c|★qqqqw|pow cara
|c|★qqqqw|ingles é pra bichas
|c|★Sr.Patinhas|vc tem um time bom
|c|★Sr.Patinhas|e usa bem tb
|c|★Sr.Patinhas|congrats
|c|★qqqqw|vlw
|
|switch|p1a: Mienshao|Mienshao, F|239\/271
|move|p2a: Tyranitar|Earthquake|p1a: Mienshao
|-damage|p1a: Mienshao|42\/271
|
|-weather|Sandstorm|[upkeep]
|-damage|p1a: Mienshao|26\/271|[from] sandstorm
|turn|29
|c|★qqqqw|vc tbm joga bem
|
|switch|p2a: Clefable|Clefable, M|270\/394 par
|move|p1a: Mienshao|U-turn|p2a: Clefable
|-resisted|p2a: Clefable
|-damage|p2a: Clefable|212\/394 par
|
|switch|p1a: Empoleon|Empoleon, F|229\/364
|
|-weather|Sandstorm|[upkeep]
|-damage|p2a: Clefable|188\/394 par|[from] sandstorm
|-heal|p2a: Clefable|212\/394 par|[from] item: Leftovers
|turn|30
|
|move|p1a: Empoleon|Scald|p2a: Clefable
|-damage|p2a: Clefable|25\/394 par
|move|p2a: Clefable|Wish|p2a: Clefable
|
|-weather|Sandstorm|[upkeep]
|-damage|p2a: Clefable|1\/394 par|[from] sandstorm
|-heal|p2a: Clefable|25\/394 par|[from] item: Leftovers
|turn|31
|c|★qqqqw|pensei que sua clefable era magic
|c|★qqqqw|por causa do tyranitar
|c|★Sr.Patinhas|isso que é o legal de usar ela
|c|★qqqqw|areia e talz
|
|switch|p2a: Raikou|Raikou, shiny|244\/321
|-ability|p2a: Raikou|Pressure
|move|p1a: Empoleon|Scald|p2a: Raikou
|-damage|p2a: Raikou|31\/321
|-status|p2a: Raikou|brn
|
|-weather|Sandstorm|[upkeep]
|-damage|p2a: Raikou|11\/321 brn|[from] sandstorm
|-heal|p2a: Raikou|208\/321 brn|[from] move: Wish|[wisher] Clefable
|-damage|p2a: Raikou|168\/321 brn|[from] brn
|turn|32
|
|switch|p1a: Clefable|Clefable, M|115\/394
|move|p2a: Raikou|Volt Switch|p1a: Clefable
|-damage|p1a: Clefable|0 fnt
|faint|p1a: Clefable
|
|switch|p2a: Excadrill|Excadrill, M|362\/362
|-item|p2a: Excadrill|Air Balloon
|
|-weather|Sandstorm|[upkeep]
|
|switch|p1a: Empoleon|Empoleon, F|229\/364
|turn|33
|
|move|p2a: Excadrill|Earthquake|p1a: Empoleon
|-supereffective|p1a: Empoleon
|-damage|p1a: Empoleon|0 fnt
|faint|p1a: Empoleon
|
|-weather|Sandstorm|[upkeep]
|
|switch|p1a: Gyarados|Gyarados, F|248\/362
|-ability|p1a: Gyarados|Intimidate|[of] p2a: Excadrill
|-unboost|p2a: Excadrill|atk|1
|turn|34
|
|switch|p2a: Clefable|Clefable, M|25\/394 par
|detailschange|p1a: Gyarados|Gyarados-Mega, F
|message|Gyarados has Mega Evolved into Mega Gyarados!
|-ability|p1a: Gyarados|Mold Breaker
|move|p1a: Gyarados|Dragon Dance|p1a: Gyarados
|-boost|p1a: Gyarados|atk|1
|-boost|p1a: Gyarados|spe|1
|
|-weather|Sandstorm|[upkeep]
|-damage|p1a: Gyarados|226\/362|[from] sandstorm
|-damage|p2a: Clefable|1\/394 par|[from] sandstorm
|-heal|p2a: Clefable|25\/394 par|[from] item: Leftovers
|turn|35
|
|move|p1a: Gyarados|Waterfall|p2a: Clefable
|-damage|p2a: Clefable|0 fnt
|faint|p2a: Clefable
|
|-weather|none
|
|switch|p2a: Raikou|Raikou, shiny|168\/321 brn
|-ability|p2a: Raikou|Pressure
|turn|36
|c|★qqqqw|scarf?
|c|★qqqqw|se é scarf é gg
|c|★Sr.Patinhas|tenta adivinhar
|c|★Sr.Patinhas|talvez specs
|c|★Sr.Patinhas|quem sabe
|c|★qqqqw|kkk
|
|move|p2a: Raikou|Volt Switch|p1a: Gyarados
|-supereffective|p1a: Gyarados
|-damage|p1a: Gyarados|8\/362
|c|★qqqqw|lol
|
|switch|p2a: Tyranitar|Tyranitar, F|342\/342
|-weather|Sandstorm
|move|p1a: Gyarados|Waterfall|p2a: Tyranitar
|-supereffective|p2a: Tyranitar
|-damage|p2a: Tyranitar|0 fnt
|faint|p2a: Tyranitar
|
|-weather|Sandstorm|[upkeep]
|-damage|p1a: Gyarados|0 fnt|[from] sandstorm
|faint|p1a: Gyarados
|c| Red (FRLG)|putz
|
|switch|p2a: Raikou|Raikou, shiny|168\/321 brn
|switch|p1a: Mienshao|Mienshao, F|116\/271
|-ability|p2a: Raikou|Pressure
|turn|37
|c|★qqqqw|mais é gg do mesmo modo
|c|★Sr.Patinhas|hahahaha fiquei assustado aqui
|c|★qqqqw|kkkk
|c|★Sr.Patinhas|posso te perguntar uma coisa?
|c| Red (FRLG)|vai patinhas joga patas nele
|c|★Sr.Patinhas|vc conhece o canal DlinkVideos?
|c|★qqqqw|não
|c|★Sr.Patinhas|bom, aquele canal é meu
|c|★Sr.Patinhas|vou te fazer um convite
|c|★Sr.Patinhas|tem uns videozinhos de showdown lá
|c|★Sr.Patinhas|se tu quiser ver
|c|★Sr.Patinhas|:P
|c|★qqqqw|blz mano
|c| Red (FRLG)|https:\/\/www.youtube.com\/user\/DlinkVideos
|c|★qqqqw|vou dar uma olhada depois
|c|★Sr.Patinhas|o\/
|
|move|p2a: Raikou|Volt Switch|p1a: Mienshao
|-damage|p1a: Mienshao|0 fnt
|faint|p1a: Mienshao
|
|win|Sr.Patinhas
|raw|Ladder updating...
|raw|qqqqw's rating: 1554 &rarr; <strong>1538<\/strong><br \/>(-16 for losing)
|raw|Sr.Patinhas's rating: 1616 &rarr; <strong>1633<\/strong><br \/>(+17 for winning)
|c|★qqqqw|muito boa a luta
|c|★Sr.Patinhas|boa mesmo
|leave|Liithium
|c|★Sr.Patinhas|falow!
|leave|Red (FRLG)