|join|KEW_007
|join|qqqqw
|player|p1|KEW_007|121
|player|p2|qqqqw|52
|gametype|singles
|gen|6
|tier|OU
|rated
|clearpoke
|poke|p1|Hawlucha, F
|poke|p1|Pinsir, F
|poke|p1|Landorus-Therian, M
|poke|p1|Victini
|poke|p1|Crawdaunt, F
|poke|p1|Smeargle, F
|poke|p2|Registeel
|poke|p2|Empoleon, F
|poke|p2|Dragonite, M
|poke|p2|Gyarados, M
|poke|p2|Mienshao, F
|poke|p2|Hippowdon, F
|rule|Swagger Clause: Swagger is banned
|rule|Baton Pass Clause: Limit one Pokémon knowing Baton Pass
|rule|Sleep Clause Mod: Limit one foe put to sleep
|rule|Species Clause: Limit one of each Pokémon
|rule|OHKO Clause: OHKO moves are banned
|rule|Moody Clause: Moody is banned
|rule|Evasion Moves Clause: Evasion moves are banned
|rule|Endless Battle Clause: Forcing endless battles is banned
|rule|HP Percentage Mod: HP is shown in percentages
|teampreview
|
|start
|switch|p1a: Pinsir|Pinsir, F|334\/334
|switch|p2a: Dragonite|Dragonite, M|324\/324
|turn|1
|
|detailschange|p1a: Pinsir|Pinsir-Mega, F
|message|Pinsir has Mega Evolved into Mega Pinsir!
|move|p2a: Dragonite|Flamethrower|p1a: Pinsir
|-supereffective|p1a: Pinsir
|-damage|p1a: Pinsir|136\/334
|move|p1a: Pinsir|Swords Dance|p1a: Pinsir
|-boost|p1a: Pinsir|atk|2
|
|turn|2
|
|switch|p2a: Hippowdon|Hippowdon, F|420\/420
|move|p1a: Pinsir|Quick Attack|p2a: Hippowdon
|-damage|p2a: Hippowdon|264\/420
|-damage|p1a: Pinsir|81\/334|[from] item: Rocky Helmet|[of] p2a: Hippowdon
|
|turn|3
|
|switch|p2a: Empoleon|Empoleon, F|372\/372
|move|p1a: Pinsir|Close Combat|p2a: Empoleon
|-supereffective|p2a: Empoleon
|-damage|p2a: Empoleon|0 fnt
|-unboost|p1a: Pinsir|def|1
|-unboost|p1a: Pinsir|spd|1
|faint|p2a: Empoleon
|
|
|switch|p2a: Mienshao|Mienshao, F|271\/271
|turn|4
|
|move|p2a: Mienshao|Fake Out|p1a: Pinsir
|-damage|p1a: Pinsir|26\/334
|cant|p1a: Pinsir|flinch
|
|turn|5
|
|switch|p2a: Hippowdon|Hippowdon, F|264\/420
|move|p1a: Pinsir|Quick Attack|p2a: Hippowdon
|-damage|p2a: Hippowdon|122\/420
|-damage|p1a: Pinsir|0 fnt|[from] item: Rocky Helmet|[of] p2a: Hippowdon
|faint|p1a: Pinsir
|
|
|switch|p1a: Crawdaunt|Crawdaunt, F|268\/268
|turn|6
|
|move|p1a: Crawdaunt|Aqua Jet|p2a: Hippowdon
|-supereffective|p2a: Hippowdon
|-damage|p2a: Hippowdon|0 fnt
|-damage|p1a: Crawdaunt|224\/268|[from] item: Rocky Helmet|[of] p2a: Hippowdon
|faint|p2a: Hippowdon
|
|
|switch|p2a: Dragonite|Dragonite, M|324\/324
|turn|7
|
|move|p2a: Dragonite|Thunderbolt|p1a: Crawdaunt
|-supereffective|p1a: Crawdaunt
|-damage|p1a: Crawdaunt|0 fnt
|faint|p1a: Crawdaunt
|
|
|switch|p1a: Smeargle|Smeargle, F|252\/252
|turn|8
|
|switch|p2a: Registeel|Registeel|364\/364
|move|p1a: Smeargle|Spore|p2a: Registeel
|-status|p2a: Registeel|slp
|
|turn|9
|
|move|p1a: Smeargle|Shell Smash|p1a: Smeargle
|-boost|p1a: Smeargle|atk|2
|-boost|p1a: Smeargle|spa|2
|-boost|p1a: Smeargle|spe|2
|-unboost|p1a: Smeargle|def|1
|-unboost|p1a: Smeargle|spd|1
|cant|p2a: Registeel|slp
|
|turn|10
|
|move|p1a: Smeargle|Baton Pass|p1a: Smeargle
|
|switch|p1a: Victini|Victini|341\/341
|cant|p2a: Registeel|slp
|
|turn|11
|
|move|p1a: Victini|Brick Break|p2a: Registeel
|-supereffective|p2a: Registeel
|-damage|p2a: Registeel|88\/364 slp
|-damage|p1a: Victini|307\/341|[from] item: Life Orb
|cant|p2a: Registeel|slp
|
|-heal|p2a: Registeel|110\/364 slp|[from] item: Leftovers
|turn|12
|
|move|p1a: Victini|Brick Break|p2a: Registeel
|-supereffective|p2a: Registeel
|-damage|p2a: Registeel|0 fnt
|-damage|p1a: Victini|273\/341|[from] item: Life Orb
|faint|p2a: Registeel
|
|
|switch|p2a: Mienshao|Mienshao, F|271\/271
|turn|13
|
|move|p2a: Mienshao|Fake Out|p1a: Victini
|-damage|p1a: Victini|208\/341
|cant|p1a: Victini|flinch
|
|turn|14
|
|switch|p2a: Gyarados|Gyarados, M|355\/355
|-ability|p2a: Gyarados|Intimidate|[of] p1a: Victini
|-unboost|p1a: Victini|atk|1
|move|p1a: Victini|Bolt Strike|p2a: Gyarados
|-supereffective|p2a: Gyarados
|-damage|p2a: Gyarados|0 fnt
|-damage|p1a: Victini|174\/341|[from] item: Life Orb
|faint|p2a: Gyarados
|
|
|switch|p2a: Mienshao|Mienshao, F|271\/271
|turn|15
|
|move|p2a: Mienshao|Fake Out|p1a: Victini
|-damage|p1a: Victini|102\/341
|cant|p1a: Victini|flinch
|
|turn|16
|
|move|p2a: Mienshao|Fake Out|p1a: Victini
|-message|(Fake Out only works your first turn out.)
|-fail|p1a: Victini
|move|p1a: Victini|Bolt Strike|p2a: Mienshao
|-damage|p2a: Mienshao|0 fnt
|-damage|p1a: Victini|68\/341|[from] item: Life Orb
|faint|p2a: Mienshao
|
|
|switch|p2a: Dragonite|Dragonite, M|324\/324
|turn|17
|
|move|p1a: Victini|Bolt Strike|p2a: Dragonite|[miss]
|-miss|p1a: Victini|p2a: Dragonite
|move|p2a: Dragonite|Ice Beam|p1a: Victini
|-resisted|p1a: Victini
|-damage|p1a: Victini|1\/341
|
|turn|18
|
|move|p1a: Victini|Bolt Strike|p2a: Dragonite
|-damage|p2a: Dragonite|186\/324
|-damage|p1a: Victini|0 fnt|[from] item: Life Orb
|faint|p1a: Victini
|move|p2a: Dragonite|Ice Beam|p1: Victini|[notarget]
|-notarget
|
|
|switch|p1a: Smeargle|Smeargle, F|252\/252
|turn|19
|
|move|p2a: Dragonite|Ice Beam|p1a: Smeargle
|-damage|p1a: Smeargle|62\/252
|move|p1a: Smeargle|Spore|p2a: Dragonite
|-status|p2a: Dragonite|slp
|
|turn|20
|
|cant|p2a: Dragonite|slp
|move|p1a: Smeargle|Shell Smash|p1a: Smeargle
|-boost|p1a: Smeargle|atk|2
|-boost|p1a: Smeargle|spa|2
|-boost|p1a: Smeargle|spe|2
|-unboost|p1a: Smeargle|def|1
|-unboost|p1a: Smeargle|spd|1
|
|turn|21
|
|move|p1a: Smeargle|Baton Pass|p1a: Smeargle
|
|switch|p1a: Landorus-Therian|Landorus-Therian, M|382\/382
|-ability|p1a: Landorus-Therian|Intimidate|[of] p2a: Dragonite
|-unboost|p2a: Dragonite|atk|1
|cant|p2a: Dragonite|slp
|
|turn|22
|
|move|p1a: Landorus-Therian|Outrage|p2a: Dragonite
|-supereffective|p2a: Dragonite
|-damage|p2a: Dragonite|0 fnt
|faint|p2a: Dragonite
|
|win|KEW_007
|raw|Ladder updating...
|raw|Ladder (probably) updated, but score could not be retrieved (timeout).
|raw|Ladder (probably) updated, but score could not be retrieved (Error: socket hang up).
|leave|qqqqw
|player|p2