|join|quiladinftw
|join|qqqqw
|player|p1|quiladinftw|266
|player|p2|qqqqw|52
|gametype|singles
|gen|6
|tier|OU
|rated
|clearpoke
|poke|p1|Gyarados, F
|poke|p1|Gothitelle, F
|poke|p1|Clefable, M
|poke|p1|Latios, M
|poke|p1|Magnezone
|poke|p1|Talonflame, F
|poke|p2|Absol, M
|poke|p2|Azumarill, M
|poke|p2|Breloom, M
|poke|p2|Garchomp, F
|poke|p2|Gardevoir, F
|poke|p2|Scizor, F
|rule|Swagger Clause: Swagger is banned
|rule|Baton Pass Clause: Limit one Pokémon knowing Baton Pass
|rule|Sleep Clause Mod: Limit one foe put to sleep
|rule|Species Clause: Limit one of each Pokémon
|rule|OHKO Clause: OHKO moves are banned
|rule|Moody Clause: Moody is banned
|rule|Evasion Moves Clause: Evasion moves are banned
|rule|Endless Battle Clause: Forcing endless battles is banned
|rule|HP Percentage Mod: HP is shown in percentages
|teampreview
|
|start
|switch|p1a: Magnezone|Magnezone|281\/281
|switch|p2a: Absol|Absol, M|271\/271
|-ability|p2a: Absol|Pressure
|turn|1
|
|detailschange|p2a: Absol|Absol-Mega, M
|-mega|p2a: Absol|Absol|Absolite
|move|p2a: Absol|Protect|p2a: Absol
|-singleturn|p2a: Absol|Protect
|move|p1a: Magnezone|Volt Switch|p2a: Absol
|-activate|p2a: Absol|Protect
|
|turn|2
|
|switch|p2a: Garchomp|Garchomp, F|420\/420
|move|p1a: Magnezone|Volt Switch|p2a: Garchomp
|-immune|p2a: Garchomp|[msg]
|
|turn|3
|
|switch|p1a: Clefable|Clefable, M|394\/394
|move|p2a: Garchomp|Stealth Rock|p1a: Clefable
|-sidestart|p1: quiladinftw|move: Stealth Rock
|
|turn|4
|
|switch|p2a: Azumarill|Azumarill, M|404\/404
|move|p1a: Clefable|Flamethrower|p2a: Azumarill
|-resisted|p2a: Azumarill
|-damage|p2a: Azumarill|361\/404
|
|turn|5
|
|move|p1a: Clefable|Stealth Rock|p2a: Azumarill
|-sidestart|p2: qqqqw|move: Stealth Rock
|move|p2a: Azumarill|Play Rough|p1a: Clefable
|-damage|p1a: Clefable|136\/394
|
|-heal|p1a: Clefable|160\/394|[from] item: Leftovers
|turn|6
|
|switch|p1a: Gothitelle|Gothitelle, F|302\/302
|-damage|p1a: Gothitelle|265\/302|[from] Stealth Rock
|move|p2a: Azumarill|Play Rough|p1a: Gothitelle
|-damage|p1a: Gothitelle|0 fnt
|faint|p1a: Gothitelle
|
|
|switch|p1a: Magnezone|Magnezone|281\/281
|-damage|p1a: Magnezone|264\/281|[from] Stealth Rock
|turn|7
|
|switch|p2a: Garchomp|Garchomp, F|420\/420
|-damage|p2a: Garchomp|394\/420|[from] Stealth Rock
|move|p1a: Magnezone|Hidden Power|p2a: Garchomp
|-supereffective|p2a: Garchomp
|-damage|p2a: Garchomp|70\/420
|
|turn|8
|
|switch|p2a: Azumarill|Azumarill, M|361\/404
|-damage|p2a: Azumarill|311\/404|[from] Stealth Rock
|move|p1a: Magnezone|Hidden Power|p2a: Azumarill
|-resisted|p2a: Azumarill
|-damage|p2a: Azumarill|267\/404
|
|turn|9
|
|switch|p1a: Clefable|Clefable, M|160\/394
|move|p2a: Azumarill|Ice Punch|p1a: Clefable
|-damage|p1a: Clefable|9\/394
|
|-heal|p1a: Clefable|33\/394|[from] item: Leftovers
|turn|10
|
|switch|p1a: Magnezone|Magnezone|264\/281
|-damage|p1a: Magnezone|247\/281|[from] Stealth Rock
|switch|p2a: Scizor|Scizor, F|311\/311
|-damage|p2a: Scizor|273\/311|[from] Stealth Rock
|
|turn|11
|
|move|p1a: Magnezone|Thunderbolt|p2a: Scizor
|-damage|p2a: Scizor|81\/311
|move|p2a: Scizor|Knock Off|p1a: Magnezone
|-damage|p1a: Magnezone|83\/281
|-enditem|p1a: Magnezone|Choice Scarf|[from] move: Knock Off|[of] p2a: Scizor
|
|turn|12
|
|move|p1a: Magnezone|Thunderbolt|p2a: Scizor
|-damage|p2a: Scizor|0 fnt
|faint|p2a: Scizor
|
|
|switch|p2a: Garchomp|Garchomp, F|70\/420
|-damage|p2a: Garchomp|44\/420|[from] Stealth Rock
|turn|13
|
|move|p2a: Garchomp|Fire Blast|p1a: Magnezone
|-supereffective|p1a: Magnezone
|-damage|p1a: Magnezone|0 fnt
|faint|p1a: Magnezone
|
|
|switch|p1a: Latios|Latios, M|301\/301
|-damage|p1a: Latios|264\/301|[from] Stealth Rock
|turn|14
|
|switch|p2a: Gardevoir|Gardevoir, F|330\/330
|-damage|p2a: Gardevoir|289\/330|[from] Stealth Rock
|-ability|p2a: Gardevoir|Levitate|[from] ability: Trace|[of] p1a: Latios
|move|p1a: Latios|Psyshock|p2a: Gardevoir
|-resisted|p2a: Gardevoir
|-damage|p2a: Gardevoir|171\/330
|-damage|p1a: Latios|234\/301|[from] item: Life Orb
|
|-heal|p2a: Gardevoir|191\/330|[from] item: Leftovers
|turn|15
|
|switch|p1a: Clefable|Clefable, M|33\/394
|move|p2a: Gardevoir|Moonblast|p1a: Clefable
|-damage|p1a: Clefable|0 fnt
|faint|p1a: Clefable
|
|-heal|p2a: Gardevoir|211\/330|[from] item: Leftovers
|
|switch|p1a: Talonflame|Talonflame, F|359\/359
|-damage|p1a: Talonflame|180\/359|[from] Stealth Rock
|turn|16
|
|move|p1a: Talonflame|Bulk Up|p1a: Talonflame
|-boost|p1a: Talonflame|atk|1
|-boost|p1a: Talonflame|def|1
|move|p2a: Gardevoir|Psychic|p1a: Talonflame
|-damage|p1a: Talonflame|72\/359
|
|-heal|p1a: Talonflame|94\/359|[from] item: Leftovers
|-heal|p2a: Gardevoir|231\/330|[from] item: Leftovers
|turn|17
|
|move|p1a: Talonflame|Roost|p1a: Talonflame
|-heal|p1a: Talonflame|274\/359
|move|p2a: Gardevoir|Calm Mind|p2a: Gardevoir
|-boost|p2a: Gardevoir|spa|1
|-boost|p2a: Gardevoir|spd|1
|
|-heal|p1a: Talonflame|296\/359|[from] item: Leftovers
|-heal|p2a: Gardevoir|251\/330|[from] item: Leftovers
|turn|18
|
|move|p1a: Talonflame|Bulk Up|p1a: Talonflame
|-boost|p1a: Talonflame|atk|1
|-boost|p1a: Talonflame|def|1
|move|p2a: Gardevoir|Psychic|p1a: Talonflame
|-damage|p1a: Talonflame|110\/359
|
|-heal|p1a: Talonflame|132\/359|[from] item: Leftovers
|-heal|p2a: Gardevoir|271\/330|[from] item: Leftovers
|turn|19
|
|move|p1a: Talonflame|Brave Bird|p2a: Gardevoir
|-damage|p2a: Gardevoir|0 fnt
|-damage|p1a: Talonflame|43\/359|[from] recoil|[of] p2a: Gardevoir
|faint|p2a: Gardevoir
|
|-heal|p1a: Talonflame|65\/359|[from] item: Leftovers
|
|switch|p2a: Garchomp|Garchomp, F|44\/420
|-damage|p2a: Garchomp|18\/420|[from] Stealth Rock
|turn|20
|
|move|p1a: Talonflame|Roost|p1a: Talonflame
|-heal|p1a: Talonflame|245\/359
|move|p2a: Garchomp|Earthquake|p1a: Talonflame
|-supereffective|p1a: Talonflame
|-damage|p1a: Talonflame|77\/359
|
|-heal|p1a: Talonflame|99\/359|[from] item: Leftovers
|turn|21
|
|move|p1a: Talonflame|Roost|p1a: Talonflame
|-heal|p1a: Talonflame|279\/359
|move|p2a: Garchomp|Earthquake|p1a: Talonflame
|-supereffective|p1a: Talonflame
|-damage|p1a: Talonflame|99\/359
|
|-heal|p1a: Talonflame|121\/359|[from] item: Leftovers
|turn|22
|
|move|p2a: Garchomp|Earthquake|p1a: Talonflame
|-immune|p1a: Talonflame|[msg]
|move|p1a: Talonflame|Bulk Up|p1a: Talonflame
|-boost|p1a: Talonflame|atk|1
|-boost|p1a: Talonflame|def|1
|
|-heal|p1a: Talonflame|143\/359|[from] item: Leftovers
|turn|23
|
|move|p1a: Talonflame|Brave Bird|p2a: Garchomp
|-damage|p2a: Garchomp|0 fnt
|-damage|p1a: Talonflame|99\/359|[from] ability: Rough Skin|[of] p2a: Garchomp
|-damage|p1a: Talonflame|40\/359|[from] item: Rocky Helmet|[of] p2a: Garchomp
|-damage|p1a: Talonflame|34\/359|[from] recoil|[of] p2a: Garchomp
|faint|p2a: Garchomp
|
|-heal|p1a: Talonflame|56\/359|[from] item: Leftovers
|
|switch|p2a: Breloom|Breloom, M|262\/262
|-damage|p2a: Breloom|246\/262|[from] Stealth Rock
|turn|24
|
|move|p1a: Talonflame|Roost|p1a: Talonflame
|-heal|p1a: Talonflame|236\/359
|move|p2a: Breloom|Spore|p1a: Talonflame
|-status|p1a: Talonflame|slp
|
|-heal|p1a: Talonflame|258\/359 slp|[from] item: Leftovers
|turn|25
|
|switch|p2a: Azumarill|Azumarill, M|267\/404
|-damage|p2a: Azumarill|217\/404|[from] Stealth Rock
|cant|p1a: Talonflame|slp
|
|-heal|p1a: Talonflame|280\/359 slp|[from] item: Leftovers
|turn|26
|
|cant|p1a: Talonflame|slp
|move|p2a: Azumarill|Aqua Jet|p1a: Talonflame
|-supereffective|p1a: Talonflame
|-damage|p1a: Talonflame|134\/359 slp
|
|-heal|p1a: Talonflame|156\/359 slp|[from] item: Leftovers
|turn|27
|
|-curestatus|p1a: Talonflame|slp
|move|p1a: Talonflame|Brave Bird|p2a: Azumarill
|-damage|p2a: Azumarill|0 fnt
|-damage|p1a: Talonflame|84\/359|[from] recoil|[of] p2a: Azumarill
|faint|p2a: Azumarill
|
|-heal|p1a: Talonflame|106\/359|[from] item: Leftovers
|
|switch|p2a: Breloom|Breloom, M|246\/262
|-damage|p2a: Breloom|230\/262|[from] Stealth Rock
|turn|28
|
|move|p1a: Talonflame|Brave Bird|p2a: Breloom
|-supereffective|p2a: Breloom
|-damage|p2a: Breloom|0 fnt
|-damage|p1a: Talonflame|30\/359|[from] recoil|[of] p2a: Breloom
|faint|p2a: Breloom
|
|-heal|p1a: Talonflame|52\/359|[from] item: Leftovers
|
|switch|p2a: Absol|Absol-Mega, M|271\/271
|-damage|p2a: Absol|238\/271|[from] Stealth Rock
|turn|29
|
|move|p1a: Talonflame|Roost|p1a: Talonflame
|-heal|p1a: Talonflame|232\/359
|move|p2a: Absol|Knock Off|p1a: Talonflame
|-damage|p1a: Talonflame|160\/359
|-enditem|p1a: Talonflame|Leftovers|[from] move: Knock Off|[of] p2a: Absol
|
|turn|30
|
|move|p1a: Talonflame|Brave Bird|p2a: Absol
|-damage|p2a: Absol|0 fnt
|-damage|p1a: Talonflame|81\/359|[from] recoil|[of] p2a: Absol
|faint|p2a: Absol
|
|win|quiladinftw
|raw|Ladder updating...
|raw|quiladinftw's rating: 1526 &rarr; <strong>1546<\/strong><br \/>(+20 for winning)
|raw|qqqqw's rating: 1531 &rarr; <strong>1511<\/strong><br \/>(-20 for losing)