|join|slurpuffizfood
|join|Itachi-the-Boss
|join|BIGSTEELIX
|player|p1|slurpuffizfood|172
|player|p2|Itachi-the-Boss|293
|gametype|singles
|gen|6
|tier|OU
|rated
|clearpoke
|poke|p1|Volcarona, F
|poke|p1|Mew
|poke|p1|Dragonite, M
|poke|p1|Rotom-Wash
|poke|p1|Venusaur, F
|poke|p1|Heatran, M
|poke|p2|Lopunny, M, shiny
|poke|p2|Latios, M
|poke|p2|Magnezone
|poke|p2|Chansey, F, shiny
|poke|p2|Landorus-Therian, M
|poke|p2|Skarmory, F
|rule|Swagger Clause: Swagger is banned
|rule|Baton Pass Clause: Limit one Pokémon knowing Baton Pass
|rule|Sleep Clause Mod: Limit one foe put to sleep
|rule|Species Clause: Limit one of each Pokémon
|rule|OHKO Clause: OHKO moves are banned
|rule|Moody Clause: Moody is banned
|rule|Evasion Moves Clause: Evasion moves are banned
|rule|Endless Battle Clause: Forcing endless battles is banned
|rule|HP Percentage Mod: HP is shown in percentages
|teampreview
|join|napty
|c| napty|this team
|c| napty|*sick*
|c|★slurpuffizfood|why
|c| napty|venusaur
|c| napty|mew
|c| BIGSTEELIX|napty hates venusaur
|c| napty|meh
|c|★slurpuffizfood|lol
|c|★slurpuffizfood|leaf storm!!
|c| BIGSTEELIX|fat dinosaur
|
|start
|switch|p1a: Fren-Washer|Rotom-Wash|304\/304
|switch|p2a: Lopunny|Lopunny, M, shiny|271\/271
|turn|1
|c| BIGSTEELIX|fren washer
|c| BIGSTEELIX|o_O
|c|★slurpuffizfood|uhhh yea
|
|detailschange|p2a: Lopunny|Lopunny-Mega, M, shiny
|-mega|p2a: Lopunny|Lopunny|Lopunnite
|move|p2a: Lopunny|Fake Out|p1a: Fren-Washer
|-damage|p1a: Fren-Washer|246\/304
|cant|p1a: Fren-Washer|flinch
|
|-heal|p1a: Fren-Washer|265\/304|[from] item: Leftovers
|turn|2
|c| BIGSTEELIX|can't faap
|c| BIGSTEELIX|lol
|c|★slurpuffizfood|lol
|c| napty|lopunny
|c| napty|such a garbage mon
|c| BIGSTEELIX|pls
|
|switch|p2a: Latios|Latios, M|301\/301
|move|p1a: Fren-Washer|Volt Switch|p2a: Latios
|-resisted|p2a: Latios
|-damage|p2a: Latios|259\/301
|c|★slurpuffizfood|s rank lol
|c| napty|misses high jump kick 90% of the time
|c| BIGSTEELIX|looool
|c|★slurpuffizfood|does he have eq
|c| BIGSTEELIX|hydro pump is worse
|c| napty|yes
|c| napty|eq makes sense looking at this team's structure
|c| BIGSTEELIX|today with slurpuff i was said "now don't miss" cause i was gonna sweep some guy with keldeo and it missed on the second hit
|c|★slurpuffizfood|nope he doesnt
|
|switch|p1a: Heatransexual|Heatran, M|375\/375
|
|turn|3
|c| napty|lol leaf
|
|switch|p1a: ImGayForMyFrens|Dragonite, M|323\/323
|move|p2a: Latios|Trick|p1a: ImGayForMyFrens
|-activate|p2a: Latios|move: Trick|[of] p1a: ImGayForMyFrens
|-item|p1a: ImGayForMyFrens|Choice Scarf|[from] move: Trick
|-item|p2a: Latios|Choice Band|[from] move: Trick
|
|turn|4
|c|★slurpuffizfood|kay
|
|switch|p2a: Skarmory|Skarmory, F|334\/334
|move|p1a: ImGayForMyFrens|Thunder Punch|p2a: Skarmory
|-supereffective|p2a: Skarmory
|-damage|p2a: Skarmory|222\/334
|
|-heal|p2a: Skarmory|242\/334|[from] item: Leftovers
|turn|5
|c| BIGSTEELIX|lol
|c|★slurpuffizfood|zero
|c|★slurpuffizfood|absolute zero
|
|switch|p1a: Heatransexual|Heatran, M|375\/375
|switch|p2a: Landorus-Therian|Landorus-Therian, M|382\/382
|-ability|p2a: Landorus-Therian|Intimidate|[of] p1a: Heatransexual
|-unboost|p1a: Heatransexual|atk|1
|
|turn|6
|c| BIGSTEELIX|heatransexual wow
|c|★slurpuffizfood|lol
|
|switch|p1a: Fren-Washer|Rotom-Wash|265\/304
|move|p2a: Landorus-Therian|Earthquake|p1a: Fren-Washer
|-immune|p1a: Fren-Washer|[msg]
|
|-heal|p1a: Fren-Washer|284\/304|[from] item: Leftovers
|turn|7
|c| napty|invested tpunch
|c| napty|is weaker
|c| napty|than
|c| napty|uninvested fire blast
|
|switch|p2a: Latios|Latios, M|259\/301
|move|p1a: Fren-Washer|Will-O-Wisp|p2a: Latios
|-status|p2a: Latios|brn
|
|-heal|p1a: Fren-Washer|303\/304|[from] item: Leftovers
|-damage|p2a: Latios|222\/301 brn|[from] brn
|turn|8
|c|★slurpuffizfood|:o
|c| BIGSTEELIX|but ona band
|c|★slurpuffizfood|not on band tho
|c| BIGSTEELIX|lol
|c| napty|you're trickked tho
|c|★slurpuffizfood|fak
|c|★slurpuffizfood|scarf outrage to kill all
|c| BIGSTEELIX|lol
|
|switch|p1a: Heatransexual|Heatran, M|375\/375
|move|p2a: Latios|Draco Meteor|p1a: Heatransexual
|-resisted|p1a: Heatransexual
|-damage|p1a: Heatransexual|278\/375
|-unboost|p2a: Latios|spa|2
|
|-heal|p1a: Heatransexual|301\/375|[from] item: Leftovers
|-damage|p2a: Latios|185\/301 brn|[from] brn
|turn|9
|
|switch|p2a: Landorus-Therian|Landorus-Therian, M|382\/382
|-ability|p2a: Landorus-Therian|Intimidate|[of] p1a: Heatransexual
|-unboost|p1a: Heatransexual|atk|1
|move|p1a: Heatransexual|Lava Plume|p2a: Landorus-Therian
|-damage|p2a: Landorus-Therian|249\/382
|
|-heal|p1a: Heatransexual|324\/375|[from] item: Leftovers
|-heal|p2a: Landorus-Therian|272\/382|[from] item: Leftovers
|turn|10
|c| napty|banded draco
|
|move|p1a: Heatransexual|Stealth Rock|p2a: Landorus-Therian
|-sidestart|p2: Itachi-the-Boss|move: Stealth Rock
|move|p2a: Landorus-Therian|Stealth Rock|p1a: Heatransexual
|-sidestart|p1: slurpuffizfood|move: Stealth Rock
|
|-heal|p1a: Heatransexual|347\/375|[from] item: Leftovers
|-heal|p2a: Landorus-Therian|295\/382|[from] item: Leftovers
|turn|11
|c| napty|not something to scoff at
|c| BIGSTEELIX|new meta
|c| BIGSTEELIX|tricking band into fairy types
|
|move|p1a: Heatransexual|Will-O-Wisp|p2a: Landorus-Therian
|-status|p2a: Landorus-Therian|brn
|move|p2a: Landorus-Therian|Knock Off|p1a: Heatransexual
|-damage|p1a: Heatransexual|295\/375
|-enditem|p1a: Heatransexual|Leftovers|[from] move: Knock Off|[of] p2a: Landorus-Therian
|
|-heal|p2a: Landorus-Therian|318\/382 brn|[from] item: Leftovers
|-damage|p2a: Landorus-Therian|271\/382 brn|[from] brn
|turn|12
|c| BIGSTEELIX|cause spec would give them a better advantage
|c|★slurpuffizfood|lol
|c|★slurpuffizfood|right
|
|switch|p1a: Fren-Washer|Rotom-Wash|303\/304
|-damage|p1a: Fren-Washer|265\/304|[from] Stealth Rock
|switch|p2a: Chansey|Chansey, F, shiny|642\/642
|-damage|p2a: Chansey|562\/642|[from] Stealth Rock
|
|-heal|p1a: Fren-Washer|284\/304|[from] item: Leftovers
|turn|13
|c| BIGSTEELIX|ballsy
|c| napty|jeffrey
|
|move|p1a: Fren-Washer|Volt Switch|p2a: Chansey
|-damage|p2a: Chansey|520\/642
|c| napty|remets-nous des glaçons
|c| BIGSTEELIX|wat
|c| BIGSTEELIX|dafuq napty
|c| napty|are you serious
|
|switch|p1a: Heatransexual|Heatran, M|295\/375
|-damage|p1a: Heatransexual|249\/375|[from] Stealth Rock
|move|p2a: Chansey|Heal Bell|p2a: Chansey
|-cureteam|p2a: Chansey|[from] move: HealBell
|
|turn|14
|c|★slurpuffizfood|huh
|c| napty|this is a goddamn french song
|c| napty|and you dont even know it?
|c| BIGSTEELIX|like i know all french songs
|c| napty|it is popular
|c| BIGSTEELIX|c'est soprano?
|
|switch|p1a: Venus|Venusaur, F|359\/359
|-damage|p1a: Venus|315\/359|[from] Stealth Rock
|move|p2a: Chansey|Seismic Toss|p1a: Venus
|-damage|p1a: Venus|215\/359
|
|turn|15
|c| napty|ye
|c| napty|https:\/\/www.youtube.com\/watch?v=DrQfZ96rX18
|c| BIGSTEELIX|mdr
|c| napty|listen
|c|★slurpuffizfood|how do i even kill
|c|★slurpuffizfood|this fat shit
|c| BIGSTEELIX|putain j'aime pas soprano
|c| napty|wrap it til the end
|
|switch|p2a: Magnezone|Magnezone|299\/299
|-damage|p2a: Magnezone|281\/299|[from] Stealth Rock
|detailschange|p1a: Venus|Venusaur-Mega, F
|-mega|p1a: Venus|Venusaur|Venusaurite
|move|p1a: Venus|Giga Drain|p2a: Magnezone
|-resisted|p2a: Magnezone
|-damage|p2a: Magnezone|209\/299
|-heal|p1a: Venus|251\/359|[from] drain|[of] p2a: Magnezone
|
|turn|16
|c| napty|lol really? i liek him
|
|move|p2a: Magnezone|Volt Switch|p1a: Venus
|-resisted|p1a: Venus
|-damage|p1a: Venus|158\/359
|
|switch|p2a: Skarmory|Skarmory, F|242\/334
|-damage|p2a: Skarmory|201\/334|[from] Stealth Rock
|move|p1a: Venus|Sludge Bomb|p2a: Skarmory
|-immune|p2a: Skarmory|[msg]
|
|-heal|p2a: Skarmory|221\/334|[from] item: Leftovers
|turn|17
|c| napty|i hate ariana grande
|
|move|p1a: Venus|Hidden Power|p2a: Skarmory
|-supereffective|p2a: Skarmory
|-damage|p2a: Skarmory|15\/334
|move|p2a: Skarmory|Roost|p2a: Skarmory
|-heal|p2a: Skarmory|182\/334
|
|-heal|p2a: Skarmory|202\/334|[from] item: Leftovers
|turn|18
|c| napty|she lacks a brain
|c| BIGSTEELIX|i like her more than soprano
|c| BIGSTEELIX|..
|c| napty|lol
|c| BIGSTEELIX|i still don't like her
|c| BIGSTEELIX|lol
|
|switch|p2a: Latios|Latios, M|185\/301
|-damage|p2a: Latios|148\/301|[from] Stealth Rock
|move|p1a: Venus|Synthesis|p1a: Venus
|-heal|p1a: Venus|337\/359
|
|turn|19
|
|switch|p1a: Heatransexual|Heatran, M|249\/375
|-damage|p1a: Heatransexual|203\/375|[from] Stealth Rock
|move|p2a: Latios|Psyshock|p1a: Heatransexual
|-resisted|p1a: Heatransexual
|-damage|p1a: Heatransexual|137\/375
|
|turn|20
|c| napty|lol glad we share the same thoughts about that at least
|c| BIGSTEELIX|haha
|
|switch|p2a: Chansey|Chansey, F, shiny|520\/642
|-damage|p2a: Chansey|440\/642|[from] Stealth Rock
|move|p1a: Heatransexual|Taunt|p2a: Chansey
|-start|p2a: Chansey|move: Taunt
|
|turn|21
|c| napty|why are we talking in english
|
|switch|p1a: MooOooOOo|Mew|404\/404
|-damage|p1a: MooOooOOo|354\/404|[from] Stealth Rock
|move|p2a: Chansey|Seismic Toss|p1a: MooOooOOo
|-damage|p1a: MooOooOOo|254\/404
|
|turn|22
|c| BIGSTEELIX|to let the other understand
|c| BIGSTEELIX|lol
|
|switch|p2a: Latios|Latios, M|148\/301
|-damage|p2a: Latios|111\/301|[from] Stealth Rock
|move|p1a: MooOooOOo|Will-O-Wisp|p2a: Latios
|-status|p2a: Latios|brn
|
|-damage|p2a: Latios|74\/301 brn|[from] brn
|turn|23
|c| napty|lol okay
|
|switch|p1a: ImGayForMyFrens|Dragonite, M|323\/323
|-damage|p1a: ImGayForMyFrens|243\/323|[from] Stealth Rock
|move|p2a: Latios|Trick|p1a: ImGayForMyFrens
|-activate|p2a: Latios|move: Trick|[of] p1a: ImGayForMyFrens
|-item|p1a: ImGayForMyFrens|Choice Band|[from] move: Trick
|-item|p2a: Latios|Choice Scarf|[from] move: Trick
|
|-damage|p2a: Latios|37\/301 brn|[from] brn
|turn|24
|c|★slurpuffizfood|mooOOooo
|c| BIGSTEELIX|lool
|c| napty|popular song are mostly dumbshit these days
|
|switch|p2a: Landorus-Therian|Landorus-Therian, M|271\/382
|-damage|p2a: Landorus-Therian|224\/382|[from] Stealth Rock
|-ability|p2a: Landorus-Therian|Intimidate|[of] p1a: ImGayForMyFrens
|-unboost|p1a: ImGayForMyFrens|atk|1
|move|p1a: ImGayForMyFrens|Extreme Speed|p2a: Landorus-Therian
|-damage|p2a: Landorus-Therian|143\/382
|
|-heal|p2a: Landorus-Therian|166\/382|[from] item: Leftovers
|turn|25
|c|★slurpuffizfood|ughh i just realised
|c|★slurpuffizfood|its skarmbliss
|c| napty|chanskarm*
|c| BIGSTEELIX|yeah
|c|★slurpuffizfood|right
|
|switch|p1a: Fren-Washer|Rotom-Wash|284\/304
|-damage|p1a: Fren-Washer|246\/304|[from] Stealth Rock
|move|p2a: Landorus-Therian|U-turn|p1a: Fren-Washer
|-damage|p1a: Fren-Washer|193\/304
|c| BIGSTEELIX|skarmbliss is so gen 4
|c| BIGSTEELIX|lol
|c|★slurpuffizfood|lol
|c| BIGSTEELIX|now it's skarmchans
|c|★slurpuffizfood|damn
|c| BIGSTEELIX|or chanskarm yeah sounds better
|c|★slurpuffizfood|imo 2 fatties sounds better
|
|switch|p2a: Magnezone|Magnezone|209\/299
|-damage|p2a: Magnezone|191\/299|[from] Stealth Rock
|
|-heal|p1a: Fren-Washer|212\/304|[from] item: Leftovers
|turn|26
|c| napty|i dont even know the official name for this core
|
|switch|p1a: Venus|Venusaur-Mega, F|337\/359
|-damage|p1a: Venus|293\/359|[from] Stealth Rock
|move|p2a: Magnezone|Thunderbolt|p1a: Venus
|-resisted|p1a: Venus
|-damage|p1a: Venus|186\/359
|-status|p1a: Venus|par
|
|turn|27
|c|★slurpuffizfood|i wash my frens
|c|★slurpuffizfood|okay
|c| napty|specs as hell, right?
|c|★slurpuffizfood|uhhhhhh
|c|★slurpuffizfood|fkin para
|c|★slurpuffizfood|u kidding me
|
|move|p2a: Magnezone|Thunderbolt|p1a: Venus
|-crit|p1a: Venus
|-resisted|p1a: Venus
|-damage|p1a: Venus|22\/359 par
|move|p1a: Venus|Synthesis|p1a: Venus
|-heal|p1a: Venus|201\/359 par
|
|turn|28
|c| napty|lo
|c| napty|l
|c|★slurpuffizfood|and crit
|
|move|p2a: Magnezone|Thunderbolt|p1a: Venus
|-crit|p1a: Venus
|-resisted|p1a: Venus
|-damage|p1a: Venus|18\/359 par
|move|p1a: Venus|Synthesis|p1a: Venus
|-heal|p1a: Venus|197\/359 par
|
|turn|29
|c|★slurpuffizfood|wow
|c| napty|this guy should play loto
|c| BIGSTEELIX|even at soprano songsi get that "all about that bass" song on the related songs --'
|
|switch|p2a: Lopunny|Lopunny-Mega, M, shiny|271\/271
|-damage|p2a: Lopunny|255\/271|[from] Stealth Rock
|move|p1a: Venus|Synthesis|p1a: Venus
|-heal|p1a: Venus|359\/359 par
|
|turn|30
|c|★slurpuffizfood|do you have scope lens
|c| napty|lol leaf
|
|move|p2a: Lopunny|Fake Out|p1a: Venus
|-damage|p1a: Venus|301\/359 par
|cant|p1a: Venus|flinch
|
|turn|31
|c| napty|i hate meghan trainor too
|c| BIGSTEELIX|yeah
|c| BIGSTEELIX|i don't hate
|
|move|p2a: Lopunny|Frustration|p1a: Venus
|-crit|p1a: Venus
|-damage|p1a: Venus|54\/359 par
|cant|p1a: Venus|par
|
|turn|32
|c| BIGSTEELIX|it's just it's fucking everywhere
|c|★slurpuffizfood|are
|c|★slurpuffizfood|u
|c|★slurpuffizfood|kiding
|c|★slurpuffizfood|me
|c|★slurpuffizfood|or
|c|★slurpuffizfood|what
|c|★slurpuffizfood|w
|c|★slurpuffizfood|t
|c| napty|lol
|c|★slurpuffizfood|f
|c| BIGSTEELIX|owned
|
|move|p2a: Lopunny|Frustration|p1a: Venus
|-damage|p1a: Venus|0 fnt
|faint|p1a: Venus
|
|c| napty|leaf what is your favorite singer
|c|★slurpuffizfood|wow im surprised that didnt crit
|
|switch|p1a: Fren-Washer|Rotom-Wash|212\/304
|-damage|p1a: Fren-Washer|174\/304|[from] Stealth Rock
|turn|33
|
|switch|p2a: Landorus-Therian|Landorus-Therian, M|166\/382
|-damage|p2a: Landorus-Therian|119\/382|[from] Stealth Rock
|-ability|p2a: Landorus-Therian|Intimidate|[of] p1a: Fren-Washer
|-unboost|p1a: Fren-Washer|atk|1
|move|p1a: Fren-Washer|Will-O-Wisp|p2a: Landorus-Therian
|-status|p2a: Landorus-Therian|brn
|
|-heal|p2a: Landorus-Therian|142\/382 brn|[from] item: Leftovers
|-heal|p1a: Fren-Washer|193\/304|[from] item: Leftovers
|-damage|p2a: Landorus-Therian|95\/382 brn|[from] brn
|turn|34
|c| BIGSTEELIX|mmm
|
|switch|p1a: Heatransexual|Heatran, M|137\/375
|-damage|p1a: Heatransexual|91\/375|[from] Stealth Rock
|move|p2a: Landorus-Therian|Knock Off|p1a: Heatransexual
|-damage|p1a: Heatransexual|57\/375
|
|-heal|p2a: Landorus-Therian|118\/382 brn|[from] item: Leftovers
|-damage|p2a: Landorus-Therian|71\/382 brn|[from] brn
|turn|35
|c| BIGSTEELIX|i don't have a favorite singer really
|c| BIGSTEELIX|i listen to electronics
|
|move|p1a: Heatransexual|Lava Plume|p2a: Landorus-Therian
|-damage|p2a: Landorus-Therian|0 fnt
|faint|p2a: Landorus-Therian
|
|c| BIGSTEELIX|i like some ofc
|c| BIGSTEELIX|however
|
|switch|p2a: Lopunny|Lopunny-Mega, M, shiny|255\/271
|-damage|p2a: Lopunny|239\/271|[from] Stealth Rock
|turn|36
|c| napty|okay cool
|c| napty|i used to listen electro too
|c| BIGSTEELIX|used?
|c| napty|?
|c| BIGSTEELIX|you stopped?
|c|★slurpuffizfood|i listen to pikachu screaming pikapikapikapika
|c| BIGSTEELIX|lol
|c| napty|ye
|
|move|p2a: Lopunny|Frustration|p1a: Heatransexual
|-resisted|p1a: Heatransexual
|-damage|p1a: Heatransexual|0 fnt
|faint|p1a: Heatransexual
|
|c| BIGSTEELIX|why
|c| napty|idk
|c| napty|lol
|
|switch|p1a: MooOooOOo|Mew|254\/404
|-damage|p1a: MooOooOOo|204\/404|[from] Stealth Rock
|turn|37
|c| napty|was bored
|
|switch|p2a: Latios|Latios, M|37\/301 brn
|-damage|p2a: Latios|0 fnt|[from] Stealth Rock
|faint|p2a: Latios
|move|p1a: MooOooOOo|Roost|p1a: MooOooOOo
|-heal|p1a: MooOooOOo|404\/404
|
|
|switch|p2a: Magnezone|Magnezone|191\/299
|-damage|p2a: Magnezone|173\/299|[from] Stealth Rock
|turn|38
|c|★slurpuffizfood|was this specs
|c|★slurpuffizfood|napty u were saying
|c| napty|i liek a lot US lyrical rap \/ hip hop
|c| napty|yeah this is
|c|★slurpuffizfood|im a spiritual lyrical miracle individual!
|c| BIGSTEELIX|wtf
|
|move|p1a: MooOooOOo|Earthquake|p2a: Magnezone
|-supereffective|p2a: Magnezone
|-damage|p2a: Magnezone|0 fnt
|faint|p2a: Magnezone
|
|c| napty|lol
|
|switch|p2a: Skarmory|Skarmory, F|202\/334
|-damage|p2a: Skarmory|161\/334|[from] Stealth Rock
|turn|39
|c|★slurpuffizfood|did u see that
|
|switch|p2a: Lopunny|Lopunny-Mega, M, shiny|239\/271
|-damage|p2a: Lopunny|223\/271|[from] Stealth Rock
|move|p1a: MooOooOOo|Will-O-Wisp|p2a: Lopunny
|-status|p2a: Lopunny|brn
|
|-damage|p2a: Lopunny|190\/271 brn|[from] brn
|turn|40
|c| napty|ye
|c| napty|lol
|c| napty|nissh
|c|★slurpuffizfood|is he throwing the game
|
|move|p2a: Lopunny|Toxic|p1a: MooOooOOo
|-status|p1a: MooOooOOo|tox
|move|p1a: MooOooOOo|Earthquake|p2a: Lopunny
|-damage|p2a: Lopunny|64\/271 brn
|
|-damage|p2a: Lopunny|31\/271 brn|[from] brn
|-damage|p1a: MooOooOOo|379\/404 tox|[from] psn
|turn|41
|c|★slurpuffizfood|wat
|c| BIGSTEELIX|equake mew
|c| BIGSTEELIX|new meta
|c|★slurpuffizfood|thanks
|c| napty|toxic is actually viable on lop
|
|switch|p2a: Chansey|Chansey, F, shiny|440\/642
|-damage|p2a: Chansey|360\/642|[from] Stealth Rock
|move|p1a: MooOooOOo|Earthquake|p2a: Chansey
|-damage|p2a: Chansey|210\/642
|
|-damage|p1a: MooOooOOo|329\/404 tox|[from] psn
|turn|42
|c|★slurpuffizfood|im carrying earth plate too btw
|c| BIGSTEELIX|lol pls
|
|switch|p1a: Fren-Washer|Rotom-Wash|193\/304
|-damage|p1a: Fren-Washer|155\/304|[from] Stealth Rock
|move|p2a: Chansey|Soft-Boiled|p2a: Chansey
|-heal|p2a: Chansey|531\/642
|
|-heal|p1a: Fren-Washer|174\/304|[from] item: Leftovers
|turn|43
|
|move|p1a: Fren-Washer|Pain Split|p2a: Chansey
|-sethp|p2a: Chansey|352\/642|p1a: Fren-Washer|304\/304|[from] move: Pain Split
|move|p2a: Chansey|Heal Bell|p2a: Chansey
|-cureteam|p2a: Chansey|[from] move: HealBell
|
|turn|44
|c| napty|lol leaf
|join|AlbertDaEinstein
|c| BIGSTEELIX|?
|
|move|p1a: Fren-Washer|Will-O-Wisp|p2a: Chansey
|-status|p2a: Chansey|brn
|move|p2a: Chansey|Soft-Boiled|p2a: Chansey
|-heal|p2a: Chansey|642\/642 brn
|
|-damage|p2a: Chansey|562\/642 brn|[from] brn
|turn|45
|c| napty|when I say "leaf i'm thinking at the beer
|c| napty|"leaf"*
|
|move|p1a: Fren-Washer|Pain Split|p2a: Chansey
|-sethp|p2a: Chansey|433\/642 brn|p1a: Fren-Washer|304\/304|[from] move: Pain Split
|move|p2a: Chansey|Toxic|p1a: Fren-Washer
|-status|p1a: Fren-Washer|tox
|
|-damage|p1a: Fren-Washer|285\/304 tox|[from] psn
|-damage|p2a: Chansey|353\/642 brn|[from] brn
|turn|46
|c| napty|http:\/\/www.google.fr\/url?source=imglanding&ct=img&q=http:\/\/www.prodimarques.com\/documents\/gratuit\/57\/img\/leffe-biere.jpg&sa=X&ei=rU25VLuXFc-xaZ-CgvAK&ved=0CAkQ8wc&usg=AFQjCNHnt1cOgETogu49ekRYx5ZixGCM9A
|
|move|p1a: Fren-Washer|Volt Switch|p2a: Chansey
|-damage|p2a: Chansey|308\/642 brn
|c|★slurpuffizfood|whats that
|
|switch|p1a: ImGayForMyFrens|Dragonite, M|243\/323
|-damage|p1a: ImGayForMyFrens|163\/323|[from] Stealth Rock
|move|p2a: Chansey|Soft-Boiled|p2a: Chansey
|-heal|p2a: Chansey|629\/642 brn
|
|-damage|p2a: Chansey|549\/642 brn|[from] brn
|turn|47
|c| BIGSTEELIX|cest pas la meme prononciation si?
|c| BIGSTEELIX|lol
|
|switch|p2a: Lopunny|Lopunny-Mega, M, shiny|31\/271
|-damage|p2a: Lopunny|15\/271|[from] Stealth Rock
|move|p1a: ImGayForMyFrens|Superpower|p2a: Lopunny
|-supereffective|p2a: Lopunny
|-damage|p2a: Lopunny|0 fnt
|-unboost|p1a: ImGayForMyFrens|atk|1
|-unboost|p1a: ImGayForMyFrens|def|1
|faint|p2a: Lopunny
|
|c| napty|j'ai toujours prononcé leffe life
|c| napty|lol
|c| BIGSTEELIX|wtf
|
|switch|p2a: Skarmory|Skarmory, F|161\/334
|-damage|p2a: Skarmory|120\/334|[from] Stealth Rock
|turn|48
|c| napty|lol
|c| napty|this nickname
|c| napty|LOL
|
|switch|p1a: Fren-Washer|Rotom-Wash|285\/304 tox
|-damage|p1a: Fren-Washer|247\/304 tox|[from] Stealth Rock
|move|p2a: Skarmory|Roost|p2a: Skarmory
|-heal|p2a: Skarmory|287\/334
|
|-heal|p1a: Fren-Washer|266\/304 tox|[from] item: Leftovers
|-heal|p2a: Skarmory|307\/334|[from] item: Leftovers
|-damage|p1a: Fren-Washer|247\/304 tox|[from] psn
|turn|49
|c| BIGSTEELIX|you notice it just now
|c| BIGSTEELIX|lol
|c|★slurpuffizfood|lol
|c| napty|im laughing each time i see it
|
|move|p1a: Fren-Washer|Volt Switch|p2a: Skarmory
|-supereffective|p2a: Skarmory
|-damage|p2a: Skarmory|61\/334
|
|switch|p1a: Volcarona|Volcarona, F|373\/373
|-damage|p1a: Volcarona|187\/373|[from] Stealth Rock
|move|p2a: Skarmory|Roost|p2a: Skarmory
|-heal|p2a: Skarmory|228\/334
|
|-heal|p1a: Volcarona|210\/373|[from] item: Leftovers
|-heal|p2a: Skarmory|248\/334|[from] item: Leftovers
|turn|50
|c| napty|starmie needs both life orb and leftovers
|c| BIGSTEELIX|lol
|
|switch|p2a: Chansey|Chansey, F, shiny|549\/642
|-damage|p2a: Chansey|469\/642|[from] Stealth Rock
|move|p1a: Volcarona|Roost|p1a: Volcarona
|-heal|p1a: Volcarona|373\/373
|
|turn|51
|c| napty|no kidding
|c| napty|it really needs both to work out
|c| BIGSTEELIX|i'm not gay but 20 dollars is 20 dollars
|
|switch|p1a: MooOooOOo|Mew|329\/404 tox
|-damage|p1a: MooOooOOo|279\/404 tox|[from] Stealth Rock
|move|p2a: Chansey|Seismic Toss|p1a: MooOooOOo
|-damage|p1a: MooOooOOo|179\/404 tox
|
|-damage|p1a: MooOooOOo|154\/404 tox|[from] psn
|turn|52
|c| napty|but it can only carry 1
|c|★slurpuffizfood|soo now only the chan-skarm is left?
|c| napty|what do you mean
|
|switch|p2a: Skarmory|Skarmory, F|248\/334
|-damage|p2a: Skarmory|207\/334|[from] Stealth Rock
|move|p1a: MooOooOOo|Roost|p1a: MooOooOOo
|-heal|p1a: MooOooOOo|356\/404 tox
|
|-heal|p2a: Skarmory|227\/334|[from] item: Leftovers
|-damage|p1a: MooOooOOo|306\/404 tox|[from] psn
|turn|53
|c|★slurpuffizfood|and hes gonna continue?
|
|move|p1a: MooOooOOo|Defog|p2a: Skarmory
|-unboost|p2a: Skarmory|evasion|1
|-sideend|p2: Itachi-the-Boss|Stealth Rock|[from] move: Defog|[of] p2a: Skarmory
|-sideend|p1: slurpuffizfood|Stealth Rock|[from] move: Defog|[of] p1a: MooOooOOo
|move|p2a: Skarmory|Whirlwind|p1a: MooOooOOo
|drag|p1a: ImGayForMyFrens|Dragonite, M|163\/323
|
|-heal|p2a: Skarmory|247\/334|[from] item: Leftovers
|turn|54
|c| napty|apparently
|c|★slurpuffizfood|lolol
|c|★slurpuffizfood|he wanted to shuffle me
|
|switch|p2a: Chansey|Chansey, F, shiny|469\/642
|move|p1a: ImGayForMyFrens|Thunder Punch|p2a: Chansey
|-damage|p2a: Chansey|270\/642
|
|turn|55
|c| AlbertDaEinstein|another 50 turns ahead
|c| napty|everyday i'm shuffling
|c|★slurpuffizfood|cool
|
|switch|p1a: MooOooOOo|Mew|306\/404 tox
|move|p2a: Chansey|Soft-Boiled|p2a: Chansey
|-heal|p2a: Chansey|591\/642
|
|-damage|p1a: MooOooOOo|281\/404 tox|[from] psn
|turn|56
|c| napty|it's a song
|c| napty|don't you know LMFAO
|c| BIGSTEELIX|ofc
|c| BIGSTEELIX|lol pls
|c| BIGSTEELIX|how doesn't
|c| BIGSTEELIX|who
|
|move|p1a: MooOooOOo|Will-O-Wisp|p2a: Chansey
|-status|p2a: Chansey|brn
|move|p2a: Chansey|Toxic|p1a: MooOooOOo
|-fail|p1a: MooOooOOo|tox
|
|-damage|p1a: MooOooOOo|231\/404 tox|[from] psn
|-damage|p2a: Chansey|511\/642 brn|[from] brn
|turn|57
|c| napty|lol
|c|★slurpuffizfood|this guy has no life imo
|
|switch|p1a: Fren-Washer|Rotom-Wash|247\/304 tox
|move|p2a: Chansey|Seismic Toss|p1a: Fren-Washer
|-damage|p1a: Fren-Washer|147\/304 tox
|
|-heal|p1a: Fren-Washer|166\/304 tox|[from] item: Leftovers
|-damage|p1a: Fren-Washer|147\/304 tox|[from] psn
|-damage|p2a: Chansey|431\/642 brn|[from] brn
|turn|58
|
|move|p1a: Fren-Washer|Pain Split|p2a: Chansey
|-sethp|p2a: Chansey|289\/642 brn|p1a: Fren-Washer|289\/304 tox|[from] move: Pain Split
|move|p2a: Chansey|Heal Bell|p2a: Chansey
|-cureteam|p2a: Chansey|[from] move: HealBell
|
|-heal|p1a: Fren-Washer|304\/304 tox|[from] item: Leftovers
|-damage|p1a: Fren-Washer|266\/304 tox|[from] psn
|turn|59
|
|move|p1a: Fren-Washer|Volt Switch|p2a: Chansey
|-damage|p2a: Chansey|243\/642
|
|switch|p1a: ImGayForMyFrens|Dragonite, M|163\/323
|move|p2a: Chansey|Soft-Boiled|p2a: Chansey
|-heal|p2a: Chansey|564\/642
|
|turn|60
|c| napty|i'd like to drink Miller Lite
|
|switch|p2a: Skarmory|Skarmory, F|247\/334
|move|p1a: ImGayForMyFrens|Thunder Punch|p2a: Skarmory
|-supereffective|p2a: Skarmory
|-damage|p2a: Skarmory|89\/334
|
|-heal|p2a: Skarmory|109\/334|[from] item: Leftovers
|turn|61
|leave|AlbertDaEinstein
|
|switch|p2a: Chansey|Chansey, F, shiny|564\/642
|move|p1a: ImGayForMyFrens|Thunder Punch|p2a: Chansey
|-damage|p2a: Chansey|373\/642
|-status|p2a: Chansey|par
|
|turn|62
|c|★slurpuffizfood|napnapnap
|c|★slurpuffizfood|nice
|
|move|p1a: ImGayForMyFrens|Thunder Punch|p2a: Chansey
|-damage|p2a: Chansey|191\/642 par
|move|p2a: Chansey|Soft-Boiled|p2a: Chansey
|-heal|p2a: Chansey|512\/642 par
|
|turn|63
|c| napty|it's a famous beer in seattle
|
|switch|p1a: MooOooOOo|Mew|231\/404 tox
|move|p2a: Chansey|Soft-Boiled|p2a: Chansey
|-heal|p2a: Chansey|642\/642 par
|
|-damage|p1a: MooOooOOo|206\/404 tox|[from] psn
|turn|64
|c| napty|(speaking of the devil...)
|
|switch|p1a: Fren-Washer|Rotom-Wash|266\/304 tox
|switch|p2a: Skarmory|Skarmory, F|109\/334
|
|-heal|p1a: Fren-Washer|285\/304 tox|[from] item: Leftovers
|-heal|p2a: Skarmory|129\/334|[from] item: Leftovers
|-damage|p1a: Fren-Washer|266\/304 tox|[from] psn
|turn|65
|c|★slurpuffizfood|check mate
|
|switch|p2a: Chansey|Chansey, F, shiny|642\/642
|move|p1a: Fren-Washer|Volt Switch|p2a: Chansey
|-damage|p2a: Chansey|597\/642
|c|★slurpuffizfood|~~hopefully~~
|c| napty|i swear to god i will eat a slurpuff before i die
|c| BIGSTEELIX|wtf
|
|switch|p1a: ImGayForMyFrens|Dragonite, M|163\/323
|
|turn|66
|c|★slurpuffizfood|dont
|c|★slurpuffizfood|pls
|c|★slurpuffizfood|shit
|
|move|p1a: ImGayForMyFrens|Superpower|p2a: Chansey
|-supereffective|p2a: Chansey
|-damage|p2a: Chansey|13\/642
|-unboost|p1a: ImGayForMyFrens|atk|1
|-unboost|p1a: ImGayForMyFrens|def|1
|move|p2a: Chansey|Seismic Toss|p1a: ImGayForMyFrens
|-damage|p1a: ImGayForMyFrens|63\/323
|
|turn|67
|c|★slurpuffizfood|superpower does
|c|★slurpuffizfood|only
|c| napty|come at me bruh
|c| napty|i wanna eat you
|
|switch|p1a: Fren-Washer|Rotom-Wash|266\/304 tox
|switch|p2a: Skarmory|Skarmory, F|129\/334
|
|-heal|p1a: Fren-Washer|285\/304 tox|[from] item: Leftovers
|-heal|p2a: Skarmory|149\/334|[from] item: Leftovers
|-damage|p1a: Fren-Washer|266\/304 tox|[from] psn
|turn|68
|c|★slurpuffizfood|phew
|
|move|p1a: Fren-Washer|Volt Switch|p2a: Skarmory
|-supereffective|p2a: Skarmory
|-damage|p2a: Skarmory|0 fnt
|faint|p2a: Skarmory
|c| napty|leaf
|
|switch|p1a: ImGayForMyFrens|Dragonite, M|63\/323
|
|c| BIGSTEELIX|?
|c| napty|tu manges une tartiflette ce soir?
|-message|Itachi-the-Boss forfeited.
|leave|Itachi-the-Boss
|c|★slurpuffizfood|time to unleash my rage
|c| BIGSTEELIX|euhh
|c| BIGSTEELIX|non mdr
|
|win|slurpuffizfood
|raw|Ladder updating...
|player|p2
|c|★slurpuffizfood|nvm
|c| BIGSTEELIX|wtf
|c| napty|sérieux? oO
|c| BIGSTEELIX|??
|c| BIGSTEELIX|explique la
|raw|slurpuffizfood's rating: 1492 &rarr; <strong>1510<\/strong><br \/>(+18 for winning)
|raw|Itachi-the-Boss's rating: 1456 &rarr; <strong>1438<\/strong><br \/>(-18 for losing)
|c| napty|tout le monde en mange ce soir