|join|Reverb
|join|SlurpuffIzFood
|player|p1|Reverb|#reverb
|player|p2|SlurpuffIzFood|172
|gametype|singles
|gen|6
|tier|OU
|rated
|clearpoke
|poke|p1|Charizard, M, shiny
|poke|p1|Venusaur, M, shiny
|poke|p1|Tyranitar, M
|poke|p1|Excadrill, F
|poke|p1|Ferrothorn, F
|poke|p1|Keldeo
|poke|p2|Gallade, M
|poke|p2|Bisharp, M
|poke|p2|Manaphy
|poke|p2|Latias, F
|poke|p2|Scizor, M
|poke|p2|Landorus-Therian, M
|rule|Swagger Clause: Swagger is banned
|rule|Baton Pass Clause: Limit one Pokémon knowing Baton Pass
|rule|Sleep Clause Mod: Limit one foe put to sleep
|rule|Species Clause: Limit one of each Pokémon
|rule|OHKO Clause: OHKO moves are banned
|rule|Moody Clause: Moody is banned
|rule|Evasion Moves Clause: Evasion moves are banned
|rule|Endless Battle Clause: Forcing endless battles is banned
|rule|HP Percentage Mod: HP is shown in percentages
|teampreview
|join|stay-at-home dad69
|
|start
|switch|p1a: Charizard|Charizard, M, shiny|297\/297
|switch|p2a: Latias|Latias, F|301\/301
|turn|1
|
|switch|p2a: Gallade|Gallade, M|277\/277
|detailschange|p1a: Charizard|Charizard-Mega-Y, M, shiny
|-mega|p1a: Charizard|Charizard|Charizardite Y
|-weather|SunnyDay
|move|p1a: Charizard|Roost|p1a: Charizard
|-fail|p1a: Charizard
|
|-weather|SunnyDay|[upkeep]
|turn|2
|
|switch|p2a: Latias|Latias, F|301\/301
|move|p1a: Charizard|Flamethrower|p2a: Latias
|-resisted|p2a: Latias
|-damage|p2a: Latias|169\/301
|
|-weather|SunnyDay|[upkeep]
|turn|3
|
|move|p2a: Latias|Roost|p2a: Latias
|-heal|p2a: Latias|301\/301
|move|p1a: Charizard|Roost|p1a: Charizard
|-fail|p1a: Charizard
|
|-weather|SunnyDay|[upkeep]
|turn|4
|
|switch|p1a: Ferrothorn|Ferrothorn, F|352\/352
|move|p2a: Latias|Reflect Type|p1a: Ferrothorn
|-start|p2a: Latias|typechange|[from] move: Reflect Type|[of] p1a: Ferrothorn
|
|-weather|SunnyDay|[upkeep]
|turn|5
|
|move|p2a: Latias|Hidden Power|p1a: Ferrothorn
|-supereffective|p1a: Ferrothorn
|-damage|p1a: Ferrothorn|24\/352
|-damage|p2a: Latias|271\/301|[from] item: Life Orb
|move|p1a: Ferrothorn|Stealth Rock|p2a: Latias
|-sidestart|p2: SlurpuffIzFood|move: Stealth Rock
|
|-weather|none
|-heal|p1a: Ferrothorn|46\/352|[from] item: Leftovers
|turn|6
|
|switch|p1a: Tyranitar|Tyranitar, M|382\/382
|-weather|Sandstorm
|move|p2a: Latias|Hidden Power|p1a: Tyranitar
|-resisted|p1a: Tyranitar
|-damage|p1a: Tyranitar|359\/382
|-damage|p2a: Latias|241\/301|[from] item: Life Orb
|
|-weather|Sandstorm|[upkeep]
|turn|7
|
|switch|p2a: Landorus-Therian|Landorus-Therian, M|382\/382
|-damage|p2a: Landorus-Therian|335\/382|[from] Stealth Rock
|-ability|p2a: Landorus-Therian|Intimidate|[of] p1a: Tyranitar
|-unboost|p1a: Tyranitar|atk|1
|move|p1a: Tyranitar|Superpower|p2a: Landorus-Therian
|-resisted|p2a: Landorus-Therian
|-damage|p2a: Landorus-Therian|271\/382
|-unboost|p1a: Tyranitar|atk|1
|-unboost|p1a: Tyranitar|def|1
|
|-weather|Sandstorm|[upkeep]
|-heal|p2a: Landorus-Therian|294\/382|[from] item: Leftovers
|turn|8
|
|switch|p1a: Charizard|Charizard-Mega-Y, M, shiny|297\/297
|-weather|SunnyDay
|move|p2a: Landorus-Therian|U-turn|p1a: Charizard
|-resisted|p1a: Charizard
|-damage|p1a: Charizard|270\/297
|
|switch|p2a: Latias|Latias, F|241\/301
|-damage|p2a: Latias|204\/301|[from] Stealth Rock
|
|-weather|SunnyDay|[upkeep]
|turn|9
|
|move|p2a: Latias|Roost|p2a: Latias
|-heal|p2a: Latias|301\/301
|move|p1a: Charizard|Flamethrower|p2a: Latias
|-resisted|p2a: Latias
|-damage|p2a: Latias|178\/301
|
|-weather|SunnyDay|[upkeep]
|turn|10
|
|switch|p1a: Tyranitar|Tyranitar, M|359\/382
|-weather|Sandstorm
|move|p2a: Latias|Reflect Type|p1a: Tyranitar
|-start|p2a: Latias|typechange|[from] move: Reflect Type|[of] p1a: Tyranitar
|
|-weather|Sandstorm|[upkeep]
|turn|11
|
|move|p2a: Latias|Roost|p2a: Latias
|-heal|p2a: Latias|301\/301
|move|p1a: Tyranitar|Stone Edge|p2a: Latias
|-damage|p2a: Latias|0 fnt
|faint|p2a: Latias
|
|-weather|Sandstorm|[upkeep]
|join|Gros orteil
|
|switch|p2a: Gallade|Gallade, M|277\/277
|-damage|p2a: Gallade|260\/277|[from] Stealth Rock
|turn|12
|
|switch|p1a: Ferrothorn|Ferrothorn, F|46\/352
|detailschange|p2a: Gallade|Gallade-Mega, M
|-mega|p2a: Gallade|Gallade|Galladite
|move|p2a: Gallade|Swords Dance|p2a: Gallade
|-boost|p2a: Gallade|atk|2
|
|-weather|Sandstorm|[upkeep]
|-damage|p2a: Gallade|243\/277|[from] sandstorm
|-heal|p1a: Ferrothorn|68\/352|[from] item: Leftovers
|turn|13
|
|move|p2a: Gallade|Drain Punch|p1a: Ferrothorn
|-supereffective|p1a: Ferrothorn
|-damage|p1a: Ferrothorn|0 fnt
|-heal|p2a: Gallade|277\/277|[from] drain|[of] p1a: Ferrothorn
|-damage|p2a: Gallade|243\/277|[from] ability: Iron Barbs|[of] p1a: Ferrothorn
|faint|p1a: Ferrothorn
|
|-weather|Sandstorm|[upkeep]
|-damage|p2a: Gallade|226\/277|[from] sandstorm
|
|switch|p1a: Excadrill|Excadrill, F|361\/361
|turn|14
|
|switch|p2a: Landorus-Therian|Landorus-Therian, M|294\/382
|-damage|p2a: Landorus-Therian|247\/382|[from] Stealth Rock
|-ability|p2a: Landorus-Therian|Intimidate|[of] p1a: Excadrill
|-unboost|p1a: Excadrill|atk|1
|move|p1a: Excadrill|Earthquake|p2a: Landorus-Therian
|-immune|p2a: Landorus-Therian|[msg]
|
|-weather|none
|-heal|p2a: Landorus-Therian|270\/382|[from] item: Leftovers
|turn|15
|
|switch|p1a: Keldeo|Keldeo|323\/323
|move|p2a: Landorus-Therian|Stealth Rock|p1a: Keldeo
|-sidestart|p1: Reverb|move: Stealth Rock
|
|-heal|p2a: Landorus-Therian|293\/382|[from] item: Leftovers
|turn|16
|leave|stay-at-home dad69
|
|switch|p1a: Venusaur|Venusaur, M, shiny|319\/319
|-damage|p1a: Venusaur|280\/319|[from] Stealth Rock
|switch|p2a: Scizor|Scizor, M|343\/343
|-damage|p2a: Scizor|301\/343|[from] Stealth Rock
|
|-heal|p2a: Scizor|322\/343|[from] item: Leftovers
|turn|17
|
|switch|p2a: Gallade|Gallade-Mega, M|226\/277
|-damage|p2a: Gallade|209\/277|[from] Stealth Rock
|move|p1a: Venusaur|Hidden Power|p2a: Gallade
|-damage|p2a: Gallade|138\/277
|-damage|p1a: Venusaur|249\/319|[from] item: Life Orb
|
|turn|18
|
|switch|p1a: Tyranitar|Tyranitar, M|359\/382
|-damage|p1a: Tyranitar|312\/382|[from] Stealth Rock
|-weather|Sandstorm
|move|p2a: Gallade|Drain Punch|p1a: Tyranitar
|-supereffective|p1a: Tyranitar
|-damage|p1a: Tyranitar|0 fnt
|-heal|p2a: Gallade|277\/277|[from] drain|[of] p1a: Tyranitar
|faint|p1a: Tyranitar
|
|-weather|Sandstorm|[upkeep]
|-damage|p2a: Gallade|260\/277|[from] sandstorm
|
|switch|p1a: Excadrill|Excadrill, F|361\/361
|-damage|p1a: Excadrill|350\/361|[from] Stealth Rock
|turn|19
|
|move|p1a: Excadrill|Iron Head|p2a: Gallade
|-damage|p2a: Gallade|26\/277
|-damage|p1a: Excadrill|314\/361|[from] item: Life Orb
|move|p2a: Gallade|Drain Punch|p1a: Excadrill
|-supereffective|p1a: Excadrill
|-damage|p1a: Excadrill|0 fnt
|-heal|p2a: Gallade|183\/277|[from] drain|[of] p1a: Excadrill
|faint|p1a: Excadrill
|
|-weather|Sandstorm|[upkeep]
|-damage|p2a: Gallade|166\/277|[from] sandstorm
|
|switch|p1a: Keldeo|Keldeo|323\/323
|-damage|p1a: Keldeo|303\/323|[from] Stealth Rock
|turn|20
|
|move|p1a: Keldeo|Hydro Pump|p2a: Gallade
|-damage|p2a: Gallade|0 fnt
|faint|p2a: Gallade
|
|-weather|Sandstorm|[upkeep]
|-damage|p1a: Keldeo|283\/323|[from] sandstorm
|
|switch|p2a: Manaphy|Manaphy|365\/365
|-damage|p2a: Manaphy|320\/365|[from] Stealth Rock
|turn|21
|
|switch|p1a: Charizard|Charizard-Mega-Y, M, shiny|270\/297
|-damage|p1a: Charizard|122\/297|[from] Stealth Rock
|-weather|SunnyDay
|move|p2a: Manaphy|Ice Beam|p1a: Charizard
|-damage|p1a: Charizard|48\/297
|
|-weather|SunnyDay|[upkeep]
|-heal|p2a: Manaphy|342\/365|[from] item: Leftovers
|turn|22
|
|move|p2a: Manaphy|Tail Glow|p2a: Manaphy
|-boost|p2a: Manaphy|spa|3
|move|p1a: Charizard|Roost|p1a: Charizard
|-heal|p1a: Charizard|197\/297
|
|-weather|SunnyDay|[upkeep]
|-heal|p2a: Manaphy|364\/365|[from] item: Leftovers
|turn|23
|
|switch|p1a: Venusaur|Venusaur, M, shiny|249\/319
|-damage|p1a: Venusaur|210\/319|[from] Stealth Rock
|move|p2a: Manaphy|Surf|p1a: Venusaur
|-resisted|p1a: Venusaur
|-damage|p1a: Venusaur|126\/319
|
|-weather|SunnyDay|[upkeep]
|-heal|p2a: Manaphy|365\/365|[from] item: Leftovers
|turn|24
|
|move|p1a: Venusaur|Giga Drain|p2a: Manaphy
|-supereffective|p2a: Manaphy
|-damage|p2a: Manaphy|35\/365
|-heal|p1a: Venusaur|291\/319|[from] drain|[of] p2a: Manaphy
|-damage|p1a: Venusaur|260\/319|[from] item: Life Orb
|move|p2a: Manaphy|Ice Beam|p1a: Venusaur
|-supereffective|p1a: Venusaur
|-damage|p1a: Venusaur|0 fnt
|faint|p1a: Venusaur
|
|-weather|SunnyDay|[upkeep]
|-heal|p2a: Manaphy|57\/365|[from] item: Leftovers
|join|Opigu
|
|switch|p1a: Keldeo|Keldeo|283\/323
|-damage|p1a: Keldeo|263\/323|[from] Stealth Rock
|turn|25
|
|move|p1a: Keldeo|Secret Sword|p2a: Manaphy
|-damage|p2a: Manaphy|0 fnt
|faint|p2a: Manaphy
|
|-weather|none
|
|switch|p2a: Landorus-Therian|Landorus-Therian, M|293\/382
|-damage|p2a: Landorus-Therian|246\/382|[from] Stealth Rock
|-ability|p2a: Landorus-Therian|Intimidate|[of] p1a: Keldeo
|-unboost|p1a: Keldeo|atk|1
|turn|26
|
|switch|p1a: Charizard|Charizard-Mega-Y, M, shiny|197\/297
|-damage|p1a: Charizard|49\/297|[from] Stealth Rock
|-weather|SunnyDay
|move|p2a: Landorus-Therian|Stone Edge|p1a: Charizard
|-supereffective|p1a: Charizard
|-damage|p1a: Charizard|0 fnt
|faint|p1a: Charizard
|
|-weather|SunnyDay|[upkeep]
|-heal|p2a: Landorus-Therian|269\/382|[from] item: Leftovers
|
|switch|p1a: Keldeo|Keldeo|263\/323
|-damage|p1a: Keldeo|243\/323|[from] Stealth Rock
|turn|27
|join|I Iike Squirtles
|
|move|p1a: Keldeo|Scald|p2a: Landorus-Therian
|-supereffective|p2a: Landorus-Therian
|-damage|p2a: Landorus-Therian|81\/382
|-status|p2a: Landorus-Therian|brn
|move|p2a: Landorus-Therian|Earthquake|p1a: Keldeo
|-damage|p1a: Keldeo|155\/323
|
|-weather|SunnyDay|[upkeep]
|-heal|p2a: Landorus-Therian|104\/382 brn|[from] item: Leftovers
|-damage|p2a: Landorus-Therian|57\/382 brn|[from] brn
|turn|28
|c|★SlurpuffIzFood|gg
|
|move|p1a: Keldeo|Scald|p2a: Landorus-Therian
|-supereffective|p2a: Landorus-Therian
|-damage|p2a: Landorus-Therian|0 fnt
|faint|p2a: Landorus-Therian
|
|-weather|SunnyDay|[upkeep]
|
|switch|p2a: Bisharp|Bisharp, M|271\/271
|-damage|p2a: Bisharp|255\/271|[from] Stealth Rock
|turn|29
|
|move|p1a: Keldeo|Scald|p2a: Bisharp
|-crit|p2a: Bisharp
|-damage|p2a: Bisharp|90\/271
|move|p2a: Bisharp|Knock Off|p1a: Keldeo
|-resisted|p1a: Keldeo
|-damage|p1a: Keldeo|37\/323
|-boost|p1a: Keldeo|atk|1|[from] ability: Justified
|-enditem|p1a: Keldeo|Choice Scarf|[from] move: Knock Off|[of] p2a: Bisharp
|
|-weather|SunnyDay|[upkeep]
|turn|30
|c|★Reverb|gg
|-message|Reverb forfeited.
|
|win|SlurpuffIzFood
|raw|Ladder updating...
|raw|Reverb's rating: 1703 &rarr; <strong>1679<\/strong><br \/>(-24 for losing)
|raw|SlurpuffIzFood's rating: 1623 &rarr; <strong>1647<\/strong><br \/>(+24 for winning)