|join|Hunter42000
|join|NotASmogonUser
|player|p1|Hunter42000|34
|player|p2|NotASmogonUser|54
|gametype|singles
|gen|6
|tier|OU
|rated
|clearpoke
|poke|p1|Pinsir, M
|poke|p1|Raikou
|poke|p1|Infernape, F
|poke|p1|Staraptor, M
|poke|p1|Crawdaunt, M
|poke|p1|Talonflame, F
|poke|p2|Garchomp, M
|poke|p2|Gourgeist-*, M
|poke|p2|Bronzong, shiny
|poke|p2|Azumarill, M
|poke|p2|Talonflame, M
|poke|p2|Tyranitar, M
|rule|Swagger Clause: Swagger is banned
|rule|Baton Pass Clause: Limit one Pokémon knowing Baton Pass
|rule|Sleep Clause Mod: Limit one foe put to sleep
|rule|Species Clause: Limit one of each Pokémon
|rule|OHKO Clause: OHKO moves are banned
|rule|Moody Clause: Moody is banned
|rule|Evasion Moves Clause: Evasion moves are banned
|rule|Endless Battle Clause: Forcing endless battles is banned
|rule|HP Percentage Mod: HP is shown in percentages
|teampreview
|
|start
|switch|p1a: Leverage|Infernape, F|293\/293
|switch|p2a: Azul Marino|Azumarill, M|401\/401
|turn|1
|
|move|p1a: Leverage|Stealth Rock|p2a: Azul Marino
|-sidestart|p2: NotASmogonUser|move: Stealth Rock
|move|p2a: Azul Marino|Waterfall|p1a: Leverage
|-supereffective|p1a: Leverage
|-enditem|p1a: Leverage|Focus Sash
|-damage|p1a: Leverage|1\/293
|
|turn|2
|
|move|p2a: Azul Marino|Aqua Jet|p1a: Leverage
|-crit|p1a: Leverage
|-supereffective|p1a: Leverage
|-damage|p1a: Leverage|0 fnt
|faint|p1a: Leverage
|
|
|switch|p1a: Beetle Juice|Pinsir, M|271\/271
|turn|3
|
|detailschange|p1a: Beetle Juice|Pinsir-Mega, M
|message|Pinsir has Mega Evolved into Mega Pinsir!
|move|p1a: Beetle Juice|Return|p2a: Azul Marino
|-damage|p2a: Azul Marino|71\/401
|move|p2a: Azul Marino|Play Rough|p1a: Beetle Juice
|-damage|p1a: Beetle Juice|97\/271
|
|turn|4
|
|switch|p2a: Hell Bell|Bronzong, shiny|337\/337
|-damage|p2a: Hell Bell|316\/337|[from] Stealth Rock
|move|p1a: Beetle Juice|Quick Attack|p2a: Hell Bell
|-crit|p2a: Hell Bell
|-resisted|p2a: Hell Bell
|-damage|p2a: Hell Bell|244\/337
|
|-heal|p2a: Hell Bell|265\/337|[from] item: Leftovers
|turn|5
|
|move|p1a: Beetle Juice|Swords Dance|p1a: Beetle Juice
|-boost|p1a: Beetle Juice|atk|2
|move|p2a: Hell Bell|Trick Room|p2a: Hell Bell
|-fieldstart|move: Trick Room|[of] p2a: Hell Bell
|
|-heal|p2a: Hell Bell|286\/337|[from] item: Leftovers
|turn|6
|
|move|p1a: Beetle Juice|Quick Attack|p2a: Hell Bell
|-resisted|p2a: Hell Bell
|-damage|p2a: Hell Bell|202\/337
|move|p2a: Hell Bell|Stealth Rock|p1a: Beetle Juice
|-sidestart|p1: Hunter42000|move: Stealth Rock
|
|-heal|p2a: Hell Bell|223\/337|[from] item: Leftovers
|turn|7
|
|move|p1a: Beetle Juice|Quick Attack|p2a: Hell Bell
|-resisted|p2a: Hell Bell
|-damage|p2a: Hell Bell|124\/337
|move|p2a: Hell Bell|Gyro Ball|p1a: Beetle Juice
|-damage|p1a: Beetle Juice|0 fnt
|faint|p1a: Beetle Juice
|
|-heal|p2a: Hell Bell|145\/337|[from] item: Leftovers
|
|switch|p1a: Pinchy|Crawdaunt, M|275\/275
|-damage|p1a: Pinchy|241\/275|[from] Stealth Rock
|turn|8
|
|switch|p2a: Azul Marino|Azumarill, M|71\/401
|-damage|p2a: Azul Marino|21\/401|[from] Stealth Rock
|move|p1a: Pinchy|Aqua Jet|p2a: Azul Marino
|-resisted|p2a: Azul Marino
|-damage|p2a: Azul Marino|0 fnt
|-damage|p1a: Pinchy|214\/275|[from] item: Life Orb
|faint|p2a: Azul Marino
|
|
|switch|p2a: Tyrano|Tyranitar, M|403\/403
|-damage|p2a: Tyrano|353\/403|[from] Stealth Rock
|-weather|Sandstorm
|turn|9
|
|switch|p1a: Carcass|Staraptor, M|323\/323
|-damage|p1a: Carcass|243\/323|[from] Stealth Rock
|move|p2a: Tyrano|Superpower|p1a: Carcass
|-damage|p1a: Carcass|0 fnt
|-unboost|p2a: Tyrano|atk|1
|-unboost|p2a: Tyrano|def|1
|faint|p1a: Carcass
|
|-weather|Sandstorm|[upkeep]
|-fieldend|move: Trick Room
|
|switch|p1a: Pinchy|Crawdaunt, M|214\/275
|-damage|p1a: Pinchy|180\/275|[from] Stealth Rock
|turn|10
|
|move|p1a: Pinchy|Crabhammer|p2a: Tyrano
|-supereffective|p2a: Tyrano
|-damage|p2a: Tyrano|0 fnt
|-damage|p1a: Pinchy|153\/275|[from] item: Life Orb
|faint|p2a: Tyrano
|
|-weather|Sandstorm|[upkeep]
|-damage|p1a: Pinchy|136\/275|[from] sandstorm
|
|switch|p2a: Azor|Talonflame, M|359\/359
|-damage|p2a: Azor|180\/359|[from] Stealth Rock
|turn|11
|
|switch|p1a: Def Leppard|Raikou|321\/321
|-damage|p1a: Def Leppard|281\/321|[from] Stealth Rock
|-ability|p1a: Def Leppard|Pressure
|move|p2a: Azor|Brave Bird|p1a: Def Leppard
|-resisted|p1a: Def Leppard
|-damage|p1a: Def Leppard|207\/321
|-damage|p2a: Azor|156\/359|[from] recoil|[of] p1a: Def Leppard
|
|-weather|Sandstorm|[upkeep]
|-damage|p1a: Def Leppard|187\/321|[from] sandstorm
|-damage|p2a: Azor|134\/359|[from] sandstorm
|-heal|p2a: Azor|156\/359|[from] item: Leftovers
|turn|12
|
|move|p2a: Azor|Roost|p2a: Azor
|-heal|p2a: Azor|336\/359
|move|p1a: Def Leppard|Shadow Ball|p2a: Azor
|-damage|p2a: Azor|253\/359
|-unboost|p2a: Azor|spd|1
|
|-weather|Sandstorm|[upkeep]
|-damage|p1a: Def Leppard|167\/321|[from] sandstorm
|-damage|p2a: Azor|231\/359|[from] sandstorm
|-heal|p2a: Azor|253\/359|[from] item: Leftovers
|turn|13
|
|switch|p2a: Hell Bell|Bronzong, shiny|145\/337
|-damage|p2a: Hell Bell|124\/337|[from] Stealth Rock
|move|p1a: Def Leppard|Discharge|p2a: Hell Bell
|-damage|p2a: Hell Bell|33\/337
|
|-weather|none
|-heal|p2a: Hell Bell|54\/337|[from] item: Leftovers
|turn|14
|
|move|p1a: Def Leppard|Discharge|p2a: Hell Bell
|-damage|p2a: Hell Bell|0 fnt
|faint|p2a: Hell Bell
|
|
|switch|p2a: Calabazin|Gourgeist-Super, M|373\/373
|-damage|p2a: Calabazin|327\/373|[from] Stealth Rock
|-item|p1a: Def Leppard|Assault Vest|[from] ability: Frisk|[of] p2a: Calabazin|[identify]
|turn|15
|
|move|p1a: Def Leppard|Shadow Ball|p2a: Calabazin
|-supereffective|p2a: Calabazin
|-damage|p2a: Calabazin|125\/373
|-unboost|p2a: Calabazin|spd|1
|move|p2a: Calabazin|Trick Room|p2a: Calabazin
|-fieldstart|move: Trick Room|[of] p2a: Calabazin
|
|-heal|p2a: Calabazin|148\/373|[from] item: Leftovers
|turn|16
|
|move|p2a: Calabazin|Seed Bomb|p1a: Def Leppard
|-damage|p1a: Def Leppard|40\/321
|move|p1a: Def Leppard|Shadow Ball|p2a: Calabazin
|-supereffective|p2a: Calabazin
|-damage|p2a: Calabazin|0 fnt
|faint|p2a: Calabazin
|
|
|switch|p2a: Chompy|Garchomp, M|403\/403
|-damage|p2a: Chompy|378\/403|[from] Stealth Rock
|turn|17
|
|detailschange|p2a: Chompy|Garchomp-Mega, M
|message|Garchomp has Mega Evolved into Mega Garchomp!
|move|p2a: Chompy|Earthquake|p1a: Def Leppard
|-supereffective|p1a: Def Leppard
|-damage|p1a: Def Leppard|0 fnt
|faint|p1a: Def Leppard
|
|
|switch|p1a: Pinchy|Crawdaunt, M|136\/275
|-damage|p1a: Pinchy|102\/275|[from] Stealth Rock
|turn|18
|
|move|p2a: Chompy|Earthquake|p1a: Pinchy
|-damage|p1a: Pinchy|0 fnt
|faint|p1a: Pinchy
|
|
|switch|p1a: Gamma Ray|Talonflame, F|297\/297
|-damage|p1a: Gamma Ray|149\/297|[from] Stealth Rock
|turn|19
|
|move|p2a: Chompy|Draco Meteor|p1a: Gamma Ray|[miss]
|-miss|p2a: Chompy|p1a: Gamma Ray
|move|p1a: Gamma Ray|Swords Dance|p1a: Gamma Ray
|-boost|p1a: Gamma Ray|atk|2
|
|-fieldend|move: Trick Room
|turn|20
|
|move|p1a: Gamma Ray|Brave Bird|p2a: Chompy
|-damage|p2a: Chompy|27\/403
|-damage|p1a: Gamma Ray|33\/297|[from] recoil|[of] p2a: Chompy
|move|p2a: Chompy|Draco Meteor|p1a: Gamma Ray
|-damage|p1a: Gamma Ray|0 fnt
|-unboost|p2a: Chompy|spa|2
|faint|p1a: Gamma Ray
|
|win|NotASmogonUser
|raw|Ladder updating...
|raw|Hunter42000's rating: 1709 &rarr; <strong>1696<\/strong><br \/>(-13 for losing)
|raw|NotASmogonUser's rating: 1831 &rarr; <strong>1844<\/strong><br \/>(+13 for winning)
|c|★NotASmogonUser|gg