|join|nintendistagamer
|join|Robbenwithlasers
|player|p1|nintendistagamer|137
|player|p2|Robbenwithlasers|102
|gametype|singles
|gen|6
|tier|OU
|rated
|clearpoke
|poke|p1|Chansey, F
|poke|p1|Amoonguss, M
|poke|p1|Quagsire, M
|poke|p1|Sableye, F
|poke|p1|Skarmory, M
|poke|p1|Gliscor, M
|poke|p2|Gyarados, F
|poke|p2|Gliscor, F
|poke|p2|Mew
|poke|p2|Clefable, F
|poke|p2|Ferrothorn, M
|poke|p2|Heatran, M
|rule|Swagger Clause: Swagger is banned
|rule|Baton Pass Clause: Limit one Pokémon knowing Baton Pass
|rule|Sleep Clause Mod: Limit one foe put to sleep
|rule|Species Clause: Limit one of each Pokémon
|rule|OHKO Clause: OHKO moves are banned
|rule|Moody Clause: Moody is banned
|rule|Evasion Moves Clause: Evasion moves are banned
|rule|Endless Battle Clause: Forcing endless battles is banned
|rule|HP Percentage Mod: HP is shown in percentages
|teampreview
|
|start
|switch|p1a: Sableye|Sableye, F|303\/303
|switch|p2a: Gliscor|Gliscor, F|353\/353
|turn|1
|join|Dark Traitor
|
|switch|p2a: Heatran|Heatran, M|385\/385
|detailschange|p1a: Sableye|Sableye-Mega, F
|-mega|p1a: Sableye|Sableye|Sablenite
|move|p1a: Sableye|Knock Off|p2a: Heatran
|-damage|p2a: Heatran|289\/385
|-enditem|p2a: Heatran|Leftovers|[from] move: Knock Off|[of] p1a: Sableye
|
|turn|2
|
|switch|p1a: Chansey|Chansey, F|703\/703
|move|p2a: Heatran|Roar|p1a: Chansey
|drag|p1a: Gliscor|Gliscor, M|354\/354
|
|-status|p1a: Gliscor|tox|[from] item: Toxic Orb
|turn|3
|
|switch|p2a: Ferrothorn|Ferrothorn, M|352\/352
|move|p1a: Gliscor|Substitute|p1a: Gliscor
|-start|p1a: Gliscor|Substitute
|-damage|p1a: Gliscor|266\/354 tox
|
|-heal|p1a: Gliscor|310\/354 tox|[from] ability: Poison Heal
|turn|4
|
|switch|p2a: Gliscor|Gliscor, F|353\/353
|move|p1a: Gliscor|Earthquake|p2a: Gliscor
|-immune|p2a: Gliscor|[msg]
|
|-heal|p1a: Gliscor|354\/354 tox|[from] ability: Poison Heal
|-status|p2a: Gliscor|tox|[from] item: Toxic Orb
|turn|5
|
|switch|p1a: Sableye|Sableye-Mega, F|303\/303
|move|p2a: Gliscor|Taunt|p1a: Sableye
|move|p1a: Sableye|Taunt|p2a: Gliscor|[from]Magic Bounce
|-start|p2a: Gliscor|move: Taunt
|
|turn|6
|
|switch|p2a: Mew|Mew|403\/403
|move|p1a: Sableye|Knock Off|p2a: Mew
|-supereffective|p2a: Mew
|-damage|p2a: Mew|199\/403
|-enditem|p2a: Mew|Leftovers|[from] move: Knock Off|[of] p1a: Sableye
|
|turn|7
|
|move|p2a: Mew|Roost|p2a: Mew
|-heal|p2a: Mew|401\/403
|move|p1a: Sableye|Foul Play|p2a: Mew
|-supereffective|p2a: Mew
|-damage|p2a: Mew|191\/403
|
|turn|8
|
|switch|p2a: Heatran|Heatran, M|289\/385
|move|p1a: Sableye|Foul Play|p2a: Heatran
|-damage|p2a: Heatran|204\/385
|
|turn|9
|
|switch|p2a: Clefable|Clefable, F|394\/394
|switch|p1a: Chansey|Chansey, F|703\/703
|
|turn|10
|
|move|p2a: Clefable|Wish|p2a: Clefable
|move|p1a: Chansey|Stealth Rock|p2a: Clefable
|-sidestart|p2: Robbenwithlasers|move: Stealth Rock
|
|turn|11
|
|switch|p2a: Heatran|Heatran, M|204\/385
|-damage|p2a: Heatran|156\/385|[from] Stealth Rock
|switch|p1a: Amoonguss|Amoonguss, M|432\/432
|
|-heal|p2a: Heatran|353\/385|[from] move: Wish|[wisher] Clefable
|turn|12
|
|switch|p1a: Sableye|Sableye-Mega, F|303\/303
|move|p2a: Heatran|Stealth Rock|p1a: Sableye
|move|p1a: Sableye|Stealth Rock|p2a: Heatran|[from]Magic Bounce
|-fail|p2a: Heatran
|
|turn|13
|
|move|p2a: Heatran|Lava Plume|p1a: Sableye
|-damage|p1a: Sableye|222\/303
|move|p1a: Sableye|Foul Play|p2a: Heatran
|-damage|p2a: Heatran|268\/385
|
|turn|14
|
|move|p2a: Heatran|Lava Plume|p1a: Sableye
|-damage|p1a: Sableye|147\/303
|-status|p1a: Sableye|brn
|move|p1a: Sableye|Recover|p1a: Sableye
|-heal|p1a: Sableye|299\/303 brn
|
|-damage|p1a: Sableye|262\/303 brn|[from] brn
|turn|15
|
|move|p2a: Heatran|Stealth Rock|p1a: Sableye
|move|p1a: Sableye|Stealth Rock|p2a: Heatran|[from]Magic Bounce
|-fail|p2a: Heatran
|move|p1a: Sableye|Foul Play|p2a: Heatran
|-damage|p2a: Heatran|222\/385
|
|-damage|p1a: Sableye|225\/303 brn|[from] brn
|turn|16
|
|move|p2a: Heatran|Stealth Rock|p1a: Sableye
|move|p1a: Sableye|Stealth Rock|p2a: Heatran|[from]Magic Bounce
|-fail|p2a: Heatran
|move|p1a: Sableye|Recover|p1a: Sableye
|-heal|p1a: Sableye|303\/303 brn
|
|-damage|p1a: Sableye|266\/303 brn|[from] brn
|turn|17
|
|move|p2a: Heatran|Lava Plume|p1a: Sableye
|-damage|p1a: Sableye|191\/303 brn
|move|p1a: Sableye|Knock Off|p2a: Heatran
|-damage|p2a: Heatran|192\/385
|
|-damage|p1a: Sableye|154\/303 brn|[from] brn
|turn|18
|
|move|p2a: Heatran|Flash Cannon|p1a: Sableye
|-damage|p1a: Sableye|79\/303 brn
|move|p1a: Sableye|Recover|p1a: Sableye
|-heal|p1a: Sableye|231\/303 brn
|
|-damage|p1a: Sableye|194\/303 brn|[from] brn
|turn|19
|
|move|p2a: Heatran|Stealth Rock|p1a: Sableye
|move|p1a: Sableye|Stealth Rock|p2a: Heatran|[from]Magic Bounce
|-fail|p2a: Heatran
|move|p1a: Sableye|Recover|p1a: Sableye
|-heal|p1a: Sableye|303\/303 brn
|
|-damage|p1a: Sableye|266\/303 brn|[from] brn
|turn|20
|
|move|p2a: Heatran|Stealth Rock|p1a: Sableye
|move|p1a: Sableye|Stealth Rock|p2a: Heatran|[from]Magic Bounce
|-fail|p2a: Heatran
|move|p1a: Sableye|Foul Play|p2a: Heatran
|-damage|p2a: Heatran|150\/385
|
|-damage|p1a: Sableye|229\/303 brn|[from] brn
|turn|21
|
|switch|p2a: Clefable|Clefable, F|394\/394
|-damage|p2a: Clefable|345\/394|[from] Stealth Rock
|move|p1a: Sableye|Recover|p1a: Sableye
|-heal|p1a: Sableye|303\/303 brn
|
|-heal|p2a: Clefable|369\/394|[from] item: Leftovers
|-damage|p1a: Sableye|266\/303 brn|[from] brn
|turn|22
|
|switch|p1a: Chansey|Chansey, F|703\/703
|move|p2a: Clefable|Wish|p2a: Clefable
|
|-heal|p2a: Clefable|393\/394|[from] item: Leftovers
|turn|23
|
|switch|p2a: Mew|Mew|191\/403
|-damage|p2a: Mew|141\/403|[from] Stealth Rock
|move|p1a: Chansey|Seismic Toss|p2a: Mew
|-damage|p2a: Mew|41\/403
|
|-heal|p2a: Mew|238\/403|[from] move: Wish|[wisher] Clefable
|turn|24
|
|move|p2a: Mew|Defog|p1a: Chansey
|-unboost|p1a: Chansey|evasion|1
|-sideend|p2: Robbenwithlasers|Stealth Rock|[from] move: Defog|[of] p2a: Mew
|move|p1a: Chansey|Aromatherapy|p1a: Chansey
|-cureteam|p1a: Chansey|[from] move: Aromatherapy
|
|turn|25
|
|move|p2a: Mew|Roost|p2a: Mew
|-heal|p2a: Mew|403\/403
|move|p1a: Chansey|Stealth Rock|p2a: Mew
|-sidestart|p2: Robbenwithlasers|move: Stealth Rock
|
|turn|26
|
|switch|p1a: Gliscor|Gliscor, M|354\/354
|move|p2a: Mew|Defog|p1a: Gliscor
|-unboost|p1a: Gliscor|evasion|1
|-sideend|p2: Robbenwithlasers|Stealth Rock|[from] move: Defog|[of] p2a: Mew
|
|-status|p1a: Gliscor|tox|[from] item: Toxic Orb
|turn|27
|
|switch|p1a: Sableye|Sableye-Mega, F|266\/303
|switch|p2a: Gliscor|Gliscor, F|353\/353 tox
|
|turn|28
|
|switch|p2a: Clefable|Clefable, F|393\/394
|move|p1a: Sableye|Knock Off|p2a: Clefable
|-resisted|p2a: Clefable
|-damage|p2a: Clefable|344\/394
|-enditem|p2a: Clefable|Leftovers|[from] move: Knock Off|[of] p1a: Sableye
|
|turn|29
|
|switch|p1a: Quagsire|Quagsire, M|394\/394
|move|p2a: Clefable|Wish|p2a: Clefable
|
|turn|30
|
|switch|p2a: Mew|Mew|403\/403
|move|p1a: Quagsire|Earthquake|p2a: Mew
|-damage|p2a: Mew|297\/403
|
|-heal|p2a: Mew|403\/403|[from] move: Wish|[wisher] Clefable
|turn|31
|
|move|p2a: Mew|Will-O-Wisp|p1a: Quagsire
|-status|p1a: Quagsire|brn
|move|p1a: Quagsire|Toxic|p2a: Mew|[miss]
|-miss|p1a: Quagsire|p2a: Mew
|
|-damage|p1a: Quagsire|345\/394 brn|[from] brn
|turn|32
|
|switch|p2a: Ferrothorn|Ferrothorn, M|352\/352
|move|p1a: Quagsire|Scald|p2a: Ferrothorn
|-resisted|p2a: Ferrothorn
|-damage|p2a: Ferrothorn|328\/352
|
|-heal|p1a: Quagsire|369\/394 brn|[from] item: Leftovers
|-heal|p2a: Ferrothorn|350\/352|[from] item: Leftovers
|-damage|p1a: Quagsire|320\/394 brn|[from] brn
|turn|33
|
|switch|p1a: Sableye|Sableye-Mega, F|266\/303
|switch|p2a: Clefable|Clefable, F|344\/394
|
|turn|34
|
|switch|p1a: Quagsire|Quagsire, M|320\/394 brn
|move|p2a: Clefable|Wish|p2a: Clefable
|
|-heal|p1a: Quagsire|344\/394 brn|[from] item: Leftovers
|-damage|p1a: Quagsire|295\/394 brn|[from] brn
|turn|35
|
|move|p2a: Clefable|Moonblast|p1a: Quagsire
|-damage|p1a: Quagsire|151\/394 brn
|move|p1a: Quagsire|Earthquake|p2a: Clefable
|-damage|p2a: Clefable|298\/394
|
|-heal|p2a: Clefable|394\/394|[from] move: Wish|[wisher] Clefable
|-heal|p1a: Quagsire|175\/394 brn|[from] item: Leftovers
|-damage|p1a: Quagsire|126\/394 brn|[from] brn
|turn|36
|
|switch|p1a: Chansey|Chansey, F|703\/703
|move|p2a: Clefable|Moonblast|p1a: Chansey
|-damage|p1a: Chansey|637\/703
|
|turn|37
|
|move|p2a: Clefable|Wish|p2a: Clefable
|move|p1a: Chansey|Stealth Rock|p2a: Clefable
|-sidestart|p2: Robbenwithlasers|move: Stealth Rock
|
|turn|38
|
|switch|p2a: Mew|Mew|403\/403
|-damage|p2a: Mew|353\/403|[from] Stealth Rock
|move|p1a: Chansey|Seismic Toss|p2a: Mew
|-damage|p2a: Mew|253\/403
|
|-heal|p2a: Mew|403\/403|[from] move: Wish|[wisher] Clefable
|turn|39
|
|switch|p1a: Sableye|Sableye-Mega, F|266\/303
|move|p2a: Mew|Defog|p1a: Sableye
|move|p1a: Sableye|Defog|p2a: Mew|[from]Magic Bounce
|-unboost|p2a: Mew|evasion|1
|-sideend|p2: Robbenwithlasers|Stealth Rock|[from] move: Defog|[of] p2a: Mew
|
|turn|40
|
|move|p2a: Mew|Will-O-Wisp|p1a: Sableye
|move|p1a: Sableye|Will-O-Wisp|p2a: Mew|[from]Magic Bounce
|-status|p2a: Mew|brn
|-status|p1a: Sableye|brn
|move|p1a: Sableye|Foul Play|p2a: Mew
|-supereffective|p2a: Mew
|-damage|p2a: Mew|295\/403 brn
|
|-damage|p2a: Mew|245\/403 brn|[from] brn
|-damage|p1a: Sableye|229\/303 brn|[from] brn
|turn|41
|
|switch|p2a: Clefable|Clefable, F|394\/394
|switch|p1a: Chansey|Chansey, F|637\/703
|
|turn|42
|
|move|p2a: Clefable|Heal Bell|p2a: Clefable
|-cureteam|p2a: Clefable|[from] move: HealBell
|move|p1a: Chansey|Aromatherapy|p1a: Chansey
|-cureteam|p1a: Chansey|[from] move: Aromatherapy
|
|turn|43
|
|move|p2a: Clefable|Wish|p2a: Clefable
|move|p1a: Chansey|Stealth Rock|p2a: Clefable
|-sidestart|p2: Robbenwithlasers|move: Stealth Rock
|
|turn|44
|
|switch|p2a: Mew|Mew|245\/403
|-damage|p2a: Mew|195\/403|[from] Stealth Rock
|move|p1a: Chansey|Seismic Toss|p2a: Mew
|-damage|p2a: Mew|95\/403
|
|-heal|p2a: Mew|292\/403|[from] move: Wish|[wisher] Clefable
|turn|45
|
|switch|p1a: Quagsire|Quagsire, M|126\/394
|move|p2a: Mew|Will-O-Wisp|p1a: Quagsire|[miss]
|-miss|p2a: Mew|p1a: Quagsire
|
|-heal|p1a: Quagsire|150\/394|[from] item: Leftovers
|turn|46
|
|move|p2a: Mew|Will-O-Wisp|p1a: Quagsire
|-status|p1a: Quagsire|brn
|move|p1a: Quagsire|Toxic|p2a: Mew
|-status|p2a: Mew|tox
|
|-heal|p1a: Quagsire|174\/394 brn|[from] item: Leftovers
|-damage|p2a: Mew|267\/403 tox|[from] psn
|-damage|p1a: Quagsire|125\/394 brn|[from] brn
|turn|47
|
|move|p2a: Mew|Psychic|p1a: Quagsire
|-damage|p1a: Quagsire|0 fnt
|faint|p1a: Quagsire
|
|-damage|p2a: Mew|217\/403 tox|[from] psn
|
|switch|p1a: Sableye|Sableye-Mega, F|229\/303
|turn|48
|
|switch|p2a: Clefable|Clefable, F|394\/394
|-damage|p2a: Clefable|345\/394|[from] Stealth Rock
|move|p1a: Sableye|Foul Play|p2a: Clefable
|-resisted|p2a: Clefable
|-damage|p2a: Clefable|312\/394
|
|turn|49
|
|move|p2a: Clefable|Heal Bell|p2a: Clefable
|-cureteam|p2a: Clefable|[from] move: HealBell
|move|p1a: Sableye|Will-O-Wisp|p2a: Clefable
|-status|p2a: Clefable|brn
|
|-damage|p2a: Clefable|263\/394 brn|[from] brn
|turn|50
|
|move|p2a: Clefable|Heal Bell|p2a: Clefable
|-cureteam|p2a: Clefable|[from] move: HealBell
|move|p1a: Sableye|Recover|p1a: Sableye
|-heal|p1a: Sableye|303\/303
|
|turn|51
|
|move|p2a: Clefable|Moonblast|p1a: Sableye
|-supereffective|p1a: Sableye
|-damage|p1a: Sableye|165\/303
|-unboost|p1a: Sableye|spa|1
|move|p1a: Sableye|Will-O-Wisp|p2a: Clefable
|-status|p2a: Clefable|brn
|
|-damage|p2a: Clefable|214\/394 brn|[from] brn
|turn|52
|
|move|p2a: Clefable|Wish|p2a: Clefable
|move|p1a: Sableye|Recover|p1a: Sableye
|-heal|p1a: Sableye|303\/303
|
|-damage|p2a: Clefable|165\/394 brn|[from] brn
|turn|53
|
|move|p2a: Clefable|Moonblast|p1a: Sableye
|-supereffective|p1a: Sableye
|-damage|p1a: Sableye|171\/303
|move|p1a: Sableye|Foul Play|p2a: Clefable
|-resisted|p2a: Clefable
|-damage|p2a: Clefable|132\/394 brn
|
|-heal|p2a: Clefable|329\/394 brn|[from] move: Wish|[wisher] Clefable
|-damage|p2a: Clefable|280\/394 brn|[from] brn
|turn|54
|
|move|p2a: Clefable|Wish|p2a: Clefable
|move|p1a: Sableye|Recover|p1a: Sableye
|-heal|p1a: Sableye|303\/303
|
|-damage|p2a: Clefable|231\/394 brn|[from] brn
|turn|55
|
|move|p2a: Clefable|Moonblast|p1a: Sableye
|-supereffective|p1a: Sableye
|-damage|p1a: Sableye|163\/303
|move|p1a: Sableye|Foul Play|p2a: Clefable
|-resisted|p2a: Clefable
|-damage|p2a: Clefable|193\/394 brn
|
|-heal|p2a: Clefable|390\/394 brn|[from] move: Wish|[wisher] Clefable
|-damage|p2a: Clefable|341\/394 brn|[from] brn
|turn|56
|
|move|p2a: Clefable|Moonblast|p1a: Sableye
|-supereffective|p1a: Sableye
|-damage|p1a: Sableye|25\/303
|-unboost|p1a: Sableye|spa|1
|move|p1a: Sableye|Recover|p1a: Sableye
|-heal|p1a: Sableye|177\/303
|
|-damage|p2a: Clefable|292\/394 brn|[from] brn
|turn|57
|
|switch|p1a: Chansey|Chansey, F|637\/703
|move|p2a: Clefable|Moonblast|p1a: Chansey
|-damage|p1a: Chansey|573\/703
|-unboost|p1a: Chansey|spa|1
|
|-damage|p2a: Clefable|243\/394 brn|[from] brn
|turn|58
|
|switch|p1a: Skarmory|Skarmory, M|333\/333
|move|p2a: Clefable|Heal Bell|p2a: Clefable
|-cureteam|p2a: Clefable|[from] move: HealBell
|
|turn|59
|
|move|p1a: Skarmory|Spikes|p2a: Clefable
|-sidestart|p2: Robbenwithlasers|Spikes
|move|p2a: Clefable|Wish|p2a: Clefable
|
|turn|60
|
|move|p2a: Clefable|Protect|p2a: Clefable
|-singleturn|p2a: Clefable|Protect
|move|p1a: Skarmory|Whirlwind|p2a: Clefable
|drag|p2a: Gliscor|Gliscor, F|353\/353
|-damage|p2a: Gliscor|309\/353|[from] Stealth Rock
|
|-heal|p2a: Gliscor|353\/353|[from] move: Wish|[wisher] Clefable
|-status|p2a: Gliscor|tox|[from] item: Toxic Orb
|turn|61
|
|move|p2a: Gliscor|Knock Off|p1a: Skarmory
|-damage|p1a: Skarmory|290\/333
|-damage|p2a: Gliscor|295\/353 tox|[from] item: Rocky Helmet|[of] p1a: Skarmory
|-enditem|p1a: Skarmory|Rocky Helmet|[from] move: Knock Off|[of] p2a: Gliscor
|move|p1a: Skarmory|Whirlwind|p2a: Gliscor
|drag|p2a: Ferrothorn|Ferrothorn, M|350\/352
|-damage|p2a: Ferrothorn|328\/352|[from] Stealth Rock
|-damage|p2a: Ferrothorn|284\/352|[from] Spikes
|
|-heal|p2a: Ferrothorn|306\/352|[from] item: Leftovers
|turn|62
|
|switch|p1a: Sableye|Sableye-Mega, F|177\/303
|move|p2a: Ferrothorn|Leech Seed|p1a: Sableye
|move|p1a: Sableye|Leech Seed|p2a: Ferrothorn|[from]Magic Bounce
|-immune|p2a: Ferrothorn|[msg]
|
|-heal|p2a: Ferrothorn|328\/352|[from] item: Leftovers
|turn|63
|
|switch|p2a: Clefable|Clefable, F|243\/394
|-damage|p2a: Clefable|194\/394|[from] Spikes
|-damage|p2a: Clefable|145\/394|[from] Stealth Rock
|move|p1a: Sableye|Recover|p1a: Sableye
|-heal|p1a: Sableye|303\/303
|
|turn|64
|
|switch|p1a: Skarmory|Skarmory, M|290\/333
|move|p2a: Clefable|Wish|p2a: Clefable
|
|turn|65
|
|move|p2a: Clefable|Moonblast|p1a: Skarmory
|-resisted|p1a: Skarmory
|-damage|p1a: Skarmory|217\/333
|-unboost|p1a: Skarmory|spa|1
|move|p1a: Skarmory|Whirlwind|p2a: Clefable
|drag|p2a: Gliscor|Gliscor, F|295\/353 tox
|-damage|p2a: Gliscor|251\/353 tox|[from] Stealth Rock
|
|-heal|p2a: Gliscor|353\/353 tox|[from] move: Wish|[wisher] Clefable
|turn|66
|
|move|p2a: Gliscor|Earthquake|p1a: Skarmory
|-immune|p1a: Skarmory|[msg]
|move|p1a: Skarmory|Spikes|p2a: Gliscor
|-sidestart|p2: Robbenwithlasers|Spikes
|
|turn|67
|
|move|p2a: Gliscor|Taunt|p1a: Skarmory
|-start|p1a: Skarmory|move: Taunt
|cant|p1a: Skarmory|move: Taunt|Whirlwind
|
|turn|68
|
|switch|p1a: Sableye|Sableye-Mega, F|303\/303
|move|p2a: Gliscor|Knock Off|p1a: Sableye
|-damage|p1a: Sableye|263\/303
|
|turn|69
|
|move|p2a: Gliscor|Earthquake|p1a: Sableye
|-damage|p1a: Sableye|166\/303
|move|p1a: Sableye|Knock Off|p2a: Gliscor
|-damage|p2a: Gliscor|281\/353 tox
|-enditem|p2a: Gliscor|Toxic Orb|[from] move: Knock Off|[of] p1a: Sableye
|
|-heal|p2a: Gliscor|325\/353 tox|[from] ability: Poison Heal
|turn|70
|
|move|p2a: Gliscor|Knock Off|p1a: Sableye
|-damage|p1a: Sableye|121\/303
|move|p1a: Sableye|Recover|p1a: Sableye
|-heal|p1a: Sableye|273\/303
|
|-heal|p2a: Gliscor|353\/353 tox|[from] ability: Poison Heal
|turn|71
|
|switch|p1a: Gliscor|Gliscor, M|354\/354
|move|p2a: Gliscor|Knock Off|p1a: Gliscor
|-damage|p1a: Gliscor|301\/354
|-enditem|p1a: Gliscor|Toxic Orb|[from] move: Knock Off|[of] p2a: Gliscor
|
|turn|72
|
|move|p1a: Gliscor|Protect|p1a: Gliscor
|-singleturn|p1a: Gliscor|Protect
|move|p2a: Gliscor|Taunt|p1a: Gliscor
|-activate|p1a: Gliscor|Protect
|
|turn|73
|
|move|p1a: Gliscor|Protect|p1a: Gliscor
|-fail|p1a: Gliscor
|move|p2a: Gliscor|Taunt|p1a: Gliscor
|-start|p1a: Gliscor|move: Taunt
|
|turn|74
|
|move|p2a: Gliscor|Knock Off|p1a: Gliscor
|-damage|p1a: Gliscor|265\/354
|move|p1a: Gliscor|Earthquake|p2a: Gliscor
|-immune|p2a: Gliscor|[msg]
|
|turn|75
|join|PericlesSelvagem
|
|switch|p1a: Skarmory|Skarmory, M|217\/333
|move|p2a: Gliscor|Knock Off|p1a: Skarmory
|-damage|p1a: Skarmory|187\/333
|
|turn|76
|
|switch|p1a: Sableye|Sableye-Mega, F|273\/303
|move|p2a: Gliscor|Taunt|p1a: Sableye
|move|p1a: Sableye|Taunt|p2a: Gliscor|[from]Magic Bounce
|-start|p2a: Gliscor|move: Taunt
|
|turn|77
|
|switch|p2a: Mew|Mew|217\/403
|-damage|p2a: Mew|150\/403|[from] Spikes
|-damage|p2a: Mew|100\/403|[from] Stealth Rock
|switch|p1a: Skarmory|Skarmory, M|187\/333
|
|turn|78
|
|move|p2a: Mew|Defog|p1a: Skarmory
|-unboost|p1a: Skarmory|evasion|1
|-sideend|p2: Robbenwithlasers|Spikes|[from] move: Defog|[of] p2a: Mew
|-sideend|p2: Robbenwithlasers|Stealth Rock|[from] move: Defog|[of] p2a: Mew
|move|p1a: Skarmory|Whirlwind|p2a: Mew
|drag|p2a: Gyarados|Gyarados, F|353\/353
|-ability|p2a: Gyarados|Intimidate|[of] p1a: Skarmory
|-unboost|p1a: Skarmory|atk|1
|
|turn|79
|
|switch|p2a: Mew|Mew|100\/403
|move|p1a: Skarmory|Spikes|p2a: Mew
|-sidestart|p2: Robbenwithlasers|Spikes
|
|turn|80
|
|move|p2a: Mew|Defog|p1a: Skarmory
|-unboost|p1a: Skarmory|evasion|1
|-sideend|p2: Robbenwithlasers|Spikes|[from] move: Defog|[of] p2a: Mew
|move|p1a: Skarmory|Whirlwind|p2a: Mew
|drag|p2a: Heatran|Heatran, M|150\/385
|
|turn|81
|
|switch|p1a: Chansey|Chansey, F|573\/703
|move|p2a: Heatran|Lava Plume|p1a: Chansey
|-damage|p1a: Chansey|492\/703
|
|turn|82
|
|switch|p1a: Sableye|Sableye-Mega, F|273\/303
|move|p2a: Heatran|Stealth Rock|p1a: Sableye
|move|p1a: Sableye|Stealth Rock|p2a: Heatran|[from]Magic Bounce
|-sidestart|p2: Robbenwithlasers|move: Stealth Rock
|
|turn|83
|
|move|p2a: Heatran|Lava Plume|p1a: Sableye
|-damage|p1a: Sableye|198\/303
|move|p1a: Sableye|Foul Play|p2a: Heatran
|-damage|p2a: Heatran|57\/385
|
|turn|84
|
|move|p2a: Heatran|Lava Plume|p1a: Sableye
|-damage|p1a: Sableye|119\/303
|move|p1a: Sableye|Recover|p1a: Sableye
|-heal|p1a: Sableye|271\/303
|
|turn|85
|
|move|p2a: Heatran|Lava Plume|p1a: Sableye
|-crit|p1a: Sableye
|-damage|p1a: Sableye|159\/303
|-status|p1a: Sableye|brn
|move|p1a: Sableye|Foul Play|p2a: Heatran
|-damage|p2a: Heatran|17\/385
|
|-damage|p1a: Sableye|122\/303 brn|[from] brn
|turn|86
|leave|Dark Traitor
|
|move|p1a: Sableye|Recover|p1a: Sableye
|-heal|p1a: Sableye|274\/303 brn
|move|p2a: Heatran|Roar|p1a: Sableye
|move|p1a: Sableye|Roar|p2a: Heatran|[from]Magic Bounce
|drag|p2a: Clefable|Clefable, F|145\/394
|-damage|p2a: Clefable|96\/394|[from] Stealth Rock
|
|-damage|p1a: Sableye|237\/303 brn|[from] brn
|turn|87
|
|switch|p2a: Mew|Mew|100\/403
|-damage|p2a: Mew|50\/403|[from] Stealth Rock
|switch|p1a: Skarmory|Skarmory, M|187\/333
|
|turn|88
|
|move|p2a: Mew|Defog|p1a: Skarmory
|-unboost|p1a: Skarmory|evasion|1
|-sideend|p2: Robbenwithlasers|Stealth Rock|[from] move: Defog|[of] p2a: Mew
|move|p1a: Skarmory|Whirlwind|p2a: Mew
|drag|p2a: Clefable|Clefable, F|96\/394
|
|turn|89
|join|Luis coco
|
|switch|p2a: Mew|Mew|50\/403
|move|p1a: Skarmory|Spikes|p2a: Mew
|-sidestart|p2: Robbenwithlasers|Spikes
|
|turn|90
|
|move|p2a: Mew|Defog|p1a: Skarmory
|-unboost|p1a: Skarmory|evasion|1
|-sideend|p2: Robbenwithlasers|Spikes|[from] move: Defog|[of] p2a: Mew
|move|p1a: Skarmory|Whirlwind|p2a: Mew
|drag|p2a: Clefable|Clefable, F|96\/394
|
|turn|91
|
|switch|p2a: Mew|Mew|50\/403
|move|p1a: Skarmory|Spikes|p2a: Mew
|-sidestart|p2: Robbenwithlasers|Spikes
|
|turn|92
|
|move|p2a: Mew|Defog|p1a: Skarmory
|-unboost|p1a: Skarmory|evasion|1
|-sideend|p2: Robbenwithlasers|Spikes|[from] move: Defog|[of] p2a: Mew
|move|p1a: Skarmory|Whirlwind|p2a: Mew
|drag|p2a: Gliscor|Gliscor, F|353\/353 tox
|
|turn|93
|
|switch|p2a: Mew|Mew|50\/403
|switch|p1a: Sableye|Sableye-Mega, F|237\/303 brn
|
|-damage|p1a: Sableye|200\/303 brn|[from] brn
|turn|94
|
|move|p2a: Mew|Roost|p2a: Mew
|-heal|p2a: Mew|252\/403
|move|p1a: Sableye|Will-O-Wisp|p2a: Mew
|-status|p2a: Mew|brn
|
|-damage|p2a: Mew|202\/403 brn|[from] brn
|-damage|p1a: Sableye|163\/303 brn|[from] brn
|turn|95
|
|switch|p2a: Clefable|Clefable, F|96\/394
|move|p1a: Sableye|Recover|p1a: Sableye
|-heal|p1a: Sableye|303\/303 brn
|
|-damage|p1a: Sableye|266\/303 brn|[from] brn
|turn|96
|
|switch|p1a: Skarmory|Skarmory, M|187\/333
|move|p2a: Clefable|Heal Bell|p2a: Clefable
|-cureteam|p2a: Clefable|[from] move: HealBell
|
|turn|97
|c|★nintendistagamer|nossa
|c|★nintendistagamer|ele me deu a vantagem
|
|switch|p2a: Mew|Mew|202\/403
|move|p1a: Skarmory|Spikes|p2a: Mew
|-sidestart|p2: Robbenwithlasers|Spikes
|
|turn|98
|
|move|p2a: Mew|Defog|p1a: Skarmory
|-unboost|p1a: Skarmory|evasion|1
|-sideend|p2: Robbenwithlasers|Spikes|[from] move: Defog|[of] p2a: Mew
|move|p1a: Skarmory|Roost|p1a: Skarmory
|-heal|p1a: Skarmory|333\/333
|
|turn|99
|
|switch|p1a: Sableye|Sableye-Mega, F|266\/303 brn
|move|p2a: Mew|Roost|p2a: Mew
|-heal|p2a: Mew|403\/403
|
|-damage|p1a: Sableye|229\/303 brn|[from] brn
|turn|100
|
|switch|p2a: Clefable|Clefable, F|96\/394
|move|p1a: Sableye|Foul Play|p2a: Clefable
|-resisted|p2a: Clefable
|-damage|p2a: Clefable|80\/394
|
|-damage|p1a: Sableye|192\/303 brn|[from] brn
|turn|101
|
|switch|p1a: Skarmory|Skarmory, M|333\/333
|move|p2a: Clefable|Wish|p2a: Clefable
|
|turn|102
|
|switch|p2a: Heatran|Heatran, M|17\/385
|move|p1a: Skarmory|Whirlwind|p2a: Heatran
|drag|p2a: Mew|Mew|403\/403
|
|turn|103
|
|move|p2a: Mew|Will-O-Wisp|p1a: Skarmory
|-status|p1a: Skarmory|brn
|move|p1a: Skarmory|Spikes|p2a: Mew
|-sidestart|p2: Robbenwithlasers|Spikes
|
|-damage|p1a: Skarmory|292\/333 brn|[from] brn
|turn|104
|
|switch|p1a: Chansey|Chansey, F|492\/703
|move|p2a: Mew|Defog|p1a: Chansey
|-unboost|p1a: Chansey|evasion|1
|-sideend|p2: Robbenwithlasers|Spikes|[from] move: Defog|[of] p2a: Mew
|
|turn|105
|
|switch|p2a: Gliscor|Gliscor, F|353\/353
|move|p1a: Chansey|Aromatherapy|p1a: Chansey
|-cureteam|p1a: Chansey|[from] move: Aromatherapy
|
|turn|106
|
|move|p2a: Gliscor|Knock Off|p1a: Chansey
|-damage|p1a: Chansey|397\/703
|-enditem|p1a: Chansey|Eviolite|[from] move: Knock Off|[of] p2a: Gliscor
|move|p1a: Chansey|Seismic Toss|p2a: Gliscor
|-damage|p2a: Gliscor|253\/353
|
|turn|107
|
|switch|p1a: Sableye|Sableye-Mega, F|192\/303
|move|p2a: Gliscor|Earthquake|p1a: Sableye
|-crit|p1a: Sableye
|-damage|p1a: Sableye|60\/303
|
|turn|108
|
|switch|p1a: Amoonguss|Amoonguss, M|432\/432
|move|p2a: Gliscor|Earthquake|p1a: Amoonguss
|-damage|p1a: Amoonguss|324\/432
|
|-heal|p1a: Amoonguss|351\/432|[from] item: Black Sludge
|turn|109
|
|move|p2a: Gliscor|Knock Off|p1a: Amoonguss
|-damage|p1a: Amoonguss|290\/432
|-enditem|p1a: Amoonguss|Black Sludge|[from] move: Knock Off|[of] p2a: Gliscor
|move|p1a: Amoonguss|Spore|p2a: Gliscor
|-status|p2a: Gliscor|slp
|
|turn|110
|
|switch|p2a: Heatran|Heatran, M|17\/385
|move|p1a: Amoonguss|Giga Drain|p2a: Heatran
|-resisted|p2a: Heatran
|-damage|p2a: Heatran|4\/385
|-heal|p1a: Amoonguss|297\/432|[from] drain|[of] p2a: Heatran
|
|turn|111
|c|★nintendistagamer|carai
|
|switch|p1a: Chansey|Chansey, F|397\/703
|move|p2a: Heatran|Lava Plume|p1a: Chansey
|-crit|p1a: Chansey
|-damage|p1a: Chansey|235\/703
|
|turn|112
|
|move|p2a: Heatran|Stealth Rock|p1a: Chansey
|-sidestart|p1: nintendistagamer|move: Stealth Rock
|move|p1a: Chansey|Soft-Boiled|p1a: Chansey
|-heal|p1a: Chansey|587\/703
|
|turn|113
|
|switch|p2a: Clefable|Clefable, F|80\/394
|move|p1a: Chansey|Stealth Rock|p2a: Clefable
|-sidestart|p2: Robbenwithlasers|move: Stealth Rock
|
|turn|114
|
|move|p2a: Clefable|Heal Bell|p2a: Clefable
|-cureteam|p2a: Clefable|[from] move: HealBell
|move|p1a: Chansey|Seismic Toss|p2a: Clefable
|-damage|p2a: Clefable|0 fnt
|faint|p2a: Clefable
|
|
|switch|p2a: Gliscor|Gliscor, F|253\/353
|-damage|p2a: Gliscor|209\/353|[from] Stealth Rock
|turn|115
|
|move|p2a: Gliscor|Roost|p2a: Gliscor
|-heal|p2a: Gliscor|353\/353
|move|p1a: Chansey|Seismic Toss|p2a: Gliscor
|-damage|p2a: Gliscor|253\/353
|
|turn|116
|
|switch|p1a: Skarmory|Skarmory, M|292\/333
|-damage|p1a: Skarmory|251\/333|[from] Stealth Rock
|move|p2a: Gliscor|Earthquake|p1a: Skarmory
|-immune|p1a: Skarmory|[msg]
|
|turn|117
|c|★nintendistagamer|32 pp wow
|
|move|p2a: Gliscor|Taunt|p1a: Skarmory
|-start|p1a: Skarmory|move: Taunt
|cant|p1a: Skarmory|move: Taunt|Roost
|
|turn|118
|
|switch|p1a: Amoonguss|Amoonguss, M|432\/432
|-damage|p1a: Amoonguss|378\/432|[from] Stealth Rock
|move|p2a: Gliscor|Knock Off|p1a: Amoonguss
|-damage|p1a: Amoonguss|334\/432
|
|turn|119
|
|switch|p2a: Ferrothorn|Ferrothorn, M|328\/352
|-damage|p2a: Ferrothorn|306\/352|[from] Stealth Rock
|move|p1a: Amoonguss|Giga Drain|p2a: Ferrothorn
|-resisted|p2a: Ferrothorn
|-damage|p2a: Ferrothorn|294\/352
|-heal|p1a: Amoonguss|340\/432|[from] drain|[of] p2a: Ferrothorn
|
|-heal|p2a: Ferrothorn|316\/352|[from] item: Leftovers
|turn|120
|leave|PericlesSelvagem
|
|switch|p1a: Skarmory|Skarmory, M|251\/333
|-damage|p1a: Skarmory|210\/333|[from] Stealth Rock
|move|p2a: Ferrothorn|Gyro Ball|p1a: Skarmory
|-resisted|p1a: Skarmory
|-damage|p1a: Skarmory|176\/333
|
|-heal|p2a: Ferrothorn|338\/352|[from] item: Leftovers
|turn|121
|
|switch|p2a: Gliscor|Gliscor, F|253\/353
|-damage|p2a: Gliscor|209\/353|[from] Stealth Rock
|move|p1a: Skarmory|Defog|p2a: Gliscor
|-unboost|p2a: Gliscor|evasion|1
|-sideend|p2: Robbenwithlasers|Stealth Rock|[from] move: Defog|[of] p2a: Gliscor
|-sideend|p1: nintendistagamer|Stealth Rock|[from] move: Defog|[of] p1a: Skarmory
|
|turn|122
|
|switch|p1a: Amoonguss|Amoonguss, M|432\/432
|move|p2a: Gliscor|Taunt|p1a: Amoonguss
|-start|p1a: Amoonguss|move: Taunt
|
|turn|123
|
|switch|p2a: Ferrothorn|Ferrothorn, M|338\/352
|move|p1a: Amoonguss|Giga Drain|p2a: Ferrothorn
|-resisted|p2a: Ferrothorn
|-damage|p2a: Ferrothorn|324\/352
|
|-heal|p2a: Ferrothorn|346\/352|[from] item: Leftovers
|turn|124
|
|switch|p1a: Sableye|Sableye-Mega, F|60\/303
|move|p2a: Ferrothorn|Spikes|p1a: Sableye
|move|p1a: Sableye|Spikes|p2a: Ferrothorn|[from]Magic Bounce
|-sidestart|p2: Robbenwithlasers|Spikes
|
|-heal|p2a: Ferrothorn|352\/352|[from] item: Leftovers
|turn|125
|
|move|p1a: Sableye|Recover|p1a: Sableye
|-heal|p1a: Sableye|212\/303
|move|p2a: Ferrothorn|Gyro Ball|p1a: Sableye
|-damage|p1a: Sableye|167\/303
|
|turn|126
|
|switch|p2a: Mew|Mew|403\/403
|-damage|p2a: Mew|353\/403|[from] Spikes
|move|p1a: Sableye|Will-O-Wisp|p2a: Mew
|-status|p2a: Mew|brn
|-status|p1a: Sableye|brn
|
|-damage|p2a: Mew|303\/403 brn|[from] brn
|-damage|p1a: Sableye|130\/303 brn|[from] brn
|turn|127
|
|switch|p1a: Chansey|Chansey, F|587\/703
|move|p2a: Mew|Defog|p1a: Chansey
|-unboost|p1a: Chansey|evasion|1
|-sideend|p2: Robbenwithlasers|Spikes|[from] move: Defog|[of] p2a: Mew
|
|-damage|p2a: Mew|253\/403 brn|[from] brn
|turn|128
|
|switch|p2a: Gyarados|Gyarados, F|353\/353
|-ability|p2a: Gyarados|Intimidate|[of] p1a: Chansey
|-unboost|p1a: Chansey|atk|1
|move|p1a: Chansey|Stealth Rock|p2a: Gyarados
|-sidestart|p2: Robbenwithlasers|move: Stealth Rock
|
|turn|129
|
|switch|p1a: Amoonguss|Amoonguss, M|432\/432
|move|p2a: Gyarados|Dragon Dance|p2a: Gyarados
|-boost|p2a: Gyarados|atk|1
|-boost|p2a: Gyarados|spe|1
|
|turn|130
|
|move|p2a: Gyarados|Substitute|p2a: Gyarados
|-start|p2a: Gyarados|Substitute
|-damage|p2a: Gyarados|265\/353
|move|p1a: Amoonguss|Spore|p2a: Gyarados
|
|turn|131
|
|detailschange|p2a: Gyarados|Gyarados-Mega, F
|-mega|p2a: Gyarados|Gyarados|Gyaradosite
|-ability|p2a: Gyarados|Mold Breaker
|move|p2a: Gyarados|Crunch|p1a: Amoonguss
|-damage|p1a: Amoonguss|198\/432
|move|p1a: Amoonguss|Foul Play|p2a: Gyarados
|-resisted|p2a: Gyarados
|-end|p2a: Gyarados|Substitute
|
|turn|132
|
|switch|p1a: Gliscor|Gliscor, M|265\/354
|move|p2a: Gyarados|Crunch|p1a: Gliscor
|-crit|p1a: Gliscor
|-damage|p1a: Gliscor|21\/354
|-unboost|p1a: Gliscor|def|1
|
|turn|133
|
|move|p2a: Gyarados|Substitute|p2a: Gyarados
|-start|p2a: Gyarados|Substitute
|-damage|p2a: Gyarados|177\/353
|move|p1a: Gliscor|Earthquake|p2a: Gyarados
|-crit|p2a: Gyarados
|-end|p2a: Gyarados|Substitute
|
|turn|134
|
|move|p2a: Gyarados|Substitute|p2a: Gyarados
|-start|p2a: Gyarados|Substitute
|-damage|p2a: Gyarados|89\/353
|move|p1a: Gliscor|Earthquake|p2a: Gyarados
|-end|p2a: Gyarados|Substitute
|
|turn|135
|
|move|p2a: Gyarados|Crunch|p1a: Gliscor
|-damage|p1a: Gliscor|0 fnt
|faint|p1a: Gliscor
|
|
|switch|p1a: Amoonguss|Amoonguss, M|342\/432
|turn|136
|
|move|p2a: Gyarados|Waterfall|p1a: Amoonguss
|-resisted|p1a: Amoonguss
|-damage|p1a: Amoonguss|217\/432
|move|p1a: Amoonguss|Giga Drain|p2a: Gyarados
|-supereffective|p2a: Gyarados
|-damage|p2a: Gyarados|0 fnt
|-heal|p1a: Amoonguss|262\/432|[from] drain|[of] p2a: Gyarados
|faint|p2a: Gyarados
|
|
|switch|p2a: Mew|Mew|253\/403 brn
|-damage|p2a: Mew|203\/403 brn|[from] Stealth Rock
|turn|137
|
|move|p2a: Mew|Roost|p2a: Mew
|-heal|p2a: Mew|403\/403 brn
|move|p1a: Amoonguss|Foul Play|p2a: Mew
|-supereffective|p2a: Mew
|-damage|p2a: Mew|241\/403 brn
|
|-damage|p2a: Mew|191\/403 brn|[from] brn
|turn|138
|
|move|p2a: Mew|Will-O-Wisp|p1a: Amoonguss
|-status|p1a: Amoonguss|brn
|move|p1a: Amoonguss|Foul Play|p2a: Mew
|-supereffective|p2a: Mew
|-damage|p2a: Mew|119\/403 brn
|
|-damage|p2a: Mew|69\/403 brn|[from] brn
|-damage|p1a: Amoonguss|208\/432 brn|[from] brn
|turn|139
|
|switch|p1a: Chansey|Chansey, F|587\/703
|move|p2a: Mew|Roost|p2a: Mew
|-heal|p2a: Mew|271\/403 brn
|
|-damage|p2a: Mew|221\/403 brn|[from] brn
|turn|140
|
|move|p2a: Mew|Defog|p1a: Chansey
|-unboost|p1a: Chansey|evasion|1
|-sideend|p2: Robbenwithlasers|Stealth Rock|[from] move: Defog|[of] p2a: Mew
|move|p1a: Chansey|Aromatherapy|p1a: Chansey
|-cureteam|p1a: Chansey|[from] move: Aromatherapy
|
|-damage|p2a: Mew|171\/403 brn|[from] brn
|turn|141
|
|move|p2a: Mew|Roost|p2a: Mew
|-heal|p2a: Mew|373\/403 brn
|move|p1a: Chansey|Stealth Rock|p2a: Mew
|-sidestart|p2: Robbenwithlasers|move: Stealth Rock
|
|-damage|p2a: Mew|323\/403 brn|[from] brn
|turn|142
|
|switch|p2a: Gliscor|Gliscor, F|209\/353
|-damage|p2a: Gliscor|165\/353|[from] Stealth Rock
|switch|p1a: Sableye|Sableye-Mega, F|130\/303
|
|turn|143
|
|switch|p2a: Mew|Mew|323\/403 brn
|-damage|p2a: Mew|273\/403 brn|[from] Stealth Rock
|move|p1a: Sableye|Recover|p1a: Sableye
|-heal|p1a: Sableye|282\/303
|
|-damage|p2a: Mew|223\/403 brn|[from] brn
|turn|144
|c|★nintendistagamer|my pp D:
|
|move|p2a: Mew|Roost|p2a: Mew
|-heal|p2a: Mew|403\/403 brn
|move|p1a: Sableye|Knock Off|p2a: Mew
|-supereffective|p2a: Mew
|-damage|p2a: Mew|257\/403 brn
|
|-damage|p2a: Mew|207\/403 brn|[from] brn
|turn|145
|
|move|p2a: Mew|Will-O-Wisp|p1a: Sableye
|move|p1a: Sableye|Will-O-Wisp|p2a: Mew|[from]Magic Bounce
|-fail|p2a: Mew|brn
|move|p1a: Sableye|Will-O-Wisp|p2a: Mew
|-fail|p2a: Mew|brn
|
|-damage|p2a: Mew|157\/403 brn|[from] brn
|turn|146
|
|move|p2a: Mew|Roost|p2a: Mew
|-heal|p2a: Mew|359\/403 brn
|move|p1a: Sableye|Foul Play|p2a: Mew
|-supereffective|p2a: Mew
|-damage|p2a: Mew|119\/403 brn
|
|-damage|p2a: Mew|69\/403 brn|[from] brn
|turn|147
|c|★nintendistagamer|by mew
|
|move|p2a: Mew|Defog|p1a: Sableye
|move|p1a: Sableye|Defog|p2a: Mew|[from]Magic Bounce
|-unboost|p2a: Mew|evasion|1
|-sideend|p2: Robbenwithlasers|Stealth Rock|[from] move: Defog|[of] p2a: Mew
|move|p1a: Sableye|Foul Play|p2a: Mew
|-supereffective|p2a: Mew
|-damage|p2a: Mew|0 fnt
|faint|p2a: Mew
|
|
|switch|p2a: Heatran|Heatran, M|4\/385
|turn|148
|
|switch|p1a: Chansey|Chansey, F|587\/703
|move|p2a: Heatran|Lava Plume|p1a: Chansey
|-damage|p1a: Chansey|481\/703
|-status|p1a: Chansey|brn
|
|-damage|p1a: Chansey|394\/703 brn|[from] brn
|turn|149
|
|move|p2a: Heatran|Stealth Rock|p1a: Chansey
|-sidestart|p1: nintendistagamer|move: Stealth Rock
|move|p1a: Chansey|Soft-Boiled|p1a: Chansey
|-heal|p1a: Chansey|703\/703 brn
|
|-damage|p1a: Chansey|616\/703 brn|[from] brn
|turn|150
|
|move|p2a: Heatran|Lava Plume|p1a: Chansey
|-damage|p1a: Chansey|493\/703 brn
|move|p1a: Chansey|Stealth Rock|p2a: Heatran
|-sidestart|p2: Robbenwithlasers|move: Stealth Rock
|
|-damage|p1a: Chansey|406\/703 brn|[from] brn
|turn|151
|
|move|p1a: Chansey|Soft-Boiled|p1a: Chansey
|-heal|p1a: Chansey|703\/703 brn
|move|p2a: Heatran|Roar|p1a: Chansey
|drag|p1a: Amoonguss|Amoonguss, M|352\/432
|-damage|p1a: Amoonguss|298\/432|[from] Stealth Rock
|
|turn|152
|
|switch|p1a: Chansey|Chansey, F|703\/703
|-damage|p1a: Chansey|616\/703|[from] Stealth Rock
|move|p2a: Heatran|Roar|p1a: Chansey
|drag|p1a: Amoonguss|Amoonguss, M|432\/432
|-damage|p1a: Amoonguss|378\/432|[from] Stealth Rock
|
|turn|153
|
|switch|p1a: Chansey|Chansey, F|616\/703
|-damage|p1a: Chansey|529\/703|[from] Stealth Rock
|move|p2a: Heatran|Lava Plume|p1a: Chansey
|-damage|p1a: Chansey|415\/703
|-status|p1a: Chansey|brn
|
|-damage|p1a: Chansey|328\/703 brn|[from] brn
|turn|154
|
|switch|p2a: Gliscor|Gliscor, F|165\/353
|-damage|p2a: Gliscor|121\/353|[from] Stealth Rock
|move|p1a: Chansey|Seismic Toss|p2a: Gliscor
|-damage|p2a: Gliscor|21\/353
|
|-damage|p1a: Chansey|241\/703 brn|[from] brn
|turn|155
|
|switch|p1a: Amoonguss|Amoonguss, M|432\/432
|-damage|p1a: Amoonguss|378\/432|[from] Stealth Rock
|move|p2a: Gliscor|Roost|p2a: Gliscor
|-heal|p2a: Gliscor|198\/353
|
|turn|156
|
|switch|p2a: Ferrothorn|Ferrothorn, M|352\/352
|-damage|p2a: Ferrothorn|330\/352|[from] Stealth Rock
|move|p1a: Amoonguss|Giga Drain|p2a: Ferrothorn
|-resisted|p2a: Ferrothorn
|-damage|p2a: Ferrothorn|317\/352
|-heal|p1a: Amoonguss|385\/432|[from] drain|[of] p2a: Ferrothorn
|
|-heal|p2a: Ferrothorn|339\/352|[from] item: Leftovers
|turn|157
|
|switch|p1a: Sableye|Sableye-Mega, F|282\/303
|-damage|p1a: Sableye|245\/303|[from] Stealth Rock
|move|p2a: Ferrothorn|Leech Seed|p1a: Sableye
|move|p1a: Sableye|Leech Seed|p2a: Ferrothorn|[from]Magic Bounce
|-immune|p2a: Ferrothorn|[msg]
|
|-heal|p2a: Ferrothorn|352\/352|[from] item: Leftovers
|turn|158
|
|move|p2a: Ferrothorn|Protect|p2a: Ferrothorn
|-singleturn|p2a: Ferrothorn|Protect
|move|p1a: Sableye|Will-O-Wisp|p2a: Ferrothorn
|-activate|p2a: Ferrothorn|Protect
|
|turn|159
|
|move|p1a: Sableye|Will-O-Wisp|p2a: Ferrothorn
|-status|p2a: Ferrothorn|brn
|move|p2a: Ferrothorn|Gyro Ball|p1a: Sableye
|-damage|p1a: Sableye|223\/303
|
|-damage|p2a: Ferrothorn|308\/352 brn|[from] brn
|turn|160
|
|move|p1a: Sableye|Knock Off|p2a: Ferrothorn
|-damage|p2a: Ferrothorn|233\/352 brn
|-damage|p1a: Sableye|186\/303|[from] ability: Iron Barbs|[of] p2a: Ferrothorn
|-enditem|p2a: Ferrothorn|Leftovers|[from] move: Knock Off|[of] p1a: Sableye
|move|p2a: Ferrothorn|Leech Seed|p1a: Sableye
|move|p1a: Sableye|Leech Seed|p2a: Ferrothorn|[from]Magic Bounce
|-immune|p2a: Ferrothorn|[msg]
|
|-damage|p2a: Ferrothorn|189\/352 brn|[from] brn
|turn|161
|
|switch|p1a: Skarmory|Skarmory, M|176\/333
|-damage|p1a: Skarmory|135\/333|[from] Stealth Rock
|move|p2a: Ferrothorn|Gyro Ball|p1a: Skarmory
|-resisted|p1a: Skarmory
|-damage|p1a: Skarmory|117\/333
|
|-damage|p2a: Ferrothorn|145\/352 brn|[from] brn
|turn|162
|
|move|p1a: Skarmory|Spikes|p2a: Ferrothorn
|-sidestart|p2: Robbenwithlasers|Spikes
|move|p2a: Ferrothorn|Spikes|p1a: Skarmory
|-sidestart|p1: nintendistagamer|Spikes
|
|-damage|p2a: Ferrothorn|101\/352 brn|[from] brn
|turn|163
|
|switch|p2a: Gliscor|Gliscor, F|198\/353
|-damage|p2a: Gliscor|154\/353|[from] Stealth Rock
|move|p1a: Skarmory|Spikes|p2a: Gliscor
|-sidestart|p2: Robbenwithlasers|Spikes
|
|turn|164
|
|switch|p1a: Amoonguss|Amoonguss, M|432\/432
|-damage|p1a: Amoonguss|378\/432|[from] Spikes
|-damage|p1a: Amoonguss|324\/432|[from] Stealth Rock
|move|p2a: Gliscor|Roost|p2a: Gliscor
|-heal|p2a: Gliscor|331\/353
|
|turn|165
|
|move|p2a: Gliscor|Taunt|p1a: Amoonguss
|-start|p1a: Amoonguss|move: Taunt
|move|p1a: Amoonguss|Giga Drain|p2a: Gliscor
|-crit|p2a: Gliscor
|-damage|p2a: Gliscor|189\/353
|-heal|p1a: Amoonguss|395\/432|[from] drain|[of] p2a: Gliscor
|
|turn|166
|
|move|p2a: Gliscor|Earthquake|p1a: Amoonguss
|-damage|p1a: Amoonguss|284\/432
|move|p1a: Amoonguss|Giga Drain|p2a: Gliscor
|-damage|p2a: Gliscor|96\/353
|-heal|p1a: Amoonguss|331\/432|[from] drain|[of] p2a: Gliscor
|
|turn|167
|c|★Robbenwithlasers|gg
|
|move|p2a: Gliscor|Roost|p2a: Gliscor
|-heal|p2a: Gliscor|273\/353
|move|p1a: Amoonguss|Giga Drain|p2a: Gliscor
|-supereffective|p2a: Gliscor
|-damage|p2a: Gliscor|87\/353
|-heal|p1a: Amoonguss|424\/432|[from] drain|[of] p2a: Gliscor
|
|-end|p1a: Amoonguss|move: Taunt
|turn|168
|c|★nintendistagamer|gg
|
|move|p2a: Gliscor|Roost|p2a: Gliscor
|-heal|p2a: Gliscor|264\/353
|move|p1a: Amoonguss|Giga Drain|p2a: Gliscor
|-supereffective|p2a: Gliscor
|-damage|p2a: Gliscor|72\/353
|-heal|p1a: Amoonguss|432\/432|[from] drain|[of] p2a: Gliscor
|
|turn|169
|c|★Robbenwithlasers|nick on smogon?
|c|★nintendistagamer|?
|
|move|p2a: Gliscor|Roost|p2a: Gliscor
|-heal|p2a: Gliscor|249\/353
|move|p1a: Amoonguss|Giga Drain|p2a: Gliscor
|-supereffective|p2a: Gliscor
|-damage|p2a: Gliscor|67\/353
|
|turn|170
|
|move|p2a: Gliscor|Roost|p2a: Gliscor
|-heal|p2a: Gliscor|244\/353
|move|p1a: Amoonguss|Giga Drain|p2a: Gliscor
|-supereffective|p2a: Gliscor
|-damage|p2a: Gliscor|64\/353
|
|turn|171
|
|move|p2a: Gliscor|Roost|p2a: Gliscor
|-heal|p2a: Gliscor|241\/353
|move|p1a: Amoonguss|Giga Drain|p2a: Gliscor
|-supereffective|p2a: Gliscor
|-damage|p2a: Gliscor|49\/353
|
|turn|172
|
|move|p2a: Gliscor|Roost|p2a: Gliscor
|-heal|p2a: Gliscor|226\/353
|move|p1a: Amoonguss|Giga Drain|p2a: Gliscor
|-supereffective|p2a: Gliscor
|-damage|p2a: Gliscor|40\/353
|
|turn|173
|
|move|p2a: Gliscor|Roost|p2a: Gliscor
|-heal|p2a: Gliscor|217\/353
|move|p1a: Amoonguss|Spore|p2a: Gliscor
|-status|p2a: Gliscor|slp
|
|turn|174
|
|cant|p2a: Gliscor|slp
|move|p1a: Amoonguss|Giga Drain|p2a: Gliscor
|-damage|p2a: Gliscor|118\/353 slp
|
|turn|175
|
|cant|p2a: Gliscor|slp
|move|p1a: Amoonguss|Giga Drain|p2a: Gliscor
|-damage|p2a: Gliscor|24\/353 slp
|
|turn|176
|
|cant|p2a: Gliscor|slp
|move|p1a: Amoonguss|Giga Drain|p2a: Gliscor
|-damage|p2a: Gliscor|0 fnt
|faint|p2a: Gliscor
|
|
|switch|p2a: Heatran|Heatran, M|4\/385
|-damage|p2a: Heatran|0 fnt|[from] Spikes
|faint|p2a: Heatran
|c|★nintendistagamer|my ultime pp
|c|★nintendistagamer|xD
|
|switch|p2a: Ferrothorn|Ferrothorn, M|101\/352 brn
|-damage|p2a: Ferrothorn|43\/352 brn|[from] Spikes
|-damage|p2a: Ferrothorn|21\/352 brn|[from] Stealth Rock
|turn|177
|c|★nintendistagamer|0 giga drain
|c|★Robbenwithlasers|=[
|
|move|p1a: Amoonguss|Foul Play|p2a: Ferrothorn
|-damage|p2a: Ferrothorn|0 fnt
|-damage|p1a: Amoonguss|378\/432|[from] ability: Iron Barbs|[of] p2a: Ferrothorn
|faint|p2a: Ferrothorn
|
|win|nintendistagamer
|raw|Ladder updating...
|raw|nintendistagamer's rating: 1735 &rarr; <strong>1746<\/strong><br \/>(+11 for winning)
|raw|Robbenwithlasers's rating: 1556 &rarr; <strong>1546<\/strong><br \/>(-10 for losing)
|c|★nintendistagamer|gg
|c|★Robbenwithlasers|gg
|leave|Robbenwithlasers
|player|p2