|join|RotomSock
|join|Dat yanguas
|player|p1|RotomSock|37
|player|p2|Dat yanguas|290
|gametype|singles
|gen|6
|tier|OU
|rated
|clearpoke
|poke|p1|Magnezone
|poke|p1|Pinsir, M
|poke|p1|Garchomp, F
|poke|p1|Landorus-Therian, M
|poke|p1|Raikou
|poke|p1|Starmie
|poke|p2|Landorus-Therian, M
|poke|p2|Zapdos
|poke|p2|Heracross, M
|poke|p2|Heatran, M
|poke|p2|Slowbro, M
|poke|p2|Kyurem-Black
|rule|Swagger Clause: Swagger is banned
|rule|Baton Pass Clause: Limit one Pokémon knowing Baton Pass
|rule|Sleep Clause Mod: Limit one foe put to sleep
|rule|Species Clause: Limit one of each Pokémon
|rule|OHKO Clause: OHKO moves are banned
|rule|Moody Clause: Moody is banned
|rule|Evasion Moves Clause: Evasion moves are banned
|rule|Endless Battle Clause: Forcing endless battles is banned
|rule|HP Percentage Mod: HP is shown in percentages
|teampreview
|
|start
|switch|p1a: Starmie|Starmie|324\/324
|switch|p2a: Slowbro|Slowbro, M|393\/393
|turn|1
|
|move|p1a: Starmie|Scald|p2a: Slowbro
|-resisted|p2a: Slowbro
|-damage|p2a: Slowbro|361\/393
|move|p2a: Slowbro|Scald|p1a: Starmie
|-resisted|p1a: Starmie
|-damage|p1a: Starmie|269\/324
|
|-heal|p1a: Starmie|289\/324|[from] item: Leftovers
|turn|2
|
|switch|p2a: Kyurem-Black|Kyurem-Black|405\/405
|-ability|p2a: Kyurem-Black|Teravolt
|move|p1a: Starmie|Scald|p2a: Kyurem-Black
|-resisted|p2a: Kyurem-Black
|-damage|p2a: Kyurem-Black|357\/405
|
|-heal|p1a: Starmie|309\/324|[from] item: Leftovers
|-heal|p2a: Kyurem-Black|382\/405|[from] item: Leftovers
|turn|3
|
|switch|p1a: Raikou|Raikou|322\/322
|-ability|p1a: Raikou|Pressure
|move|p2a: Kyurem-Black|Substitute|p2a: Kyurem-Black
|-start|p2a: Kyurem-Black|Substitute
|-damage|p2a: Kyurem-Black|281\/405
|
|-heal|p2a: Kyurem-Black|306\/405|[from] item: Leftovers
|turn|4
|
|move|p1a: Raikou|Shadow Ball|p2a: Kyurem-Black
|-end|p2a: Kyurem-Black|Substitute
|move|p2a: Kyurem-Black|Ice Beam|p1a: Raikou
|-damage|p1a: Raikou|201\/322
|
|-heal|p2a: Kyurem-Black|331\/405|[from] item: Leftovers
|turn|5
|
|move|p1a: Raikou|Volt Switch|p2a: Kyurem-Black
|-resisted|p2a: Kyurem-Black
|-damage|p2a: Kyurem-Black|271\/405
|
|switch|p1a: Starmie|Starmie|309\/324
|move|p2a: Kyurem-Black|Earth Power|p1a: Starmie
|-damage|p1a: Starmie|171\/324
|
|-heal|p1a: Starmie|191\/324|[from] item: Leftovers
|-heal|p2a: Kyurem-Black|296\/405|[from] item: Leftovers
|turn|6
|
|switch|p1a: Raikou|Raikou|201\/322
|-ability|p1a: Raikou|Pressure
|move|p2a: Kyurem-Black|Fusion Bolt|p1a: Raikou
|-resisted|p1a: Raikou
|-damage|p1a: Raikou|122\/322
|
|-heal|p2a: Kyurem-Black|321\/405|[from] item: Leftovers
|turn|7
|
|move|p1a: Raikou|Shadow Ball|p2a: Kyurem-Black
|-damage|p2a: Kyurem-Black|233\/405
|-unboost|p2a: Kyurem-Black|spd|1
|move|p2a: Kyurem-Black|Substitute|p2a: Kyurem-Black
|-start|p2a: Kyurem-Black|Substitute
|-damage|p2a: Kyurem-Black|132\/405
|
|-heal|p2a: Kyurem-Black|157\/405|[from] item: Leftovers
|turn|8
|
|move|p1a: Raikou|Shadow Ball|p2a: Kyurem-Black
|-end|p2a: Kyurem-Black|Substitute
|move|p2a: Kyurem-Black|Earth Power|p1a: Raikou
|-supereffective|p1a: Raikou
|-damage|p1a: Raikou|0 fnt
|faint|p1a: Raikou
|
|-heal|p2a: Kyurem-Black|182\/405|[from] item: Leftovers
|
|switch|p1a: Pinsir|Pinsir, M|271\/271
|turn|9
|
|switch|p2a: Zapdos|Zapdos|381\/381
|-ability|p2a: Zapdos|Pressure
|detailschange|p1a: Pinsir|Pinsir-Mega, M
|message|Pinsir has Mega Evolved into Mega Pinsir!
|move|p1a: Pinsir|Frustration|p2a: Zapdos
|-crit|p2a: Zapdos
|-resisted|p2a: Zapdos
|-damage|p2a: Zapdos|205\/381
|-damage|p1a: Pinsir|226\/271|[from] item: Rocky Helmet|[of] p2a: Zapdos
|
|turn|10
|
|switch|p1a: Magnezone|Magnezone|282\/282
|move|p2a: Zapdos|Roost|p2a: Zapdos
|-heal|p2a: Zapdos|381\/381
|
|turn|11
|
|switch|p2a: Heatran|Heatran, M|385\/385
|switch|p1a: Landorus-Therian|Landorus-Therian, M|382\/382
|-ability|p1a: Landorus-Therian|Intimidate|[of] p2a: Heatran
|-unboost|p2a: Heatran|atk|1
|
|turn|12
|
|switch|p2a: Zapdos|Zapdos|381\/381
|-ability|p2a: Zapdos|Pressure
|move|p1a: Landorus-Therian|Stealth Rock|p2a: Zapdos
|-sidestart|p2: Dat yanguas|move: Stealth Rock
|
|turn|13
|
|move|p1a: Landorus-Therian|U-turn|p2a: Zapdos
|-resisted|p2a: Zapdos
|-damage|p2a: Zapdos|350\/381
|-damage|p1a: Landorus-Therian|319\/382|[from] item: Rocky Helmet|[of] p2a: Zapdos
|
|switch|p1a: Magnezone|Magnezone|282\/282
|move|p2a: Zapdos|Defog|p1a: Magnezone
|-unboost|p1a: Magnezone|evasion|1
|-sideend|p2: Dat yanguas|Stealth Rock|[from] move: Defog|[of] p2a: Zapdos
|
|turn|14
|
|move|p2a: Zapdos|Volt Switch|p1a: Magnezone
|-resisted|p1a: Magnezone
|-damage|p1a: Magnezone|225\/282
|
|switch|p2a: Landorus-Therian|Landorus-Therian, M|319\/319
|-ability|p2a: Landorus-Therian|Intimidate|[of] p1a: Magnezone
|-unboost|p1a: Magnezone|atk|1
|move|p1a: Magnezone|Volt Switch|p2a: Landorus-Therian
|-immune|p2a: Landorus-Therian|[msg]
|
|turn|15
|
|move|p2a: Landorus-Therian|Stealth Rock|p1a: Magnezone
|-sidestart|p1: RotomSock|move: Stealth Rock
|move|p1a: Magnezone|Volt Switch|p2a: Landorus-Therian
|-immune|p2a: Landorus-Therian|[msg]
|
|turn|16
|
|switch|p2a: Heatran|Heatran, M|385\/385
|move|p1a: Magnezone|Volt Switch|p2a: Heatran
|-damage|p2a: Heatran|237\/385
|
|switch|p1a: Starmie|Starmie|191\/324
|-damage|p1a: Starmie|151\/324|[from] Stealth Rock
|
|-heal|p1a: Starmie|171\/324|[from] item: Leftovers
|-heal|p2a: Heatran|261\/385|[from] item: Leftovers
|turn|17
|
|switch|p2a: Kyurem-Black|Kyurem-Black|182\/405
|-ability|p2a: Kyurem-Black|Teravolt
|move|p1a: Starmie|Scald|p2a: Kyurem-Black
|-resisted|p2a: Kyurem-Black
|-damage|p2a: Kyurem-Black|126\/405
|-status|p2a: Kyurem-Black|brn
|
|-heal|p1a: Starmie|191\/324|[from] item: Leftovers
|-heal|p2a: Kyurem-Black|151\/405 brn|[from] item: Leftovers
|-damage|p2a: Kyurem-Black|101\/405 brn|[from] brn
|turn|18
|
|move|p1a: Starmie|Recover|p1a: Starmie
|-heal|p1a: Starmie|324\/324
|move|p2a: Kyurem-Black|Fusion Bolt|p1a: Starmie
|-crit|p1a: Starmie
|-supereffective|p1a: Starmie
|-damage|p1a: Starmie|108\/324
|
|-heal|p1a: Starmie|128\/324|[from] item: Leftovers
|-heal|p2a: Kyurem-Black|126\/405 brn|[from] item: Leftovers
|-damage|p2a: Kyurem-Black|76\/405 brn|[from] brn
|turn|19
|
|move|p1a: Starmie|Recover|p1a: Starmie
|-heal|p1a: Starmie|290\/324
|move|p2a: Kyurem-Black|Earth Power|p1a: Starmie
|-damage|p1a: Starmie|173\/324
|
|-heal|p1a: Starmie|193\/324|[from] item: Leftovers
|-heal|p2a: Kyurem-Black|101\/405 brn|[from] item: Leftovers
|-damage|p2a: Kyurem-Black|51\/405 brn|[from] brn
|turn|20
|
|move|p1a: Starmie|Rapid Spin|p2a: Kyurem-Black
|-damage|p2a: Kyurem-Black|37\/405 brn
|-sideend|p1: RotomSock|Stealth Rock|[from] move: Rapid Spin|[of] p1a: Starmie
|move|p2a: Kyurem-Black|Fusion Bolt|p1a: Starmie
|-supereffective|p1a: Starmie
|-damage|p1a: Starmie|51\/324
|
|-heal|p1a: Starmie|71\/324|[from] item: Leftovers
|-heal|p2a: Kyurem-Black|62\/405 brn|[from] item: Leftovers
|-damage|p2a: Kyurem-Black|12\/405 brn|[from] brn
|turn|21
|
|move|p1a: Starmie|Recover|p1a: Starmie
|-heal|p1a: Starmie|233\/324
|move|p2a: Kyurem-Black|Fusion Bolt|p1a: Starmie
|-supereffective|p1a: Starmie
|-damage|p1a: Starmie|85\/324
|
|-heal|p1a: Starmie|105\/324|[from] item: Leftovers
|-heal|p2a: Kyurem-Black|37\/405 brn|[from] item: Leftovers
|-damage|p2a: Kyurem-Black|0 fnt|[from] brn
|faint|p2a: Kyurem-Black
|
|switch|p2a: Landorus-Therian|Landorus-Therian, M|319\/319
|-ability|p2a: Landorus-Therian|Intimidate|[of] p1a: Starmie
|-unboost|p1a: Starmie|atk|1
|turn|22
|
|move|p2a: Landorus-Therian|U-turn|p1a: Starmie
|-supereffective|p1a: Starmie
|-damage|p1a: Starmie|0 fnt
|faint|p1a: Starmie
|c|★RotomSock|it's actually scarf rocks
|c|★Dat yanguas|yes 
|
|switch|p2a: Zapdos|Zapdos|350\/381
|-ability|p2a: Zapdos|Pressure
|
|c|★Dat yanguas|surprise xd
|c|★RotomSock|welp I lost
|
|switch|p1a: Magnezone|Magnezone|225\/282
|turn|23
|
|move|p2a: Zapdos|Volt Switch|p1a: Magnezone
|-resisted|p1a: Magnezone
|-damage|p1a: Magnezone|168\/282
|
|switch|p2a: Heatran|Heatran, M|261\/385
|move|p1a: Magnezone|Volt Switch|p2a: Heatran
|-damage|p2a: Heatran|116\/385
|
|switch|p1a: Landorus-Therian|Landorus-Therian, M|319\/382
|-ability|p1a: Landorus-Therian|Intimidate|[of] p2a: Heatran
|-unboost|p2a: Heatran|atk|1
|
|-heal|p1a: Landorus-Therian|342\/382|[from] item: Leftovers
|-heal|p2a: Heatran|140\/385|[from] item: Leftovers
|turn|24
|
|move|p1a: Landorus-Therian|Stealth Rock|p2a: Heatran
|-sidestart|p2: Dat yanguas|move: Stealth Rock
|move|p2a: Heatran|Will-O-Wisp|p1a: Landorus-Therian
|-status|p1a: Landorus-Therian|brn
|
|-heal|p1a: Landorus-Therian|365\/382 brn|[from] item: Leftovers
|-heal|p2a: Heatran|164\/385|[from] item: Leftovers
|-damage|p1a: Landorus-Therian|318\/382 brn|[from] brn
|turn|25
|
|switch|p2a: Zapdos|Zapdos|350\/381
|-damage|p2a: Zapdos|255\/381|[from] Stealth Rock
|-ability|p2a: Zapdos|Pressure
|move|p1a: Landorus-Therian|U-turn|p2a: Zapdos
|-resisted|p2a: Zapdos
|-damage|p2a: Zapdos|240\/381
|-damage|p1a: Landorus-Therian|255\/382 brn|[from] item: Rocky Helmet|[of] p2a: Zapdos
|
|switch|p1a: Magnezone|Magnezone|168\/282
|
|turn|26
|
|switch|p2a: Landorus-Therian|Landorus-Therian, M|319\/319
|-damage|p2a: Landorus-Therian|280\/319|[from] Stealth Rock
|-ability|p2a: Landorus-Therian|Intimidate|[of] p1a: Magnezone
|-unboost|p1a: Magnezone|atk|1
|move|p1a: Magnezone|Flash Cannon|p2a: Landorus-Therian
|-damage|p2a: Landorus-Therian|7\/319
|
|turn|27
|
|switch|p1a: Pinsir|Pinsir-Mega, M|226\/271
|move|p2a: Landorus-Therian|Stealth Rock|p1a: Pinsir
|-sidestart|p1: RotomSock|move: Stealth Rock
|
|turn|28
|
|switch|p2a: Slowbro|Slowbro, M|393\/393
|-damage|p2a: Slowbro|344\/393|[from] Stealth Rock
|move|p1a: Pinsir|Swords Dance|p1a: Pinsir
|-boost|p1a: Pinsir|atk|2
|
|turn|29
|
|move|p1a: Pinsir|Frustration|p2a: Slowbro
|-damage|p2a: Slowbro|0 fnt
|faint|p2a: Slowbro
|
|
|switch|p2a: Landorus-Therian|Landorus-Therian, M|7\/319
|-damage|p2a: Landorus-Therian|0 fnt|[from] Stealth Rock
|faint|p2a: Landorus-Therian
|
|switch|p2a: Zapdos|Zapdos|240\/381
|-damage|p2a: Zapdos|145\/381|[from] Stealth Rock
|-ability|p2a: Zapdos|Pressure
|turn|30
|
|move|p1a: Pinsir|Frustration|p2a: Zapdos
|-resisted|p2a: Zapdos
|-damage|p2a: Zapdos|0 fnt
|-damage|p1a: Pinsir|181\/271|[from] item: Rocky Helmet|[of] p2a: Zapdos
|faint|p2a: Zapdos
|
|-message|Dat yanguas forfeited.
|
|win|RotomSock
|raw|Ladder updating...
|leave|Dat yanguas
|player|p2
|raw|RotomSock's rating: 1731 &rarr; <strong>1751<\/strong><br \/>(+20 for winning)
|raw|Dat yanguas's rating: 1730 &rarr; <strong>1710<\/strong><br \/>(-20 for losing)