|join|RotomSock
|join|On Knees For Jesus
|player|p1|RotomSock|2
|player|p2|On Knees For Jesus|160
|gametype|singles
|gen|6
|tier|OU
|clearpoke
|poke|p1|Manectric, M
|poke|p1|Landorus-Therian, M
|poke|p1|Crawdaunt, M
|poke|p1|Scizor, M
|poke|p1|Latios, M
|poke|p1|Mamoswine, F
|poke|p2|Excadrill, M
|poke|p2|Manectric, F
|poke|p2|Hippowdon, F
|poke|p2|Landorus-Therian, M
|poke|p2|Sylveon, M
|poke|p2|Mew
|rule|Swagger Clause: Swagger is banned
|rule|Baton Pass Clause: Limit one Pokémon knowing Baton Pass
|rule|Sleep Clause Mod: Limit one foe put to sleep
|rule|Species Clause: Limit one of each Pokémon
|rule|OHKO Clause: OHKO moves are banned
|rule|Moody Clause: Moody is banned
|rule|Evasion Moves Clause: Evasion moves are banned
|rule|Endless Battle Clause: Forcing endless battles is banned
|rule|HP Percentage Mod: HP is shown in percentages
|teampreview
|c|★RotomSock|aw fuck, sand
|c|★On Knees For Jesus|u always ct me >.>
|
|start
|switch|p1a: Mamoswine|Mamoswine, F|361\/361
|switch|p2a: Mew|Mew|403\/403
|turn|1
|
|move|p1a: Mamoswine|Stealth Rock|p2a: Mew
|-sidestart|p2: On Knees For Jesus|move: Stealth Rock
|move|p2a: Mew|Will-O-Wisp|p1a: Mamoswine
|-status|p1a: Mamoswine|brn
|
|-damage|p1a: Mamoswine|316\/361 brn|[from] brn
|turn|2
|c|★RotomSock|right, that was the problem I needed to fix
|
|move|p1a: Mamoswine|Earthquake|p2a: Mew
|-damage|p2a: Mew|309\/403
|move|p2a: Mew|Knock Off|p1a: Mamoswine
|-damage|p1a: Mamoswine|231\/361 brn
|-enditem|p1a: Mamoswine|Focus Sash|[from] move: Knock Off|[of] p2a: Mew
|
|-heal|p2a: Mew|334\/403|[from] item: Leftovers
|-damage|p1a: Mamoswine|186\/361 brn|[from] brn
|turn|3
|c|★On Knees For Jesus|what
|
|move|p1a: Mamoswine|Earthquake|p2a: Mew
|-damage|p2a: Mew|238\/403
|move|p2a: Mew|Will-O-Wisp|p1a: Mamoswine
|-fail|p1a: Mamoswine|brn
|
|-heal|p2a: Mew|263\/403|[from] item: Leftovers
|-damage|p1a: Mamoswine|141\/361 brn|[from] brn
|turn|4
|
|switch|p1a: Manectric|Manectric, M|281\/281
|move|p2a: Mew|Roost|p2a: Mew
|-heal|p2a: Mew|403\/403
|
|turn|5
|
|switch|p2a: Hippowdon|Hippowdon, F|419\/419
|-damage|p2a: Hippowdon|393\/419|[from] Stealth Rock
|-weather|Sandstorm
|move|p1a: Manectric|Volt Switch|p2a: Hippowdon
|-immune|p2a: Hippowdon|[msg]
|
|-weather|Sandstorm|[upkeep]
|-damage|p1a: Manectric|264\/281|[from] sandstorm
|turn|6
|
|switch|p1a: Crawdaunt|Crawdaunt, M|267\/267
|move|p2a: Hippowdon|Stealth Rock|p1a: Crawdaunt
|-sidestart|p1: RotomSock|move: Stealth Rock
|
|-weather|Sandstorm|[upkeep]
|-damage|p1a: Crawdaunt|251\/267|[from] sandstorm
|turn|7
|
|move|p1a: Crawdaunt|Crabhammer|p2a: Hippowdon
|-supereffective|p2a: Hippowdon
|-damage|p2a: Hippowdon|0 fnt
|-damage|p1a: Crawdaunt|225\/267|[from] item: Life Orb
|faint|p2a: Hippowdon
|
|-weather|Sandstorm|[upkeep]
|-damage|p1a: Crawdaunt|209\/267|[from] sandstorm
|
|switch|p2a: Sylveon|Sylveon, M|393\/393
|-damage|p2a: Sylveon|344\/393|[from] Stealth Rock
|turn|8
|c|★On Knees For Jesus|yeah
|c|★On Knees For Jesus|this thing sweeps
|
|switch|p1a: Mamoswine|Mamoswine, F|141\/361 brn
|-damage|p1a: Mamoswine|96\/361 brn|[from] Stealth Rock
|move|p2a: Sylveon|Hyper Voice|p1a: Mamoswine
|-damage|p1a: Mamoswine|0 fnt
|faint|p1a: Mamoswine
|
|-weather|Sandstorm|[upkeep]
|-damage|p2a: Sylveon|320\/393|[from] sandstorm
|-heal|p2a: Sylveon|344\/393|[from] item: Leftovers
|
|switch|p1a: Scizor|Scizor, M|319\/319
|-damage|p1a: Scizor|280\/319|[from] Stealth Rock
|turn|9
|
|move|p1a: Scizor|U-turn|p2a: Sylveon
|-resisted|p2a: Sylveon
|-damage|p2a: Sylveon|254\/393
|
|switch|p1a: Latios|Latios, M|299\/299
|-damage|p1a: Latios|262\/299|[from] Stealth Rock
|move|p2a: Sylveon|Hyper Voice|p1a: Latios
|-supereffective|p1a: Latios
|-damage|p1a: Latios|26\/299
|
|-weather|Sandstorm|[upkeep]
|-damage|p1a: Latios|8\/299|[from] sandstorm
|-damage|p2a: Sylveon|230\/393|[from] sandstorm
|-heal|p2a: Sylveon|254\/393|[from] item: Leftovers
|turn|10
|c|★On Knees For Jesus|lol
|
|move|p1a: Latios|Draco Meteor|p2a: Sylveon
|-immune|p2a: Sylveon|[msg]
|move|p2a: Sylveon|Wish|p2a: Sylveon
|
|-weather|Sandstorm|[upkeep]
|-damage|p1a: Latios|0 fnt|[from] sandstorm
|-damage|p2a: Sylveon|230\/393|[from] sandstorm
|-heal|p2a: Sylveon|254\/393|[from] item: Leftovers
|faint|p1a: Latios
|
|switch|p1a: Scizor|Scizor, M|280\/319
|-damage|p1a: Scizor|241\/319|[from] Stealth Rock
|turn|11
|
|switch|p2a: Excadrill|Excadrill, M|361\/361
|-damage|p2a: Excadrill|350\/361|[from] Stealth Rock
|-item|p2a: Excadrill|Air Balloon
|move|p1a: Scizor|Bullet Punch|p2a: Excadrill
|-resisted|p2a: Excadrill
|-damage|p2a: Excadrill|229\/361
|-enditem|p2a: Excadrill|Air Balloon
|
|-weather|Sandstorm|[upkeep]
|-heal|p2a: Excadrill|361\/361|[from] move: Wish|[wisher] Sylveon
|turn|12
|
|switch|p1a: Landorus-Therian|Landorus-Therian, M|320\/320
|-damage|p1a: Landorus-Therian|280\/320|[from] Stealth Rock
|-ability|p1a: Landorus-Therian|Intimidate|[of] p2a: Excadrill
|-unboost|p2a: Excadrill|atk|1
|move|p2a: Excadrill|Rapid Spin|p1a: Landorus-Therian
|-damage|p1a: Landorus-Therian|260\/320
|-sideend|p2: On Knees For Jesus|Stealth Rock|[from] move: Rapid Spin|[of] p2a: Excadrill
|
|-weather|none
|turn|13
|
|switch|p2a: Landorus-Therian|Landorus-Therian, M|325\/325
|-ability|p2a: Landorus-Therian|Intimidate|[of] p1a: Landorus-Therian
|-unboost|p1a: Landorus-Therian|atk|1
|move|p1a: Landorus-Therian|U-turn|p2a: Landorus-Therian
|-resisted|p2a: Landorus-Therian
|-damage|p2a: Landorus-Therian|291\/325
|
|switch|p1a: Manectric|Manectric, M|264\/281
|-damage|p1a: Manectric|229\/281|[from] Stealth Rock
|
|turn|14
|
|switch|p1a: Landorus-Therian|Landorus-Therian, M|260\/320
|-damage|p1a: Landorus-Therian|220\/320|[from] Stealth Rock
|-ability|p1a: Landorus-Therian|Intimidate|[of] p2a: Landorus-Therian
|-unboost|p2a: Landorus-Therian|atk|1
|move|p2a: Landorus-Therian|U-turn|p1a: Landorus-Therian
|-resisted|p1a: Landorus-Therian
|-damage|p1a: Landorus-Therian|189\/320
|
|switch|p2a: Mew|Mew|403\/403
|
|turn|15
|
|move|p1a: Landorus-Therian|U-turn|p2a: Mew
|-supereffective|p2a: Mew
|-damage|p2a: Mew|213\/403
|
|switch|p1a: Manectric|Manectric, M|229\/281
|-damage|p1a: Manectric|194\/281|[from] Stealth Rock
|move|p2a: Mew|Will-O-Wisp|p1a: Manectric
|-status|p1a: Manectric|brn
|
|-heal|p2a: Mew|238\/403|[from] item: Leftovers
|-damage|p1a: Manectric|159\/281 brn|[from] brn
|turn|16
|
|detailschange|p1a: Manectric|Manectric-Mega, M
|message|Manectric has Mega Evolved into Mega Manectric!
|-ability|p1a: Manectric|Intimidate|[of] p2a: Mew
|-unboost|p2a: Mew|atk|1
|move|p1a: Manectric|Thunderbolt|p2a: Mew
|-damage|p2a: Mew|102\/403
|move|p2a: Mew|Roost|p2a: Mew
|-heal|p2a: Mew|304\/403
|
|-heal|p2a: Mew|329\/403|[from] item: Leftovers
|-damage|p1a: Manectric|124\/281 brn|[from] brn
|turn|17
|c|★RotomSock|the misclick though :[
|
|move|p1a: Manectric|Volt Switch|p2a: Mew
|-damage|p2a: Mew|232\/403
|c|★On Knees For Jesus|what did u go for
|
|switch|p1a: Scizor|Scizor, M|241\/319
|-damage|p1a: Scizor|202\/319|[from] Stealth Rock
|move|p2a: Mew|Will-O-Wisp|p1a: Scizor
|-status|p1a: Scizor|brn
|
|-heal|p2a: Mew|257\/403|[from] item: Leftovers
|-damage|p1a: Scizor|163\/319 brn|[from] brn
|turn|18
|c|★RotomSock|meant to do that the first time so I could avoid coming in on the burn
|
|move|p2a: Mew|Knock Off|p1a: Scizor
|-crit|p1a: Scizor
|-damage|p1a: Scizor|54\/319 brn
|-enditem|p1a: Scizor|Choice Band|[from] move: Knock Off|[of] p2a: Mew
|move|p1a: Scizor|Knock Off|p2a: Mew
|-supereffective|p2a: Mew
|-damage|p2a: Mew|139\/403
|-enditem|p2a: Mew|Leftovers|[from] move: Knock Off|[of] p1a: Scizor
|
|-damage|p1a: Scizor|15\/319 brn|[from] brn
|turn|19
|
|move|p2a: Mew|Roost|p2a: Mew
|-heal|p2a: Mew|341\/403
|move|p1a: Scizor|U-turn|p2a: Mew
|-supereffective|p2a: Mew
|-damage|p2a: Mew|209\/403
|
|switch|p1a: Crawdaunt|Crawdaunt, M|209\/267
|-damage|p1a: Crawdaunt|176\/267|[from] Stealth Rock
|
|turn|20
|
|switch|p2a: Sylveon|Sylveon, M|254\/393
|move|p1a: Crawdaunt|Swords Dance|p1a: Crawdaunt
|-boost|p1a: Crawdaunt|atk|2
|
|-heal|p2a: Sylveon|278\/393|[from] item: Leftovers
|turn|21
|
|move|p2a: Sylveon|Protect|p2a: Sylveon
|-singleturn|p2a: Sylveon|Protect
|move|p1a: Crawdaunt|Crabhammer|p2a: Sylveon
|-activate|p2a: Sylveon|Protect
|
|-heal|p2a: Sylveon|302\/393|[from] item: Leftovers
|turn|22
|c|★On Knees For Jesus|hmm
|
|move|p1a: Crawdaunt|Crabhammer|p2a: Sylveon
|-damage|p2a: Sylveon|0 fnt
|-damage|p1a: Crawdaunt|150\/267|[from] item: Life Orb
|faint|p2a: Sylveon
|
|
|switch|p2a: Manectric|Manectric, F|281\/281
|turn|23
|
|switch|p1a: Scizor|Scizor, M|15\/319 brn
|-damage|p1a: Scizor|0 fnt|[from] Stealth Rock
|faint|p1a: Scizor
|detailschange|p2a: Manectric|Manectric-Mega, F
|message|Manectric has Mega Evolved into Mega Manectric!
|move|p2a: Manectric|Volt Switch|p1: Scizor|[notarget]
|-notarget
|
|
|switch|p1a: Landorus-Therian|Landorus-Therian, M|189\/320
|-damage|p1a: Landorus-Therian|149\/320|[from] Stealth Rock
|-ability|p1a: Landorus-Therian|Intimidate|[of] p2a: Manectric
|-unboost|p2a: Manectric|atk|1
|turn|24
|
|switch|p2a: Excadrill|Excadrill, M|361\/361
|move|p1a: Landorus-Therian|U-turn|p2a: Excadrill
|-resisted|p2a: Excadrill
|-damage|p2a: Excadrill|296\/361
|
|switch|p1a: Crawdaunt|Crawdaunt, M|150\/267
|-damage|p1a: Crawdaunt|117\/267|[from] Stealth Rock
|
|turn|25
|
|move|p1a: Crawdaunt|Aqua Jet|p2a: Excadrill
|-supereffective|p2a: Excadrill
|-damage|p2a: Excadrill|0 fnt
|-damage|p1a: Crawdaunt|91\/267|[from] item: Life Orb
|faint|p2a: Excadrill
|
|
|switch|p2a: Landorus-Therian|Landorus-Therian, M|291\/325
|-ability|p2a: Landorus-Therian|Intimidate|[of] p1a: Crawdaunt
|-unboost|p1a: Crawdaunt|atk|1
|turn|26
|
|switch|p1a: Manectric|Manectric-Mega, M|124\/281 brn
|-damage|p1a: Manectric|89\/281 brn|[from] Stealth Rock
|-ability|p1a: Manectric|Intimidate|[of] p2a: Landorus-Therian
|-unboost|p2a: Landorus-Therian|atk|1
|move|p2a: Landorus-Therian|U-turn|p1a: Manectric
|-damage|p1a: Manectric|21\/281 brn
|c|★On Knees For Jesus|i mad eone ba dplay :[
|
|switch|p2a: Manectric|Manectric-Mega, F|281\/281
|-ability|p2a: Manectric|Intimidate|[of] p1a: Manectric
|-unboost|p1a: Manectric|atk|1
|
|-damage|p1a: Manectric|0 fnt|[from] brn
|faint|p1a: Manectric
|
|switch|p1a: Landorus-Therian|Landorus-Therian, M|149\/320
|-damage|p1a: Landorus-Therian|109\/320|[from] Stealth Rock
|-ability|p1a: Landorus-Therian|Intimidate|[of] p2a: Manectric
|-unboost|p2a: Manectric|atk|1
|turn|27
|c|★RotomSock|rocks though
|
|switch|p2a: Landorus-Therian|Landorus-Therian, M|291\/325
|-ability|p2a: Landorus-Therian|Intimidate|[of] p1a: Landorus-Therian
|-unboost|p1a: Landorus-Therian|atk|1
|move|p1a: Landorus-Therian|Stone Edge|p2a: Landorus-Therian
|-damage|p2a: Landorus-Therian|193\/325
|
|turn|28
|c|★On Knees For Jesus|true
|
|move|p1a: Landorus-Therian|Stone Edge|p2a: Landorus-Therian
|-damage|p2a: Landorus-Therian|101\/325
|move|p2a: Landorus-Therian|Knock Off|p1a: Landorus-Therian
|-damage|p1a: Landorus-Therian|0 fnt
|-enditem|p1a: Landorus-Therian|Choice Scarf|[from] move: Knock Off|[of] p2a: Landorus-Therian
|faint|p1a: Landorus-Therian
|
|
|switch|p1a: Crawdaunt|Crawdaunt, M|91\/267
|-damage|p1a: Crawdaunt|58\/267|[from] Stealth Rock
|turn|29
|c|★RotomSock|and my whole team loses to mew barring crawdaunt and that's not even favourable
|c|★On Knees For Jesus|gg tho
|c|★RotomSock|that's what I needed to fix :P
|c|★RotomSock|gg
|c|★On Knees For Jesus|well scizor does well against it
|c|★RotomSock|hardly
|c|★On Knees For Jesus|and i had heal bell onsyveon
|c|★RotomSock|252+ Atk Choice Band burned Scizor U-turn vs. 252 HP \/ 0 Def Mew: 189-223 (46.7 - 55.1%)
|c|★On Knees For Jesus|tbh i though tu wud sd again predicting the mew sack so u can sweep thats why i stayed in with it
|c|★On Knees For Jesus|i cudnt risk u sding again
|c|★RotomSock|why would you sack mew, it puts in too much work
|c|★On Knees For Jesus|not as much as syveion
|c|★On Knees For Jesus|that was turns ago tho
|c|★RotomSock|mew beats my whole team .-.
|c|★On Knees For Jesus|is my team good?
|
|move|p1a: Crawdaunt|Aqua Jet|p2a: Landorus-Therian
|-supereffective|p2a: Landorus-Therian
|-damage|p2a: Landorus-Therian|0 fnt
|-damage|p1a: Crawdaunt|32\/267|[from] item: Life Orb
|faint|p2a: Landorus-Therian
|
|c|★On Knees For Jesus|ur crawdaunt wasa threat
|c|★RotomSock|crawdaunt is always a threat, it just never really gets the chance to hit
|
|switch|p2a: Mew|Mew|209\/403
|turn|30
|c|★RotomSock|since it has like 12 defences
|c|★RotomSock|can I please knock off this?
|
|move|p2a: Mew|Knock Off|p1a: Crawdaunt
|-resisted|p1a: Crawdaunt
|-damage|p1a: Crawdaunt|0 fnt
|-enditem|p1a: Crawdaunt|Life Orb|[from] move: Knock Off|[of] p2a: Mew
|faint|p1a: Crawdaunt
|
|win|On Knees For Jesus
|c|★RotomSock|aww
|c|★RotomSock|sew mean
|c|★RotomSock|alright, what even deals with mew
|c|★On Knees For Jesus|lol i thought uw ere faster
|c|★RotomSock|helll no
|c|★On Knees For Jesus|mega houndoom zard x
|c|★RotomSock|you are running 152 speed, yes?
|c|★RotomSock|ok, what non-mega dfoes? :P
|c|★On Knees For Jesus|152?
|c|★On Knees For Jesus|oml no 
|c|★On Knees For Jesus|thats too much lol
|c|★On Knees For Jesus|heatran
|c|★RotomSock|how much?
|c|★On Knees For Jesus|120
|c|★On Knees For Jesus|whats wrong with this team?