|join|Nub Central
|join|hegemoth_ou
|player|p1|Nub Central|161
|player|p2|hegemoth_ou|265
|gametype|singles
|gen|6
|tier|OU
|rated
|clearpoke
|poke|p1|Pinsir, M, shiny
|poke|p1|Raikou, shiny
|poke|p1|Slowbro, M, shiny
|poke|p1|Sylveon, F
|poke|p1|Bisharp, M, shiny
|poke|p1|Torkoal, F, shiny
|poke|p2|Azumarill, F
|poke|p2|Gyarados, M
|poke|p2|Steelix, M
|poke|p2|Mamoswine, F
|poke|p2|Charizard, M
|poke|p2|Hydreigon, F
|rule|Swagger Clause: Swagger is banned
|rule|Baton Pass Clause: Limit one Pokémon knowing Baton Pass
|rule|Sleep Clause Mod: Limit one foe put to sleep
|rule|Species Clause: Limit one of each Pokémon
|rule|OHKO Clause: OHKO moves are banned
|rule|Moody Clause: Moody is banned
|rule|Evasion Moves Clause: Evasion moves are banned
|rule|Endless Battle Clause: Forcing endless battles is banned
|rule|HP Percentage Mod: HP is reported as percentages
|teampreview
|
|start
|switch|p1a: Turtle Club|Torkoal, F, shiny|343\/343
|switch|p2a: Mamoswine|Mamoswine, F|362\/362
|turn|1
|
|move|p2a: Mamoswine|Earthquake|p1a: Turtle Club
|-supereffective|p1a: Turtle Club
|-damage|p1a: Turtle Club|103\/343
|move|p1a: Turtle Club|Will-O-Wisp|p2a: Mamoswine
|-status|p2a: Mamoswine|brn
|
|-heal|p1a: Turtle Club|124\/343|[from] item: Leftovers
|-damage|p2a: Mamoswine|317\/362 brn|[from] brn
|turn|2
|
|move|p2a: Mamoswine|Earthquake|p1a: Turtle Club
|-supereffective|p1a: Turtle Club
|-damage|p1a: Turtle Club|16\/343
|move|p1a: Turtle Club|Stealth Rock|p2a: Mamoswine
|-sidestart|p2: hegemoth_ou|move: Stealth Rock
|
|-heal|p1a: Turtle Club|37\/343|[from] item: Leftovers
|-damage|p2a: Mamoswine|272\/362 brn|[from] brn
|turn|3
|
|move|p2a: Mamoswine|Stealth Rock|p1a: Turtle Club
|-sidestart|p1: Nub Central|move: Stealth Rock
|move|p1a: Turtle Club|Rapid Spin|p2a: Mamoswine
|-damage|p2a: Mamoswine|257\/362 brn
|-sideend|p1: Nub Central|Stealth Rock|[from] move: Rapid Spin|[of] p1a: Turtle Club
|
|-heal|p1a: Turtle Club|58\/343|[from] item: Leftovers
|-damage|p2a: Mamoswine|212\/362 brn|[from] brn
|turn|4
|
|move|p2a: Mamoswine|Earthquake|p1a: Turtle Club
|-supereffective|p1a: Turtle Club
|-damage|p1a: Turtle Club|0 fnt
|faint|p1a: Turtle Club
|
|-damage|p2a: Mamoswine|167\/362 brn|[from] brn
|
|switch|p1a: Mayhem|Pinsir, M, shiny|271\/271
|turn|5
|chat|hegemoth_ou|why torkoal haha
|chat|Nub Central|half for fun
|chat|Nub Central|half for seeing it counter a mawile
|chat|hegemoth_ou|oh yeah mawile can't touch it
|chat|Nub Central|im aware its shit
|chat|Nub Central|and this is pretty low ladder
|chat|Nub Central|my alts 7th
|
|move|p1a: Mayhem|Swords Dance|p1a: Mayhem
|-boost|p1a: Mayhem|atk|2
|move|p2a: Mamoswine|Icicle Spear|p1a: Mayhem
|-damage|p1a: Mayhem|246\/271
|-damage|p1a: Mayhem|224\/271
|-hitcount|p1a: Mayhem|2
|
|-damage|p2a: Mamoswine|122\/362 brn|[from] brn
|turn|6
|
|switch|p2a: Gyarados|Gyarados, M|351\/351
|-damage|p2a: Gyarados|264\/351|[from] Stealth Rock
|-ability|p2a: Gyarados|Intimidate|[of] p1a: Mayhem
|-fail|p1a: Mayhem|unboost|Attack|[from] ability: Hyper Cutter|[of] p1a: Mayhem
|move|p1a: Mayhem|Swords Dance|p1a: Mayhem
|-boost|p1a: Mayhem|atk|2
|
|-heal|p2a: Gyarados|285\/351|[from] item: Leftovers
|turn|7
|
|detailschange|p1a: Mayhem|Pinsir-Mega, M, shiny
|message|Pinsir has Mega Evolved into Mega Pinsir!
|move|p1a: Mayhem|Return|p2a: Gyarados
|-damage|p2a: Gyarados|0 fnt
|faint|p2a: Gyarados
|
|
|switch|p2a: Steelix|Steelix, M|354\/354
|-damage|p2a: Steelix|343\/354|[from] Stealth Rock
|turn|8
|
|move|p1a: Mayhem|Close Combat|p2a: Steelix
|-supereffective|p2a: Steelix
|-damage|p2a: Steelix|0 fnt
|-unboost|p1a: Mayhem|def|1
|-unboost|p1a: Mayhem|spd|1
|faint|p2a: Steelix
|
|leave|hegemoth_ou
|player|p2
|join|hegemoth_ou
|player|p2|hegemoth_ou|265
|
|switch|p2a: Hydreigon|Hydreigon, F|326\/326
|-damage|p2a: Hydreigon|286\/326|[from] Stealth Rock
|turn|9
|
|move|p1a: Mayhem|Quick Attack|p2a: Hydreigon
|-damage|p2a: Hydreigon|0 fnt
|faint|p2a: Hydreigon
|
|-message|hegemoth_ou forfeited.
|
|win|Nub Central
|raw|Ladder updating...
|leave|hegemoth_ou
|player|p2
|raw|Nub Central's rating: 1732 &rarr; <strong>1749<\/strong><br \/>(+17 for winning)
|raw|hegemoth_ou's rating: 1681 &rarr; <strong>1664<\/strong><br \/>(-17 for losing)
|join|silverbackkap
|join|burgurking3