|join|GeLou
|join|purplebanditos
|player|p1|GeLou|10
|player|p2|purplebanditos|192
|gametype|singles
|gen|6
|tier|UU
|rated
|rule|Sleep Clause Mod: Limit one foe put to sleep
|rule|Species Clause: Limit one of each Pokémon
|rule|OHKO Clause: OHKO moves are banned
|rule|Moody Clause: Moody is banned
|rule|Evasion Moves Clause: Evasion moves are banned
|rule|Endless Battle Clause: Forcing endless battles is banned
|rule|HP Percentage Mod: HP is shown in percentages
|clearpoke
|poke|p1|Nidoking, M, shiny
|poke|p1|Snorlax, M, shiny
|poke|p1|Bronzong, shiny
|poke|p1|Chandelure, F, shiny
|poke|p1|Haxorus, M, shiny
|poke|p1|Milotic, F, shiny
|poke|p2|Entei, shiny
|poke|p2|Vaporeon, F
|poke|p2|Roserade, F, shiny
|poke|p2|Krookodile, M, shiny
|poke|p2|Forretress, F
|poke|p2|Flygon, M, shiny
|rule|Swagger Clause: Swagger is banned
|rule|Baton Pass Clause: Limit one Pokémon knowing Baton Pass
|teampreview
|
|start
|switch|p1a: Megazord|Bronzong, shiny|338\/338
|switch|p2a: Krookodile|Krookodile, M, shiny|331\/331
|turn|1
|
|move|p2a: Krookodile|Knock Off|p1a: Megazord
|-supereffective|p1a: Megazord
|-damage|p1a: Megazord|55\/338
|-enditem|p1a: Megazord|Leftovers|[from] move: Knock Off|[of] p2a: Krookodile
|-damage|p2a: Krookodile|298\/331|[from] item: Life Orb
|move|p1a: Megazord|Substitute|p1a: Megazord
|-fail|p1a: Megazord|move: Substitute|[weak]
|
|turn|2
|
|move|p2a: Krookodile|Pursuit|p1a: Megazord
|-supereffective|p1a: Megazord
|-damage|p1a: Megazord|0 fnt
|-damage|p2a: Krookodile|265\/331|[from] item: Life Orb
|faint|p1a: Megazord
|-boost|p2a: Krookodile|atk|1|[from] ability: Moxie
|
|
|switch|p1a: Nidoking|Nidoking, M, shiny|366\/366
|turn|3
|
|move|p2a: Krookodile|Earthquake|p1a: Nidoking
|-supereffective|p1a: Nidoking
|-damage|p1a: Nidoking|0 fnt
|-damage|p2a: Krookodile|232\/331|[from] item: Life Orb
|faint|p1a: Nidoking
|-boost|p2a: Krookodile|atk|1|[from] ability: Moxie
|
|
|switch|p1a: Siren|Milotic, F, shiny|354\/354
|turn|4
|
|move|p2a: Krookodile|Earthquake|p1a: Siren
|-damage|p1a: Siren|0 fnt
|-damage|p2a: Krookodile|199\/331|[from] item: Life Orb
|faint|p1a: Siren
|-boost|p2a: Krookodile|atk|1|[from] ability: Moxie
|
|c|★GeLou|gg
|c|★purplebanditos|gg
|
|switch|p1a: Lord fat|Snorlax, M, shiny|462\/462
|turn|5
|
|move|p2a: Krookodile|Earthquake|p1a: Lord fat
|-damage|p1a: Lord fat|0 fnt
|-damage|p2a: Krookodile|166\/331|[from] item: Life Orb
|faint|p1a: Lord fat
|-boost|p2a: Krookodile|atk|1|[from] ability: Moxie
|
|
|switch|p1a: Luretotheflames|Chandelure, F, shiny|324\/324
|turn|6
|
|move|p2a: Krookodile|Pursuit|p1a: Luretotheflames
|-supereffective|p1a: Luretotheflames
|-damage|p1a: Luretotheflames|0 fnt
|-damage|p2a: Krookodile|133\/331|[from] item: Life Orb
|faint|p1a: Luretotheflames
|-boost|p2a: Krookodile|atk|1|[from] ability: Moxie
|
|
|switch|p1a: Herman Meville|Haxorus, M, shiny|293\/293
|-ability|p1a: Herman Meville|Mold Breaker
|turn|7
|
|move|p1a: Herman Meville|Dragon Dance|p1a: Herman Meville
|-boost|p1a: Herman Meville|atk|1
|-boost|p1a: Herman Meville|spe|1
|move|p2a: Krookodile|Knock Off|p1a: Herman Meville
|-damage|p1a: Herman Meville|0 fnt
|-enditem|p1a: Herman Meville|Life Orb|[from] move: Knock Off|[of] p2a: Krookodile
|-damage|p2a: Krookodile|100\/331|[from] item: Life Orb
|faint|p1a: Herman Meville
|-boost|p2a: Krookodile|atk|1|[from] ability: Moxie
|
|win|purplebanditos
|raw|Ladder updating...
|raw|GeLou's rating: 1137 &rarr; <strong>1118<\/strong><br \/>(-19 for losing)
|raw|purplebanditos's rating: 1227 &rarr; <strong>1245<\/strong><br \/>(+18 for winning)
|c|★GeLou|gg
|leave|GeLou
|c|★purplebanditos|gg
|player|p1