|join|Kama Sutra
|join|Vizer
|player|p1|Kama Sutra|141
|player|p2|Vizer|130
|gametype|singles
|gen|6
|tier|OU
|rated
|clearpoke
|poke|p1|Venusaur, F
|poke|p1|Heatran, M
|poke|p1|Slowbro, F
|poke|p1|Bisharp, F
|poke|p1|Keldeo-Resolute
|poke|p1|Latias, F
|poke|p2|Tyranitar, M
|poke|p2|Excadrill, M
|poke|p2|Venusaur, M
|poke|p2|Landorus, M
|poke|p2|Thundurus, M
|poke|p2|Keldeo-Resolute
|rule|Swagger Clause: Swagger is banned
|rule|Baton Pass Clause: Limit one Pokémon knowing Baton Pass
|rule|Sleep Clause Mod: Limit one foe put to sleep
|rule|Species Clause: Limit one of each Pokémon
|rule|OHKO Clause: OHKO moves are banned
|rule|Moody Clause: Moody is banned
|rule|Evasion Moves Clause: Evasion moves are banned
|rule|Endless Battle Clause: Forcing endless battles is banned
|rule|HP Percentage Mod: HP is shown in percentages
|teampreview
|join|steviestar xover
|
|start
|switch|p1a: Latias|Latias, F|364\/364
|switch|p2a: Thundurus|Thundurus, M|299\/299
|turn|1
|
|switch|p2a: Tyranitar|Tyranitar, M|403\/403
|-weather|Sandstorm
|switch|p1a: Keldeo-Resolute|Keldeo-Resolute|322\/322
|
|-weather|Sandstorm|[upkeep]
|-damage|p1a: Keldeo-Resolute|302\/322|[from] sandstorm
|-heal|p1a: Keldeo-Resolute|322\/322|[from] item: Leftovers
|turn|2
|
|switch|p2a: Venusaur|Venusaur, M|359\/359
|move|p1a: Keldeo-Resolute|Hidden Power|p2a: Venusaur
|-supereffective|p2a: Venusaur
|-damage|p2a: Venusaur|209\/359
|
|-weather|Sandstorm|[upkeep]
|-damage|p1a: Keldeo-Resolute|302\/322|[from] sandstorm
|-damage|p2a: Venusaur|187\/359|[from] sandstorm
|-heal|p1a: Keldeo-Resolute|322\/322|[from] item: Leftovers
|turn|3
|
|switch|p1a: Heatran|Heatran, M|385\/385
|detailschange|p2a: Venusaur|Venusaur-Mega, M
|message|Venusaur has Mega Evolved into Mega Venusaur!
|move|p2a: Venusaur|Giga Drain|p1a: Heatran
|-resisted|p1a: Heatran
|-damage|p1a: Heatran|358\/385
|-heal|p2a: Venusaur|201\/359|[from] drain|[of] p1a: Heatran
|
|-weather|Sandstorm|[upkeep]
|-damage|p2a: Venusaur|179\/359|[from] sandstorm
|-heal|p1a: Heatran|382\/385|[from] item: Leftovers
|turn|4
|
|move|p1a: Heatran|Lava Plume|p2a: Venusaur
|-supereffective|p2a: Venusaur
|-damage|p2a: Venusaur|69\/359
|move|p2a: Venusaur|Sleep Powder|p1a: Heatran
|-status|p1a: Heatran|slp
|
|-weather|Sandstorm|[upkeep]
|-damage|p2a: Venusaur|47\/359|[from] sandstorm
|-heal|p1a: Heatran|385\/385 slp|[from] item: Leftovers
|turn|5
|
|switch|p2a: Landorus|Landorus, M|319\/319
|cant|p1a: Heatran|slp
|
|-weather|Sandstorm|[upkeep]
|turn|6
|
|switch|p1a: Latias|Latias, F|364\/364
|move|p2a: Landorus|Knock Off|p1a: Latias
|-supereffective|p1a: Latias
|-damage|p1a: Latias|117\/364
|-enditem|p1a: Latias|Leftovers|[from] move: Knock Off|[of] p2a: Landorus
|-damage|p2a: Landorus|288\/319|[from] item: Life Orb
|
|-weather|Sandstorm|[upkeep]
|-damage|p1a: Latias|95\/364|[from] sandstorm
|turn|7
|
|move|p2a: Landorus|Knock Off|p1a: Latias
|-supereffective|p1a: Latias
|-damage|p1a: Latias|0 fnt
|-damage|p2a: Landorus|257\/319|[from] item: Life Orb
|faint|p1a: Latias
|
|-weather|Sandstorm|[upkeep]
|
|switch|p1a: Keldeo-Resolute|Keldeo-Resolute|322\/322
|turn|8
|
|switch|p2a: Venusaur|Venusaur-Mega, M|47\/359
|move|p1a: Keldeo-Resolute|Hydro Pump|p2a: Venusaur
|-resisted|p2a: Venusaur
|-damage|p2a: Venusaur|0 fnt
|faint|p2a: Venusaur
|
|-weather|none
|
|switch|p2a: Thundurus|Thundurus, M|299\/299
|turn|9
|
|switch|p1a: Heatran|Heatran, M|385\/385 slp
|move|p2a: Thundurus|Thunderbolt|p1a: Heatran
|-damage|p1a: Heatran|236\/385 slp
|-damage|p2a: Thundurus|270\/299|[from] item: Life Orb
|
|-heal|p1a: Heatran|260\/385 slp|[from] item: Leftovers
|turn|10
|
|move|p2a: Thundurus|Focus Blast|p1a: Heatran
|-supereffective|p1a: Heatran
|-damage|p1a: Heatran|26\/385 slp
|-unboost|p1a: Heatran|spd|1
|-damage|p2a: Thundurus|241\/299|[from] item: Life Orb
|cant|p1a: Heatran|slp
|
|-heal|p1a: Heatran|50\/385 slp|[from] item: Leftovers
|turn|11
|
|move|p2a: Thundurus|Thunderbolt|p1a: Heatran
|-damage|p1a: Heatran|0 fnt
|-damage|p2a: Thundurus|212\/299|[from] item: Life Orb
|faint|p1a: Heatran
|
|
|switch|p1a: Venusaur|Venusaur, F|359\/359
|turn|12
|
|switch|p2a: Tyranitar|Tyranitar, M|403\/403
|-weather|Sandstorm
|detailschange|p1a: Venusaur|Venusaur-Mega, F
|message|Venusaur has Mega Evolved into Mega Venusaur!
|move|p1a: Venusaur|Sludge Bomb|p2a: Tyranitar
|-resisted|p2a: Tyranitar
|-damage|p2a: Tyranitar|343\/403
|
|-weather|Sandstorm|[upkeep]
|-damage|p1a: Venusaur|337\/359|[from] sandstorm
|turn|13
|
|move|p1a: Venusaur|Giga Drain|p2a: Tyranitar
|-supereffective|p2a: Tyranitar
|-damage|p2a: Tyranitar|143\/403
|-heal|p1a: Venusaur|359\/359|[from] drain|[of] p2a: Tyranitar
|move|p2a: Tyranitar|Stealth Rock|p1a: Venusaur
|-sidestart|p1: Kama Sutra|move: Stealth Rock
|
|-weather|Sandstorm|[upkeep]
|-damage|p1a: Venusaur|337\/359|[from] sandstorm
|turn|14
|
|move|p1a: Venusaur|Giga Drain|p2a: Tyranitar
|-supereffective|p2a: Tyranitar
|-damage|p2a: Tyranitar|0 fnt
|-heal|p1a: Venusaur|359\/359|[from] drain|[of] p2a: Tyranitar
|faint|p2a: Tyranitar
|
|-weather|Sandstorm|[upkeep]
|-damage|p1a: Venusaur|337\/359|[from] sandstorm
|
|switch|p2a: Landorus|Landorus, M|257\/319
|turn|15
|
|switch|p1a: Bisharp|Bisharp, F|271\/271
|-damage|p1a: Bisharp|255\/271|[from] Stealth Rock
|move|p2a: Landorus|Earth Power|p1a: Bisharp
|-supereffective|p1a: Bisharp
|-damage|p1a: Bisharp|0 fnt
|faint|p1a: Bisharp
|
|-weather|Sandstorm|[upkeep]
|
|switch|p1a: Keldeo-Resolute|Keldeo-Resolute|322\/322
|-damage|p1a: Keldeo-Resolute|302\/322|[from] Stealth Rock
|turn|16
|
|switch|p2a: Keldeo-Resolute|Keldeo-Resolute|323\/323
|move|p1a: Keldeo-Resolute|Hydro Pump|p2a: Keldeo-Resolute
|-crit|p2a: Keldeo-Resolute
|-resisted|p2a: Keldeo-Resolute
|-damage|p2a: Keldeo-Resolute|150\/323
|
|-weather|Sandstorm|[upkeep]
|-damage|p1a: Keldeo-Resolute|282\/322|[from] sandstorm
|-damage|p2a: Keldeo-Resolute|130\/323|[from] sandstorm
|-heal|p1a: Keldeo-Resolute|302\/322|[from] item: Leftovers
|turn|17
|
|move|p2a: Keldeo-Resolute|Hidden Power|p1a: Keldeo-Resolute
|-supereffective|p1a: Keldeo-Resolute
|-damage|p1a: Keldeo-Resolute|62\/322
|move|p1a: Keldeo-Resolute|Secret Sword|p2a: Keldeo-Resolute
|-damage|p2a: Keldeo-Resolute|0 fnt
|faint|p2a: Keldeo-Resolute
|
|-weather|Sandstorm|[upkeep]
|-damage|p1a: Keldeo-Resolute|42\/322|[from] sandstorm
|-heal|p1a: Keldeo-Resolute|62\/322|[from] item: Leftovers
|
|switch|p2a: Excadrill|Excadrill, M|361\/361
|turn|18
|raw|<div class="broadcast-red"><b>The server is restarting soon.<\/b><br \/>Please finish your battles quickly. No new battles can be started until the server resets in a few minutes.<\/div>
|raw|<div class="broadcast-red"><b>Moderated chat was set to +!<\/b><br \/>Only users of rank + and higher can talk.<\/div>
|
|switch|p1a: Slowbro|Slowbro, F|394\/394
|-damage|p1a: Slowbro|345\/394|[from] Stealth Rock
|move|p2a: Excadrill|Earthquake|p1a: Slowbro
|-damage|p1a: Slowbro|158\/394
|-damage|p2a: Excadrill|325\/361|[from] item: Life Orb
|
|-weather|Sandstorm|[upkeep]
|-damage|p1a: Slowbro|134\/394|[from] sandstorm
|-heal|p1a: Slowbro|158\/394|[from] item: Leftovers
|turn|19
|
|move|p2a: Excadrill|Earthquake|p1a: Slowbro
|-damage|p1a: Slowbro|0 fnt
|-damage|p2a: Excadrill|289\/361|[from] item: Life Orb
|faint|p1a: Slowbro
|
|-weather|none
|
|switch|p1a: Keldeo-Resolute|Keldeo-Resolute|62\/322
|-damage|p1a: Keldeo-Resolute|42\/322|[from] Stealth Rock
|turn|20
|
|move|p1a: Keldeo-Resolute|Hydro Pump|p2a: Excadrill
|-supereffective|p2a: Excadrill
|-damage|p2a: Excadrill|0 fnt
|faint|p2a: Excadrill
|
|-heal|p1a: Keldeo-Resolute|62\/322|[from] item: Leftovers
|
|switch|p2a: Thundurus|Thundurus, M|212\/299
|turn|21
|
|move|p2a: Thundurus|Thunderbolt|p1a: Keldeo-Resolute
|-supereffective|p1a: Keldeo-Resolute
|-damage|p1a: Keldeo-Resolute|0 fnt
|-damage|p2a: Thundurus|183\/299|[from] item: Life Orb
|faint|p1a: Keldeo-Resolute
|
|
|switch|p1a: Venusaur|Venusaur-Mega, F|337\/359
|-damage|p1a: Venusaur|293\/359|[from] Stealth Rock
|turn|22
|
|move|p2a: Thundurus|Thunder Wave|p1a: Venusaur
|-status|p1a: Venusaur|par
|move|p1a: Venusaur|Synthesis|p1a: Venusaur
|-heal|p1a: Venusaur|359\/359 par
|
|turn|23
|
|move|p2a: Thundurus|Thunderbolt|p1a: Venusaur
|-resisted|p1a: Venusaur
|-damage|p1a: Venusaur|277\/359 par
|-damage|p2a: Thundurus|154\/299|[from] item: Life Orb
|cant|p1a: Venusaur|par
|
|turn|24
|
|move|p2a: Thundurus|Thunderbolt|p1a: Venusaur
|-resisted|p1a: Venusaur
|-damage|p1a: Venusaur|186\/359 par
|-damage|p2a: Thundurus|125\/299|[from] item: Life Orb
|move|p1a: Venusaur|Synthesis|p1a: Venusaur
|-heal|p1a: Venusaur|359\/359 par
|
|turn|25
|
|move|p2a: Thundurus|Thunderbolt|p1a: Venusaur
|-resisted|p1a: Venusaur
|-damage|p1a: Venusaur|268\/359 par
|-damage|p2a: Thundurus|96\/299|[from] item: Life Orb
|cant|p1a: Venusaur|par
|
|turn|26
|
|move|p2a: Thundurus|Thunderbolt|p1a: Venusaur
|-resisted|p1a: Venusaur
|-damage|p1a: Venusaur|182\/359 par
|-damage|p2a: Thundurus|67\/299|[from] item: Life Orb
|move|p1a: Venusaur|Synthesis|p1a: Venusaur
|-heal|p1a: Venusaur|359\/359 par
|
|turn|27
|
|move|p2a: Thundurus|Thunderbolt|p1a: Venusaur
|-resisted|p1a: Venusaur
|-damage|p1a: Venusaur|269\/359 par
|-damage|p2a: Thundurus|38\/299|[from] item: Life Orb
|cant|p1a: Venusaur|par
|
|turn|28
|
|move|p2a: Thundurus|Thunderbolt|p1a: Venusaur
|-resisted|p1a: Venusaur
|-damage|p1a: Venusaur|185\/359 par
|-damage|p2a: Thundurus|9\/299|[from] item: Life Orb
|move|p1a: Venusaur|Synthesis|p1a: Venusaur
|-heal|p1a: Venusaur|359\/359 par
|
|turn|29
|
|move|p2a: Thundurus|Thunderbolt|p1a: Venusaur
|-resisted|p1a: Venusaur
|-damage|p1a: Venusaur|268\/359 par
|-damage|p2a: Thundurus|0 fnt|[from] item: Life Orb
|faint|p2a: Thundurus
|move|p1a: Venusaur|Synthesis|p1a: Venusaur
|-heal|p1a: Venusaur|359\/359 par
|
|
|switch|p2a: Landorus|Landorus, M|257\/319
|turn|30
|
|move|p2a: Landorus|Psychic|p1a: Venusaur
|-supereffective|p1a: Venusaur
|-damage|p1a: Venusaur|81\/359 par
|move|p1a: Venusaur|Giga Drain|p2a: Landorus
|-damage|p2a: Landorus|77\/319
|-heal|p1a: Venusaur|171\/359 par|[from] drain|[of] p2a: Landorus
|
|turn|31
|
|move|p2a: Landorus|Psychic|p1a: Venusaur
|-supereffective|p1a: Venusaur
|-damage|p1a: Venusaur|0 fnt
|faint|p1a: Venusaur
|
|win|Vizer
|raw|Ladder updating...
|raw|Kama Sutra's rating: 1799 &rarr; <strong>1776<\/strong><br \/>(-23 for losing)
|raw|Vizer's rating: 1752 &rarr; <strong>1775<\/strong><br \/>(+23 for winning)
|leave|Kama Sutra
|player|p1