|join|WebBowser
|join|LT4X JohnYiu
|player|p1|WebBowser|92
|player|p2|LT4X JohnYiu|20
|gametype|singles
|gen|6
|tier|OU
|rated
|clearpoke
|poke|p1|Scolipede, M
|poke|p1|Espeon, M
|poke|p1|Latios, M
|poke|p1|Greninja, F
|poke|p1|Charizard, M
|poke|p1|Wobbuffet, F
|poke|p2|Garchomp, M
|poke|p2|Greninja, M
|poke|p2|Scizor, F
|poke|p2|Bisharp, M
|poke|p2|Latios, M
|poke|p2|Landorus-Therian, M
|rule|Swagger Clause: Swagger is banned
|rule|Baton Pass Clause: Limit one Pokémon knowing Baton Pass
|rule|Sleep Clause Mod: Limit one foe put to sleep
|rule|Species Clause: Limit one of each Pokémon
|rule|OHKO Clause: OHKO moves are banned
|rule|Moody Clause: Moody is banned
|rule|Evasion Moves Clause: Evasion moves are banned
|rule|Endless Battle Clause: Forcing endless battles is banned
|rule|HP Percentage Mod: HP is shown in percentages
|teampreview
|c|★WebBowser|gl hf
|join|test121
|
|start
|switch|p1a: Latios|Latios, M|364\/364
|switch|p2a: Scizor|Scizor, F|281\/281
|turn|1
|
|detailschange|p2a: Scizor|Scizor-Mega, F
|message|Scizor has Mega Evolved into Mega Scizor!
|move|p1a: Latios|Reflect|p1a: Latios
|-sidestart|p1: WebBowser|Reflect
|move|p2a: Scizor|Bug Bite|p1a: Latios
|-supereffective|p1a: Latios
|-damage|p1a: Latios|135\/364
|
|turn|2
|
|move|p1a: Latios|Light Screen|p1a: Latios
|-sidestart|p1: WebBowser|move: Light Screen
|move|p2a: Scizor|Swords Dance|p2a: Scizor
|-boost|p2a: Scizor|atk|2
|
|turn|3
|
|move|p1a: Latios|Memento|p2a: Scizor
|-unboost|p2a: Scizor|atk|2
|-unboost|p2a: Scizor|spa|2
|faint|p1a: Latios
|move|p2a: Scizor|Swords Dance|p2a: Scizor
|-boost|p2a: Scizor|atk|2
|
|
|switch|p1a: Scolipede|Scolipede, M|323\/323
|turn|4
|
|move|p2a: Scizor|Bullet Punch|p1a: Scolipede
|-damage|p1a: Scolipede|224\/323
|move|p1a: Scolipede|Iron Defense|p1a: Scolipede
|-boost|p1a: Scolipede|def|2
|
|-boost|p1a: Scolipede|spe|1|[from] ability: Speed Boost
|turn|5
|
|move|p1a: Scolipede|Substitute|p1a: Scolipede
|-start|p1a: Scolipede|Substitute
|-damage|p1a: Scolipede|144\/323
|move|p2a: Scizor|Swords Dance|p2a: Scizor
|-boost|p2a: Scizor|atk|2
|
|-boost|p1a: Scolipede|spe|1|[from] ability: Speed Boost
|turn|6
|
|move|p2a: Scizor|Bullet Punch|p1a: Scolipede
|-activate|p1a: Scolipede|Substitute|[damage]
|move|p1a: Scolipede|Iron Defense|p1a: Scolipede
|-boost|p1a: Scolipede|def|2
|
|-boost|p1a: Scolipede|spe|1|[from] ability: Speed Boost
|turn|7
|
|move|p2a: Scizor|Bullet Punch|p1a: Scolipede
|-end|p1a: Scolipede|Substitute
|move|p1a: Scolipede|Iron Defense|p1a: Scolipede
|-boost|p1a: Scolipede|def|2
|
|-boost|p1a: Scolipede|spe|1|[from] ability: Speed Boost
|turn|8
|
|move|p2a: Scizor|Bullet Punch|p1a: Scolipede
|-damage|p1a: Scolipede|105\/323
|move|p1a: Scolipede|Baton Pass|p1a: Scolipede
|
|switch|p1a: Charizard|Charizard, M|359\/359
|
|-sideend|p1: WebBowser|Reflect
|turn|9
|
|detailschange|p1a: Charizard|Charizard-Mega-X, M
|message|Charizard has Mega Evolved into Mega Charizard!
|move|p2a: Scizor|Bullet Punch|p1a: Charizard
|-crit|p1a: Charizard
|-resisted|p1a: Charizard
|-damage|p1a: Charizard|69\/359
|move|p1a: Charizard|Swords Dance|p1a: Charizard
|-boost|p1a: Charizard|atk|2
|
|-sideend|p1: WebBowser|move: Light Screen
|turn|10
|c|★WebBowser|ow
|
|move|p2a: Scizor|Bullet Punch|p1a: Charizard
|-resisted|p1a: Charizard
|-damage|p1a: Charizard|20\/359
|move|p1a: Charizard|Roost|p1a: Charizard
|-heal|p1a: Charizard|200\/359
|
|turn|11
|
|move|p1a: Charizard|Roost|p1a: Charizard
|-heal|p1a: Charizard|359\/359
|move|p2a: Scizor|Swords Dance|p2a: Scizor
|-boost|p2a: Scizor|atk|2
|
|turn|12
|
|move|p2a: Scizor|Bullet Punch|p1a: Charizard
|-resisted|p1a: Charizard
|-damage|p1a: Charizard|299\/359
|move|p1a: Charizard|Flare Blitz|p2a: Scizor
|-supereffective|p2a: Scizor
|-damage|p2a: Scizor|0 fnt
|-damage|p1a: Charizard|206\/359|[from] recoil|[of] p2a: Scizor
|faint|p2a: Scizor
|
|
|switch|p2a: Landorus-Therian|Landorus-Therian, M|322\/322
|-ability|p2a: Landorus-Therian|Intimidate|[of] p1a: Charizard
|-unboost|p1a: Charizard|atk|1
|turn|13
|
|move|p1a: Charizard|Flare Blitz|p2a: Landorus-Therian
|-damage|p2a: Landorus-Therian|0 fnt
|-damage|p1a: Charizard|100\/359|[from] recoil|[of] p2a: Landorus-Therian
|faint|p2a: Landorus-Therian
|
|
|switch|p2a: Greninja|Greninja, M|286\/286
|turn|14
|
|move|p1a: Charizard|Roost|p1a: Charizard
|-heal|p1a: Charizard|280\/359
|move|p2a: Greninja|Ice Beam|p1a: Charizard
|-start|p2a: Greninja|typechange|Ice|[from] Protean
|-damage|p1a: Charizard|84\/359
|-damage|p2a: Greninja|258\/286|[from] item: Life Orb
|
|turn|15
|
|move|p1a: Charizard|Dragon Claw|p2a: Greninja
|-damage|p2a: Greninja|0 fnt
|faint|p2a: Greninja
|
|
|switch|p2a: Garchomp|Garchomp, M|358\/358
|turn|16
|join|doom23
|
|move|p1a: Charizard|Roost|p1a: Charizard
|-heal|p1a: Charizard|264\/359
|move|p2a: Garchomp|Earthquake|p1a: Charizard
|-crit|p1a: Charizard
|-supereffective|p1a: Charizard
|-damage|p1a: Charizard|0 fnt
|faint|p1a: Charizard
|
|
|switch|p1a: Oh no it's|Wobbuffet, F|584\/584
|turn|17
|
|move|p2a: Garchomp|Swords Dance|p2a: Garchomp
|-boost|p2a: Garchomp|atk|2
|move|p1a: Oh no it's|Counter|p2a: Garchomp
|-fail|p2a: Garchomp
|
|turn|18
|
|move|p2a: Garchomp|Earthquake|p1a: Oh no it's
|-crit|p1a: Oh no it's
|-damage|p1a: Oh no it's|0 fnt
|faint|p1a: Oh no it's
|
|c| doom23|damn
|c|★WebBowser|the number of crits this game
|
|switch|p1a: Greninja|Greninja, F|285\/285
|turn|19
|c| doom23|lol
|
|move|p1a: Greninja|Ice Beam|p2a: Garchomp
|-start|p1a: Greninja|typechange|Ice|[from] Protean
|-supereffective|p2a: Garchomp
|-damage|p2a: Garchomp|0 fnt
|-damage|p1a: Greninja|257\/285|[from] item: Life Orb
|faint|p2a: Garchomp
|
|
|switch|p2a: Bisharp|Bisharp, M|272\/272
|turn|20
|
|move|p1a: Greninja|Hidden Power|p2a: Bisharp
|-start|p1a: Greninja|typechange|Fire|[from] Protean
|-supereffective|p2a: Bisharp
|-damage|p2a: Bisharp|0 fnt
|-damage|p1a: Greninja|229\/285|[from] item: Life Orb
|faint|p2a: Bisharp
|
|c| test121|did u expect chomp to be scarved or sth
|
|switch|p2a: Latios|Latios, M|301\/301
|turn|21
|c|★WebBowser|was expecting not-SD
|
|move|p1a: Greninja|Ice Beam|p2a: Latios
|-start|p1a: Greninja|typechange|Ice|[from] Protean
|-supereffective|p2a: Latios
|-damage|p2a: Latios|0 fnt
|-damage|p1a: Greninja|201\/285|[from] item: Life Orb
|faint|p2a: Latios
|
|win|WebBowser
|raw|Ladder updating...
|raw|WebBowser's rating: 1952 &rarr; <strong>1960<\/strong><br \/>(+8 for winning)
|raw|LT4X JohnYiu's rating: 1699 &rarr; <strong>1691<\/strong><br \/>(-8 for losing)
|c| doom23|holy cow
|c|★WebBowser|sooo
|c|★WebBowser|greninja does stuff
|c| test121|not 6th for nothing
|leave|test121