|join|WebBowser
|join|Lucificario
|player|p1|WebBowser|266
|player|p2|Lucificario|144
|gametype|singles
|gen|6
|tier|OU
|rated
|clearpoke
|poke|p1|Starmie
|poke|p1|Weavile, M
|poke|p1|Breloom, F
|poke|p1|Manectric, F
|poke|p1|Clefable, M
|poke|p1|Talonflame, M
|poke|p2|Venusaur, M
|poke|p2|Bisharp, M, shiny
|poke|p2|Hawlucha, M, shiny
|poke|p2|Raikou
|poke|p2|Landorus-Therian, M, shiny
|poke|p2|Latias, F
|rule|Swagger Clause: Swagger is banned
|rule|Baton Pass Clause: Limit one Pokémon knowing Baton Pass
|rule|Sleep Clause Mod: Limit one foe put to sleep
|rule|Species Clause: Limit one of each Pokémon
|rule|OHKO Clause: OHKO moves are banned
|rule|Moody Clause: Moody is banned
|rule|Evasion Moves Clause: Evasion moves are banned
|rule|Endless Battle Clause: Forcing endless battles is banned
|rule|HP Percentage Mod: HP is shown in percentages
|teampreview
|c|★WebBowser|gl hf
|
|start
|switch|p1a: Weavile|Weavile, M|281\/281
|switch|p2a: Top Cat|Raikou|321\/321
|-ability|p1a: Weavile|Pressure
|-ability|p2a: Top Cat|Pressure
|turn|1
|
|switch|p1a: Manectric|Manectric, F|281\/281
|move|p2a: Top Cat|Extrasensory|p1a: Manectric
|-damage|p1a: Manectric|159\/281
|
|turn|2
|
|detailschange|p1a: Manectric|Manectric-Mega, F
|message|Manectric has Mega Evolved into Mega Manectric!
|-ability|p1a: Manectric|Intimidate|[of] p2a: Top Cat
|-unboost|p2a: Top Cat|atk|1
|move|p2a: Top Cat|Volt Switch|p1a: Manectric
|-resisted|p1a: Manectric
|-damage|p1a: Manectric|95\/281
|
|switch|p2a: My Tigger|Landorus-Therian, M, shiny|319\/319
|-ability|p2a: My Tigger|Intimidate|[of] p1a: Manectric
|-unboost|p1a: Manectric|atk|1
|move|p1a: Manectric|Volt Switch|p2a: My Tigger
|-immune|p2a: My Tigger|[msg]
|
|turn|3
|
|switch|p1a: Talonflame|Talonflame, M|327\/327
|move|p2a: My Tigger|Stealth Rock|p1a: Talonflame
|-sidestart|p1: WebBowser|move: Stealth Rock
|
|turn|4
|
|switch|p2a: Top Cat|Raikou|321\/321
|-ability|p2a: Top Cat|Pressure
|move|p1a: Talonflame|Swords Dance|p1a: Talonflame
|-boost|p1a: Talonflame|atk|2
|
|turn|5
|
|switch|p2a: I <3 U|Latias, F|301\/301
|move|p1a: Talonflame|Flare Blitz|p2a: I <3 U
|-crit|p2a: I <3 U
|-resisted|p2a: I <3 U
|-damage|p2a: I <3 U|68\/301
|-status|p2a: I <3 U|brn
|-damage|p1a: Talonflame|250\/327|[from] recoil|[of] p2a: I <3 U
|
|-damage|p2a: I <3 U|31\/301 brn|[from] brn
|turn|6
|c|★WebBowser|sry
|c|★Lucificario|sigh
|
|move|p1a: Talonflame|Brave Bird|p2a: I <3 U
|-damage|p2a: I <3 U|0 fnt
|-damage|p1a: Talonflame|240\/327|[from] recoil|[of] p2a: I <3 U
|faint|p2a: I <3 U
|
|
|switch|p2a: My Tigger|Landorus-Therian, M, shiny|319\/319
|-ability|p2a: My Tigger|Intimidate|[of] p1a: Talonflame
|-unboost|p1a: Talonflame|atk|1
|turn|7
|
|move|p1a: Talonflame|Brave Bird|p2a: My Tigger
|-damage|p2a: My Tigger|37\/319
|-damage|p1a: Talonflame|147\/327|[from] recoil|[of] p2a: My Tigger
|move|p2a: My Tigger|Earthquake|p1a: Talonflame
|-immune|p1a: Talonflame|[msg]
|
|turn|8
|
|move|p1a: Talonflame|Brave Bird|p2a: My Tigger
|-damage|p2a: My Tigger|0 fnt
|-damage|p1a: Talonflame|135\/327|[from] recoil|[of] p2a: My Tigger
|faint|p2a: My Tigger
|
|
|switch|p2a: Top Cat|Raikou|321\/321
|-ability|p2a: Top Cat|Pressure
|turn|9
|
|move|p1a: Talonflame|Roost|p1a: Talonflame
|-heal|p1a: Talonflame|299\/327
|move|p2a: Top Cat|Thunderbolt|p1a: Talonflame
|-damage|p1a: Talonflame|91\/327
|
|turn|10
|
|move|p1a: Talonflame|Flare Blitz|p2a: Top Cat
|-crit|p2a: Top Cat
|-damage|p2a: Top Cat|0 fnt
|-damage|p1a: Talonflame|0 fnt|[from] recoil|[of] p2a: Top Cat
|faint|p2a: Top Cat
|faint|p1a: Talonflame
|
|c|★WebBowser|wow
|c|★Lucificario|wow
|c|★WebBowser|sry man
|
|switch|p1a: Starmie|Starmie|261\/261
|-damage|p1a: Starmie|229\/261|[from] Stealth Rock
|switch|p2a: Commando|Bisharp, M, shiny|271\/271
|turn|11
|
|move|p1a: Starmie|Hidden Power|p2a: Commando
|-crit|p2a: Commando
|-supereffective|p2a: Commando
|-enditem|p2a: Commando|Focus Sash
|-damage|p2a: Commando|1\/271
|-damage|p1a: Starmie|203\/261|[from] item: Life Orb
|move|p2a: Commando|Iron Head|p1a: Starmie
|-resisted|p1a: Starmie
|-damage|p1a: Starmie|118\/261
|
|turn|12
|c|★WebBowser|wooooow
|c|★Lucificario|the hax
|
|move|p2a: Commando|Sucker Punch|p1a: Starmie
|-supereffective|p1a: Starmie
|-damage|p1a: Starmie|0 fnt
|faint|p1a: Starmie
|
|
|switch|p1a: Breloom|Breloom, F|261\/261
|-damage|p1a: Breloom|245\/261|[from] Stealth Rock
|turn|13
|
|switch|p2a: Palm Trees|Venusaur, M|301\/301
|move|p1a: Breloom|Rock Tomb|p2a: Palm Trees|[miss]
|-miss|p1a: Breloom|p2a: Palm Trees
|
|turn|14
|
|switch|p1a: Weavile|Weavile, M|281\/281
|-damage|p1a: Weavile|211\/281|[from] Stealth Rock
|-ability|p1a: Weavile|Pressure
|detailschange|p2a: Palm Trees|Venusaur-Mega, M
|message|Venusaur has Mega Evolved into Mega Venusaur!
|move|p2a: Palm Trees|Sludge Bomb|p1a: Weavile
|-damage|p1a: Weavile|27\/281
|
|turn|15
|
|move|p1a: Weavile|Ice Punch|p2a: Palm Trees
|-supereffective|p2a: Palm Trees
|-damage|p2a: Palm Trees|166\/301
|-damage|p1a: Weavile|0 fnt|[from] item: Life Orb
|faint|p1a: Weavile
|move|p2a: Palm Trees|Giga Drain|p1: Weavile|[notarget]
|-notarget
|
|
|switch|p1a: Manectric|Manectric-Mega, F|95\/281
|-damage|p1a: Manectric|60\/281|[from] Stealth Rock
|-ability|p1a: Manectric|Intimidate|[of] p2a: Palm Trees
|-unboost|p2a: Palm Trees|atk|1
|turn|16
|
|move|p1a: Manectric|Flamethrower|p2a: Palm Trees
|-supereffective|p2a: Palm Trees
|-damage|p2a: Palm Trees|74\/301
|move|p2a: Palm Trees|Synthesis|p2a: Palm Trees
|-heal|p2a: Palm Trees|224\/301
|
|turn|17
|
|move|p1a: Manectric|Flamethrower|p2a: Palm Trees
|-supereffective|p2a: Palm Trees
|-damage|p2a: Palm Trees|122\/301
|move|p2a: Palm Trees|Synthesis|p2a: Palm Trees
|-heal|p2a: Palm Trees|272\/301
|
|turn|18
|
|move|p1a: Manectric|Flamethrower|p2a: Palm Trees
|-supereffective|p2a: Palm Trees
|-damage|p2a: Palm Trees|184\/301
|move|p2a: Palm Trees|Giga Drain|p1a: Manectric
|-damage|p1a: Manectric|0 fnt
|-heal|p2a: Palm Trees|214\/301|[from] drain|[of] p1a: Manectric
|faint|p1a: Manectric
|
|
|switch|p1a: Breloom|Breloom, F|245\/261
|-damage|p1a: Breloom|229\/261|[from] Stealth Rock
|turn|19
|c|★WebBowser|yeah, that's g
|
|move|p1a: Breloom|Rock Tomb|p2a: Palm Trees
|-damage|p2a: Palm Trees|116\/301
|-unboost|p2a: Palm Trees|spe|1
|move|p2a: Palm Trees|Sludge Bomb|p1a: Breloom
|-supereffective|p1a: Breloom
|-damage|p1a: Breloom|0 fnt
|faint|p1a: Breloom
|
|
|switch|p1a: Clefable|Clefable, M|394\/394
|turn|20
|
|move|p1a: Clefable|Calm Mind|p1a: Clefable
|-boost|p1a: Clefable|spa|1
|-boost|p1a: Clefable|spd|1
|move|p2a: Palm Trees|Sludge Bomb|p1a: Clefable
|-supereffective|p1a: Clefable
|-damage|p1a: Clefable|196\/394
|-status|p1a: Clefable|psn
|
|-heal|p1a: Clefable|220\/394 psn|[from] item: Leftovers
|turn|21
|
|switch|p2a: Commando|Bisharp, M, shiny|1\/271
|move|p1a: Clefable|Calm Mind|p1a: Clefable
|-boost|p1a: Clefable|spa|1
|-boost|p1a: Clefable|spd|1
|
|-heal|p1a: Clefable|244\/394 psn|[from] item: Leftovers
|turn|22
|
|move|p2a: Commando|Iron Head|p1a: Clefable
|-supereffective|p1a: Clefable
|-damage|p1a: Clefable|0 fnt
|faint|p1a: Clefable
|
|win|Lucificario
|raw|Ladder updating...
|raw|WebBowser's rating: 1935 &rarr; <strong>1904<\/strong><br \/>(-31 for losing)
|raw|Lucificario's rating: 1713 &rarr; <strong>1744<\/strong><br \/>(+31 for winning)
|c|★Lucificario|gg