|join|Pseudo-Yoik
|join|Super Mash Bruh
|player|p1|Pseudo-Yoik|148
|player|p2|Super Mash Bruh|154
|gametype|singles
|gen|6
|tier|UU
|rated
|rule|Sleep Clause Mod: Limit one foe put to sleep
|rule|Species Clause: Limit one of each Pokémon
|rule|OHKO Clause: OHKO moves are banned
|rule|Moody Clause: Moody is banned
|rule|Evasion Moves Clause: Evasion moves are banned
|rule|Endless Battle Clause: Forcing endless battles is banned
|rule|HP Percentage Mod: HP is shown in percentages
|clearpoke
|poke|p1|Hydreigon, F
|poke|p1|Audino, F
|poke|p1|Empoleon, M
|poke|p1|Chesnaught, M
|poke|p1|Rotom-Heat
|poke|p1|Doublade, M
|poke|p2|Machamp, F
|poke|p2|Hydreigon, M
|poke|p2|Jirachi
|poke|p2|Serperior, M
|poke|p2|Blastoise, F
|poke|p2|Crobat, F
|rule|Swagger Clause: Swagger is banned
|rule|Baton Pass Clause: Limit one Pokémon knowing Baton Pass
|teampreview
|
|start
|switch|p1a: Rotom-Heat|Rotom-Heat|289\/289
|switch|p2a: Kisses & Thugs|Machamp, F|321\/321
|turn|1
|
|move|p1a: Rotom-Heat|Volt Switch|p2a: Kisses & Thugs
|-damage|p2a: Kisses & Thugs|131\/321
|
|switch|p1a: Chesnaught|Chesnaught, M|369\/369
|move|p2a: Kisses & Thugs|Knock Off|p1a: Chesnaught
|-resisted|p1a: Chesnaught
|-damage|p1a: Chesnaught|315\/369
|-enditem|p1a: Chesnaught|Leftovers|[from] move: Knock Off|[of] p2a: Kisses & Thugs
|
|turn|2
|
|switch|p2a: Pure Fix Mix|Crobat, F|325\/325
|switch|p1a: Audino|Audino, F|401\/401
|
|turn|3
|
|switch|p1a: Empoleon|Empoleon, M|369\/369
|move|p2a: Pure Fix Mix|Cross Poison|p1a: Empoleon
|-immune|p1a: Empoleon|[msg]
|
|turn|4
|
|switch|p2a: Kisses & Thugs|Machamp, F|131\/321
|move|p1a: Empoleon|Stealth Rock|p2a: Kisses & Thugs
|-sidestart|p2: Super Mash Bruh|move: Stealth Rock
|
|turn|5
|
|switch|p1a: Chesnaught|Chesnaught, M|315\/369
|move|p2a: Kisses & Thugs|Close Combat|p1a: Chesnaught
|-damage|p1a: Chesnaught|99\/369
|-unboost|p2a: Kisses & Thugs|def|1
|-unboost|p2a: Kisses & Thugs|spd|1
|
|turn|6
|
|switch|p1a: Doublade|Doublade, M|321\/321
|move|p2a: Kisses & Thugs|Close Combat|p1a: Doublade
|-immune|p1a: Doublade|[msg]
|
|turn|7
|
|switch|p2a: Livin the dream|Blastoise, F|361\/361
|-damage|p2a: Livin the dream|316\/361|[from] Stealth Rock
|move|p1a: Doublade|Gyro Ball|p2a: Livin the dream
|-resisted|p2a: Livin the dream
|-damage|p2a: Livin the dream|261\/361
|
|turn|8
|
|switch|p1a: Empoleon|Empoleon, M|369\/369
|detailschange|p2a: Livin the dream|Blastoise-Mega, F
|-mega|p2a: Livin the dream|Blastoise|Blastoisinite
|move|p2a: Livin the dream|Dark Pulse|p1a: Empoleon
|-damage|p1a: Empoleon|262\/369
|
|-heal|p1a: Empoleon|285\/369|[from] item: Leftovers
|turn|9
|
|move|p2a: Livin the dream|Rapid Spin|p1a: Empoleon
|-resisted|p1a: Empoleon
|-damage|p1a: Empoleon|277\/369
|-sideend|p2: Super Mash Bruh|Stealth Rock|[from] move: Rapid Spin|[of] p2a: Livin the dream
|move|p1a: Empoleon|Scald|p2a: Livin the dream
|-resisted|p2a: Livin the dream
|-damage|p2a: Livin the dream|219\/361
|
|-heal|p1a: Empoleon|300\/369|[from] item: Leftovers
|turn|10
|
|switch|p2a: Kisses & Thugs|Machamp, F|131\/321
|move|p1a: Empoleon|Scald|p2a: Kisses & Thugs
|-damage|p2a: Kisses & Thugs|13\/321
|
|-heal|p1a: Empoleon|323\/369|[from] item: Leftovers
|turn|11
|
|switch|p1a: Doublade|Doublade, M|321\/321
|move|p2a: Kisses & Thugs|Earthquake|p1a: Doublade
|-supereffective|p1a: Doublade
|-damage|p1a: Doublade|159\/321
|
|turn|12
|
|switch|p2a: Not the 405|Hydreigon, M|325\/325
|switch|p1a: Rotom-Heat|Rotom-Heat|289\/289
|
|turn|13
|
|move|p2a: Not the 405|Draco Meteor|p1a: Rotom-Heat|[miss]
|-miss|p2a: Not the 405|p1a: Rotom-Heat
|move|p1a: Rotom-Heat|Volt Switch|p2a: Not the 405
|-resisted|p2a: Not the 405
|-damage|p2a: Not the 405|221\/325
|
|switch|p1a: Audino|Audino, F|401\/401
|
|turn|14
|
|switch|p2a: Pure Fix Mix|Crobat, F|325\/325
|detailschange|p1a: Audino|Audino-Mega, F
|-mega|p1a: Audino|Audino|Audinite
|move|p1a: Audino|Dazzling Gleam|p2a: Pure Fix Mix
|-resisted|p2a: Pure Fix Mix
|-damage|p2a: Pure Fix Mix|277\/325
|
|turn|15
|
|move|p2a: Pure Fix Mix|Brave Bird|p1a: Audino
|-damage|p1a: Audino|191\/401
|-damage|p2a: Pure Fix Mix|208\/325|[from] recoil|[of] p1a: Audino
|move|p1a: Audino|Dazzling Gleam|p2a: Pure Fix Mix
|-resisted|p2a: Pure Fix Mix
|-damage|p2a: Pure Fix Mix|162\/325
|
|turn|16
|
|switch|p1a: Empoleon|Empoleon, M|323\/369
|move|p2a: Pure Fix Mix|Brave Bird|p1a: Empoleon
|-resisted|p1a: Empoleon
|-damage|p1a: Empoleon|179\/369
|-damage|p2a: Pure Fix Mix|114\/325|[from] recoil|[of] p1a: Empoleon
|
|-heal|p1a: Empoleon|202\/369|[from] item: Leftovers
|turn|17
|
|switch|p2a: Kisses & Thugs|Machamp, F|13\/321
|move|p1a: Empoleon|Stealth Rock|p2a: Kisses & Thugs
|-sidestart|p2: Super Mash Bruh|move: Stealth Rock
|
|-heal|p1a: Empoleon|225\/369|[from] item: Leftovers
|turn|18
|
|move|p2a: Kisses & Thugs|Close Combat|p1a: Empoleon
|-supereffective|p1a: Empoleon
|-damage|p1a: Empoleon|0 fnt
|-unboost|p2a: Kisses & Thugs|def|1
|-unboost|p2a: Kisses & Thugs|spd|1
|faint|p1a: Empoleon
|
|
|switch|p1a: Rotom-Heat|Rotom-Heat|289\/289
|turn|19
|
|move|p1a: Rotom-Heat|Volt Switch|p2a: Kisses & Thugs
|-damage|p2a: Kisses & Thugs|0 fnt
|faint|p2a: Kisses & Thugs
|
|switch|p1a: Hydreigon|Hydreigon, F|325\/325
|
|
|switch|p2a: Fixies & Ferraris|Serperior, M|289\/289
|-damage|p2a: Fixies & Ferraris|253\/289|[from] Stealth Rock
|turn|20
|
|move|p1a: Hydreigon|Fire Blast|p2a: Fixies & Ferraris
|-supereffective|p2a: Fixies & Ferraris
|-damage|p2a: Fixies & Ferraris|1\/289
|move|p2a: Fixies & Ferraris|Glare|p1a: Hydreigon
|-status|p1a: Hydreigon|par
|
|turn|21
|
|switch|p1a: Doublade|Doublade, M|159\/321
|move|p2a: Fixies & Ferraris|Dragon Pulse|p1a: Doublade
|-resisted|p1a: Doublade
|-damage|p1a: Doublade|119\/321
|-damage|p2a: Fixies & Ferraris|0 fnt|[from] item: Life Orb
|faint|p2a: Fixies & Ferraris
|
|
|switch|p2a: Livin the dream|Blastoise-Mega, F|219\/361
|-damage|p2a: Livin the dream|174\/361|[from] Stealth Rock
|turn|22
|
|switch|p1a: Audino|Audino-Mega, F|191\/401
|move|p2a: Livin the dream|Water Pulse|p1a: Audino
|-damage|p1a: Audino|74\/401
|
|turn|23
|
|move|p2a: Livin the dream|Rapid Spin|p1a: Audino
|-damage|p1a: Audino|62\/401
|-sideend|p2: Super Mash Bruh|Stealth Rock|[from] move: Rapid Spin|[of] p2a: Livin the dream
|move|p1a: Audino|Rest|p1a: Audino
|-status|p1a: Audino|slp
|-heal|p1a: Audino|401\/401 slp|[silent]
|-status|p1a: Audino|slp|[from] move: Rest
|
|turn|24
|
|switch|p2a: Future Dads|Jirachi|397\/397
|cant|p1a: Audino|slp
|move|p1a: Audino|Sleep Talk|p1a: Audino
|move|p1a: Audino|Dazzling Gleam|p2a: Future Dads|[from]Sleep Talk
|-resisted|p2a: Future Dads
|-damage|p2a: Future Dads|360\/397
|
|-heal|p2a: Future Dads|384\/397|[from] item: Leftovers
|turn|25
|
|move|p2a: Future Dads|Stealth Rock|p1a: Audino
|-sidestart|p1: Pseudo-Yoik|move: Stealth Rock
|cant|p1a: Audino|slp
|move|p1a: Audino|Sleep Talk|p1a: Audino
|move|p1a: Audino|Rest|p1a: Audino|[from]Sleep Talk
|-fail|p1a: Audino
|
|-heal|p2a: Future Dads|397\/397|[from] item: Leftovers
|turn|26
|
|move|p2a: Future Dads|Iron Head|p1a: Audino
|-supereffective|p1a: Audino
|-damage|p1a: Audino|185\/401 slp
|-curestatus|p1a: Audino|slp
|move|p1a: Audino|Heal Bell|p1a: Audino
|-cureteam|p1a: Audino|[from] move: HealBell
|
|turn|27
|
|switch|p1a: Rotom-Heat|Rotom-Heat|289\/289
|-damage|p1a: Rotom-Heat|217\/289|[from] Stealth Rock
|move|p2a: Future Dads|Thunder Wave|p1a: Rotom-Heat
|-fail|p1a: Rotom-Heat
|
|turn|28
|
|switch|p2a: Not the 405|Hydreigon, M|221\/325
|move|p1a: Rotom-Heat|Thunderbolt|p2a: Not the 405
|-resisted|p2a: Not the 405
|-damage|p2a: Not the 405|104\/325
|
|turn|29
|
|switch|p1a: Audino|Audino-Mega, F|185\/401
|-damage|p1a: Audino|135\/401|[from] Stealth Rock
|move|p2a: Not the 405|Dark Pulse|p1a: Audino
|-resisted|p1a: Audino
|-damage|p1a: Audino|96\/401
|
|turn|30
|
|switch|p2a: Pure Fix Mix|Crobat, F|114\/325
|move|p1a: Audino|Rest|p1a: Audino
|-status|p1a: Audino|slp
|-heal|p1a: Audino|401\/401 slp|[silent]
|-status|p1a: Audino|slp|[from] move: Rest
|
|turn|31
|
|switch|p1a: Doublade|Doublade, M|119\/321
|-damage|p1a: Doublade|99\/321|[from] Stealth Rock
|move|p2a: Pure Fix Mix|Brave Bird|p1a: Doublade
|-resisted|p1a: Doublade
|-damage|p1a: Doublade|46\/321
|-damage|p2a: Pure Fix Mix|97\/325|[from] recoil|[of] p1a: Doublade
|
|turn|32
|
|move|p1a: Doublade|Shadow Sneak|p2a: Pure Fix Mix
|-damage|p2a: Pure Fix Mix|22\/325
|move|p2a: Pure Fix Mix|Brave Bird|p1a: Doublade
|-resisted|p1a: Doublade
|-damage|p1a: Doublade|0 fnt
|-damage|p2a: Pure Fix Mix|7\/325|[from] recoil|[of] p1a: Doublade
|faint|p1a: Doublade
|
|
|switch|p1a: Hydreigon|Hydreigon, F|325\/325
|-damage|p1a: Hydreigon|285\/325|[from] Stealth Rock
|turn|33
|
|move|p1a: Hydreigon|Dark Pulse|p2a: Pure Fix Mix
|-damage|p2a: Pure Fix Mix|0 fnt
|faint|p2a: Pure Fix Mix
|
|
|switch|p2a: Livin the dream|Blastoise-Mega, F|174\/361
|turn|34
|
|switch|p1a: Audino|Audino-Mega, F|401\/401 slp
|-damage|p1a: Audino|351\/401 slp|[from] Stealth Rock
|move|p2a: Livin the dream|Water Pulse|p1a: Audino
|-damage|p1a: Audino|236\/401 slp
|
|turn|35
|
|switch|p2a: Future Dads|Jirachi|397\/397
|cant|p1a: Audino|slp
|move|p1a: Audino|Sleep Talk|p1a: Audino
|move|p1a: Audino|Heal Bell|p1a: Audino|[from]Sleep Talk
|-cureteam|p1a: Audino|[from] move: HealBell
|
|turn|36
|
|switch|p1a: Rotom-Heat|Rotom-Heat|217\/289
|-damage|p1a: Rotom-Heat|145\/289|[from] Stealth Rock
|move|p2a: Future Dads|U-turn|p1a: Rotom-Heat
|-resisted|p1a: Rotom-Heat
|-damage|p1a: Rotom-Heat|106\/289
|
|switch|p2a: Not the 405|Hydreigon, M|104\/325
|
|turn|37
|
|move|p2a: Not the 405|Draco Meteor|p1a: Rotom-Heat
|-damage|p1a: Rotom-Heat|0 fnt
|-unboost|p2a: Not the 405|spa|2
|faint|p1a: Rotom-Heat
|
|
|switch|p1a: Hydreigon|Hydreigon, F|285\/325
|-damage|p1a: Hydreigon|245\/325|[from] Stealth Rock
|turn|38
|
|switch|p2a: Livin the dream|Blastoise-Mega, F|174\/361
|move|p1a: Hydreigon|Dark Pulse|p2a: Livin the dream
|-crit|p2a: Livin the dream
|-damage|p2a: Livin the dream|3\/361
|
|turn|39
|
|move|p1a: Hydreigon|Dark Pulse|p2a: Livin the dream
|-damage|p2a: Livin the dream|0 fnt
|faint|p2a: Livin the dream
|
|
|switch|p2a: Not the 405|Hydreigon, M|104\/325
|turn|40
|
|switch|p1a: Audino|Audino-Mega, F|236\/401
|-damage|p1a: Audino|186\/401|[from] Stealth Rock
|move|p2a: Not the 405|Draco Meteor|p1a: Audino
|-immune|p1a: Audino|[msg]
|
|turn|41
|
|switch|p2a: Future Dads|Jirachi|397\/397
|switch|p1a: Hydreigon|Hydreigon, F|245\/325
|-damage|p1a: Hydreigon|205\/325|[from] Stealth Rock
|
|turn|42
|
|move|p1a: Hydreigon|Dark Pulse|p2a: Future Dads
|-supereffective|p2a: Future Dads
|-damage|p2a: Future Dads|139\/397
|move|p2a: Future Dads|U-turn|p1a: Hydreigon
|-supereffective|p1a: Hydreigon
|-damage|p1a: Hydreigon|31\/325
|
|switch|p2a: Not the 405|Hydreigon, M|104\/325
|
|turn|43
|
|move|p2a: Not the 405|U-turn|p1a: Hydreigon
|-supereffective|p1a: Hydreigon
|-damage|p1a: Hydreigon|0 fnt
|faint|p1a: Hydreigon
|
|switch|p2a: Future Dads|Jirachi|139\/397
|
|-heal|p2a: Future Dads|163\/397|[from] item: Leftovers
|
|switch|p1a: Chesnaught|Chesnaught, M|99\/369
|-damage|p1a: Chesnaught|76\/369|[from] Stealth Rock
|turn|44
|
|move|p2a: Future Dads|Iron Head|p1a: Chesnaught
|-damage|p1a: Chesnaught|0 fnt
|faint|p1a: Chesnaught
|
|-heal|p2a: Future Dads|187\/397|[from] item: Leftovers
|-message|Pseudo-Yoik forfeited.
|leave|Pseudo-Yoik
|
|win|Super Mash Bruh
|raw|Ladder updating...
|player|p1
|raw|Pseudo-Yoik's rating: 1288 &rarr; <strong>1253<\/strong><br \/>(-35 for losing)
|raw|Super Mash Bruh's rating: 1140 &rarr; <strong>1175<\/strong><br \/>(+35 for winning)