|join|Xblueguru
|join|Pseudo-Yoik
|player|p1|Xblueguru|170
|player|p2|Pseudo-Yoik|148
|gametype|singles
|gen|6
|tier|UU
|rated
|rule|Sleep Clause Mod: Limit one foe put to sleep
|rule|Species Clause: Limit one of each Pokémon
|rule|OHKO Clause: OHKO moves are banned
|rule|Moody Clause: Moody is banned
|rule|Evasion Moves Clause: Evasion moves are banned
|rule|Endless Battle Clause: Forcing endless battles is banned
|rule|HP Percentage Mod: HP is shown in percentages
|clearpoke
|poke|p1|Blastoise, M
|poke|p1|Florges, F
|poke|p1|Crobat, F
|poke|p1|Ambipom, F
|poke|p1|Raikou
|poke|p1|Flygon, M
|poke|p2|Hydreigon, M
|poke|p2|Audino, M
|poke|p2|Empoleon, M
|poke|p2|Chesnaught, F
|poke|p2|Rotom-Heat
|poke|p2|Doublade, F
|rule|Swagger Clause: Swagger is banned
|rule|Baton Pass Clause: Limit one Pokémon knowing Baton Pass
|teampreview
|
|start
|switch|p1a: Crobat|Crobat, F|374\/374
|switch|p2a: Rotom-Heat|Rotom-Heat|289\/289
|turn|1
|
|move|p1a: Crobat|Toxic|p2a: Rotom-Heat
|-status|p2a: Rotom-Heat|tox
|move|p2a: Rotom-Heat|Overheat|p1a: Crobat
|-damage|p1a: Crobat|0 fnt
|-unboost|p2a: Rotom-Heat|spa|2
|faint|p1a: Crobat
|
|-damage|p2a: Rotom-Heat|271\/289 tox|[from] psn
|
|switch|p1a: Ambipom|Ambipom, F|291\/291
|turn|2
|
|switch|p2a: Audino|Audino, M|401\/401
|move|p1a: Ambipom|Fake Out|p2a: Audino
|-damage|p2a: Audino|265\/401
|-damage|p1a: Ambipom|262\/291|[from] item: Life Orb
|
|turn|3
|
|switch|p2a: Doublade|Doublade, F|321\/321
|move|p1a: Ambipom|Double Hit|p2a: Doublade
|-immune|p2a: Doublade|[msg]
|
|turn|4
|
|switch|p2a: Audino|Audino, M|398\/401
|move|p1a: Ambipom|Knock Off|p2a: Audino
|-damage|p2a: Audino|299\/401
|-damage|p1a: Ambipom|233\/291|[from] item: Life Orb
|
|turn|5
|
|detailschange|p2a: Audino|Audino-Mega, M
|-mega|p2a: Audino|Audino|Audinite
|move|p1a: Ambipom|Knock Off|p2a: Audino
|-resisted|p2a: Audino
|-damage|p2a: Audino|265\/401
|-damage|p1a: Ambipom|204\/291|[from] item: Life Orb
|move|p2a: Audino|Rest|p2a: Audino
|-status|p2a: Audino|slp
|-heal|p2a: Audino|401\/401 slp|[silent]
|-status|p2a: Audino|slp|[from] move: Rest
|
|turn|6
|
|move|p1a: Ambipom|U-turn|p2a: Audino
|-resisted|p2a: Audino
|-damage|p2a: Audino|369\/401 slp
|-damage|p1a: Ambipom|175\/291|[from] item: Life Orb
|
|switch|p1a: Florges|Florges, F|360\/360
|cant|p2a: Audino|slp
|move|p2a: Audino|Sleep Talk|p2a: Audino
|move|p2a: Audino|Dazzling Gleam|p1a: Florges|[from]Sleep Talk
|-damage|p1a: Florges|320\/360
|
|-heal|p1a: Florges|342\/360|[from] item: Leftovers
|turn|7
|
|move|p1a: Florges|Wish|p1a: Florges
|cant|p2a: Audino|slp
|move|p2a: Audino|Sleep Talk|p2a: Audino
|move|p2a: Audino|Heal Bell|p2a: Audino|[from]Sleep Talk
|-cureteam|p2a: Audino|[from] move: HealBell
|
|-heal|p1a: Florges|360\/360|[from] item: Leftovers
|turn|8
|
|switch|p1a: Ambipom|Ambipom, F|175\/291
|move|p2a: Audino|Dazzling Gleam|p1a: Ambipom
|-damage|p1a: Ambipom|63\/291
|
|-heal|p1a: Ambipom|243\/291|[from] move: Wish|[wisher] Florges
|turn|9
|
|move|p1a: Ambipom|U-turn|p2a: Audino
|-crit|p2a: Audino
|-resisted|p2a: Audino
|-damage|p2a: Audino|313\/401
|-damage|p1a: Ambipom|214\/291|[from] item: Life Orb
|
|switch|p1a: Blastoise|Blastoise, M|361\/361
|move|p2a: Audino|Dazzling Gleam|p1a: Blastoise
|-damage|p1a: Blastoise|280\/361
|
|turn|10
|
|detailschange|p1a: Blastoise|Blastoise-Mega, M
|-mega|p1a: Blastoise|Blastoise|Blastoisinite
|move|p1a: Blastoise|Scald|p2a: Audino
|-damage|p2a: Audino|207\/401
|move|p2a: Audino|Dazzling Gleam|p1a: Blastoise
|-damage|p1a: Blastoise|205\/361
|
|turn|11
|
|move|p1a: Blastoise|Scald|p2a: Audino
|-damage|p2a: Audino|99\/401
|move|p2a: Audino|Rest|p2a: Audino
|-status|p2a: Audino|slp
|-heal|p2a: Audino|401\/401 slp|[silent]
|-status|p2a: Audino|slp|[from] move: Rest
|
|turn|12
|
|move|p1a: Blastoise|Scald|p2a: Audino
|-damage|p2a: Audino|310\/401 slp
|cant|p2a: Audino|slp
|move|p2a: Audino|Sleep Talk|p2a: Audino
|move|p2a: Audino|Heal Bell|p2a: Audino|[from]Sleep Talk
|-cureteam|p2a: Audino|[from] move: HealBell
|
|turn|13
|
|move|p1a: Blastoise|Scald|p2a: Audino
|-damage|p2a: Audino|211\/401
|move|p2a: Audino|Dazzling Gleam|p1a: Blastoise
|-damage|p1a: Blastoise|136\/361
|
|turn|14
|-message|Xblueguru forfeited.
|
|win|Pseudo-Yoik
|raw|Ladder updating...
|leave|Xblueguru
|player|p1
|raw|Xblueguru's rating: 1232 &rarr; <strong>1210<\/strong><br \/>(-22 for losing)
|raw|Pseudo-Yoik's rating: 1285 &rarr; <strong>1306<\/strong><br \/>(+21 for winning)