|join|lil manaphy
|join|SEXY GAMER DOG
|player|p1|lil manaphy|104
|player|p2|SEXY GAMER DOG|275
|gametype|singles
|gen|6
|tier|OU
|rated
|clearpoke
|poke|p1|Scizor, M
|poke|p1|Skarmory, F
|poke|p1|Gothitelle, F
|poke|p1|Chansey, F
|poke|p1|Alomomola, M
|poke|p1|Cresselia, F
|poke|p2|Gothitelle, M
|poke|p2|Skarmory, M
|poke|p2|Chansey, F
|poke|p2|Quagsire, F
|poke|p2|Amoonguss, F
|poke|p2|Charizard, F
|rule|Swagger Clause: Swagger is banned
|rule|Baton Pass Clause: Limit one Pokémon knowing Baton Pass
|rule|Sleep Clause Mod: Limit one foe put to sleep
|rule|Species Clause: Limit one of each Pokémon
|rule|OHKO Clause: OHKO moves are banned
|rule|Moody Clause: Moody is banned
|rule|Evasion Moves Clause: Evasion moves are banned
|rule|Endless Battle Clause: Forcing endless battles is banned
|rule|HP Percentage Mod: HP is shown in percentages
|teampreview
|
|start
|switch|p1a: Cresselia|Cresselia, F|444\/444
|switch|p2a: Manzard|Charizard, F|323\/323
|turn|1
|
|detailschange|p2a: Manzard|Charizard-Mega-Y, F
|message|Charizard has Mega Evolved into Mega Charizard!
|-weather|SunnyDay
|move|p2a: Manzard|Flamethrower|p1a: Cresselia
|-damage|p1a: Cresselia|266\/444
|move|p1a: Cresselia|Toxic|p2a: Manzard
|-status|p2a: Manzard|tox
|
|-weather|SunnyDay|[upkeep]
|-heal|p1a: Cresselia|293\/444|[from] item: Leftovers
|-damage|p2a: Manzard|303\/323 tox|[from] psn
|turn|2
|join|dragonrage00
|
|move|p2a: Manzard|Flamethrower|p1a: Cresselia
|-crit|p1a: Cresselia
|-damage|p1a: Cresselia|2\/444
|move|p1a: Cresselia|Moonlight|p1a: Cresselia
|-heal|p1a: Cresselia|298\/444
|
|-weather|SunnyDay|[upkeep]
|-heal|p1a: Cresselia|325\/444|[from] item: Leftovers
|-damage|p2a: Manzard|263\/323 tox|[from] psn
|turn|3
|
|switch|p2a: Gothitelletubby|Gothitelle, M|344\/344
|move|p1a: Cresselia|Moonlight|p1a: Cresselia
|-heal|p1a: Cresselia|444\/444
|
|-weather|SunnyDay|[upkeep]
|turn|4
|
|move|p2a: Gothitelletubby|Taunt|p1a: Cresselia
|-start|p1a: Cresselia|move: Taunt
|cant|p1a: Cresselia|move: Taunt|Skill Swap
|
|-weather|SunnyDay|[upkeep]
|turn|5
|
|move|p2a: Gothitelletubby|Taunt|p1a: Cresselia
|-fail|p1a: Cresselia
|move|p1a: Cresselia|Psychic|p2a: Gothitelletubby
|-resisted|p2a: Gothitelletubby
|-damage|p2a: Gothitelletubby|305\/344
|
|-weather|none
|turn|6
|
|move|p2a: Gothitelletubby|Taunt|p1a: Cresselia
|-fail|p1a: Cresselia
|move|p1a: Cresselia|Psychic|p2a: Gothitelletubby
|-resisted|p2a: Gothitelletubby
|-damage|p2a: Gothitelletubby|266\/344
|
|-end|p1a: Cresselia|move: Taunt
|turn|7
|
|switch|p2a: Manzard|Charizard-Mega-Y, F|263\/323 tox
|-weather|SunnyDay
|move|p1a: Cresselia|Psychic|p2a: Manzard
|-damage|p2a: Manzard|193\/323 tox
|
|-weather|SunnyDay|[upkeep]
|-damage|p2a: Manzard|173\/323 tox|[from] psn
|turn|8
|
|move|p2a: Manzard|Roost|p2a: Manzard
|-heal|p2a: Manzard|323\/323 tox
|move|p1a: Cresselia|Psychic|p2a: Manzard
|-damage|p2a: Manzard|256\/323 tox
|
|-weather|SunnyDay|[upkeep]
|-damage|p2a: Manzard|216\/323 tox|[from] psn
|turn|9
|
|switch|p2a: Gothitelletubby|Gothitelle, M|266\/344
|move|p1a: Cresselia|Skill Swap|p2a: Gothitelletubby
|-activate|p1a: Cresselia|move: Skill Swap|Shadow Tag|Levitate|[of] p2a: Gothitelletubby
|
|-weather|SunnyDay|[upkeep]
|turn|10
|
|switch|p1a: Gothitelle|Gothitelle, F|301\/301
|move|p2a: Gothitelletubby|Trick|p1a: Gothitelle
|-activate|p2a: Gothitelletubby|move: Trick|[of] p1a: Gothitelle
|-item|p1a: Gothitelle|Choice Scarf|[from] move: Trick
|-item|p2a: Gothitelletubby|Choice Scarf|[from] move: Trick
|
|-weather|SunnyDay|[upkeep]
|turn|11
|
|move|p1a: Gothitelle|Trick|p2a: Gothitelletubby
|-activate|p1a: Gothitelle|move: Trick|[of] p2a: Gothitelletubby
|-item|p2a: Gothitelletubby|Choice Scarf|[from] move: Trick
|-item|p1a: Gothitelle|Choice Scarf|[from] move: Trick
|move|p2a: Gothitelletubby|Trick|p1a: Gothitelle
|-activate|p2a: Gothitelletubby|move: Trick|[of] p1a: Gothitelle
|-item|p1a: Gothitelle|Choice Scarf|[from] move: Trick
|-item|p2a: Gothitelletubby|Choice Scarf|[from] move: Trick
|
|-weather|none
|turn|12
|
|move|p1a: Gothitelle|Trick|p2a: Gothitelletubby
|-activate|p1a: Gothitelle|move: Trick|[of] p2a: Gothitelletubby
|-item|p2a: Gothitelletubby|Choice Scarf|[from] move: Trick
|-item|p1a: Gothitelle|Choice Scarf|[from] move: Trick
|move|p2a: Gothitelletubby|Trick|p1a: Gothitelle
|-activate|p2a: Gothitelletubby|move: Trick|[of] p1a: Gothitelle
|-item|p1a: Gothitelle|Choice Scarf|[from] move: Trick
|-item|p2a: Gothitelletubby|Choice Scarf|[from] move: Trick
|
|turn|13
|
|switch|p1a: Scizor|Scizor, M|281\/281
|move|p2a: Gothitelletubby|Trick|p1a: Scizor
|-fail|p1a: Scizor
|
|turn|14
|
|switch|p2a: Manzard|Charizard-Mega-Y, F|216\/323 tox
|-weather|SunnyDay
|detailschange|p1a: Scizor|Scizor-Mega, M
|message|Scizor has Mega Evolved into Mega Scizor!
|move|p1a: Scizor|Bullet Punch|p2a: Manzard
|-resisted|p2a: Manzard
|-damage|p2a: Manzard|140\/323 tox
|
|-weather|SunnyDay|[upkeep]
|-damage|p2a: Manzard|120\/323 tox|[from] psn
|turn|15
|
|switch|p1a: Cresselia|Cresselia, F|444\/444
|move|p2a: Manzard|Roost|p2a: Manzard
|-heal|p2a: Manzard|282\/323 tox
|
|-weather|SunnyDay|[upkeep]
|-damage|p2a: Manzard|242\/323 tox|[from] psn
|turn|16
|
|move|p2a: Manzard|Roost|p2a: Manzard
|-heal|p2a: Manzard|323\/323 tox
|move|p1a: Cresselia|Skill Swap|p2a: Manzard
|-activate|p1a: Cresselia|move: Skill Swap|Drought|Levitate|[of] p2a: Manzard
|
|-weather|SunnyDay|[upkeep]
|-damage|p2a: Manzard|263\/323 tox|[from] psn
|turn|17
|
|switch|p2a: Queen of Twerk|Chansey, F|704\/704
|move|p1a: Cresselia|Skill Swap|p2a: Queen of Twerk
|-activate|p1a: Cresselia|move: Skill Swap|Natural Cure|Drought|[of] p2a: Queen of Twerk
|
|-weather|SunnyDay|[upkeep]
|turn|18
|
|switch|p2a: Grasshole|Amoonguss, F|432\/432
|move|p1a: Cresselia|Toxic|p2a: Grasshole
|-fail|p2a: Grasshole
|
|-weather|none
|turn|19
|
|switch|p1a: Skarmory|Skarmory, F|334\/334
|switch|p2a: Gothitelletubby|Gothitelle, M|266\/344
|
|turn|20
|
|move|p2a: Gothitelletubby|Taunt|p1a: Skarmory
|-start|p1a: Skarmory|move: Taunt
|cant|p1a: Skarmory|move: Taunt|Taunt
|
|turn|21
|
|move|p2a: Gothitelletubby|Taunt|p1a: Skarmory
|-fail|p1a: Skarmory
|move|p1a: Skarmory|Counter|p2a: Gothitelletubby
|-fail|p2a: Gothitelletubby
|
|turn|22
|
|switch|p2a: Queen of Twerk|Chansey, F|704\/704
|switch|p1a: Gothitelle|Gothitelle, F|301\/301
|
|turn|23
|
|switch|p1a: Skarmory|Skarmory, F|334\/334
|move|p2a: Queen of Twerk|Toxic|p1a: Skarmory
|-fail|p1a: Skarmory
|
|turn|24
|
|switch|p2a: Gothitelletubby|Gothitelle, M|266\/344
|move|p1a: Skarmory|Taunt|p2a: Gothitelletubby
|-start|p2a: Gothitelletubby|move: Taunt
|
|turn|25
|
|switch|p2a: Manzard|Charizard-Mega-Y, F|263\/323 tox
|-weather|SunnyDay
|switch|p1a: Chansey|Chansey, F|704\/704
|
|-weather|SunnyDay|[upkeep]
|-damage|p2a: Manzard|243\/323 tox|[from] psn
|turn|26
|
|switch|p2a: Gothitelletubby|Gothitelle, M|266\/344
|switch|p1a: Cresselia|Cresselia, F|444\/444
|
|-weather|SunnyDay|[upkeep]
|turn|27
|
|move|p2a: Gothitelletubby|Taunt|p1a: Cresselia
|-start|p1a: Cresselia|move: Taunt
|cant|p1a: Cresselia|move: Taunt|Skill Swap
|
|-weather|SunnyDay|[upkeep]
|turn|28
|
|switch|p2a: Queen of Twerk|Chansey, F|704\/704
|move|p1a: Cresselia|Psychic|p2a: Queen of Twerk
|-damage|p2a: Queen of Twerk|646\/704
|-unboost|p2a: Queen of Twerk|spd|1
|
|-weather|SunnyDay|[upkeep]
|turn|29
|
|switch|p1a: Scizor|Scizor-Mega, M|281\/281
|switch|p2a: Manzard|Charizard-Mega-Y, F|243\/323 tox
|
|-weather|none
|-damage|p2a: Manzard|223\/323 tox|[from] psn
|turn|30
|
|switch|p2a: Gothitelletubby|Gothitelle, M|266\/344
|switch|p1a: Cresselia|Cresselia, F|444\/444
|
|turn|31
|
|move|p2a: Gothitelletubby|Trick|p1a: Cresselia
|-activate|p2a: Gothitelletubby|move: Trick|[of] p1a: Cresselia
|-item|p1a: Cresselia|Choice Scarf|[from] move: Trick
|-item|p2a: Gothitelletubby|Leftovers|[from] move: Trick
|move|p1a: Cresselia|Skill Swap|p2a: Gothitelletubby
|-activate|p1a: Cresselia|move: Skill Swap|Shadow Tag|Levitate|[of] p2a: Gothitelletubby
|
|-heal|p2a: Gothitelletubby|287\/344|[from] item: Leftovers
|turn|32
|
|switch|p1a: Gothitelle|Gothitelle, F|301\/301
|move|p2a: Gothitelletubby|Taunt|p1a: Gothitelle
|-start|p1a: Gothitelle|move: Taunt
|
|-heal|p2a: Gothitelletubby|308\/344|[from] item: Leftovers
|turn|33
|
|move|p1a: Gothitelle|Psychic|p2a: Gothitelletubby
|-resisted|p2a: Gothitelletubby
|-damage|p2a: Gothitelletubby|245\/344
|move|p2a: Gothitelletubby|Trick|p1a: Gothitelle
|-activate|p2a: Gothitelletubby|move: Trick|[of] p1a: Gothitelle
|-item|p1a: Gothitelle|Leftovers|[from] move: Trick
|-item|p2a: Gothitelletubby|Choice Scarf|[from] move: Trick
|
|turn|34
|
|move|p2a: Gothitelletubby|Trick|p1a: Gothitelle
|-activate|p2a: Gothitelletubby|move: Trick|[of] p1a: Gothitelle
|-item|p1a: Gothitelle|Choice Scarf|[from] move: Trick
|-item|p2a: Gothitelletubby|Leftovers|[from] move: Trick
|move|p1a: Gothitelle|Psychic|p2a: Gothitelletubby
|-resisted|p2a: Gothitelletubby
|-damage|p2a: Gothitelletubby|191\/344
|-unboost|p2a: Gothitelletubby|spd|1
|
|-heal|p2a: Gothitelletubby|212\/344|[from] item: Leftovers
|turn|35
|
|move|p1a: Gothitelle|Psychic|p2a: Gothitelletubby
|-resisted|p2a: Gothitelletubby
|-damage|p2a: Gothitelletubby|125\/344
|move|p2a: Gothitelletubby|Rest|p2a: Gothitelletubby
|-status|p2a: Gothitelletubby|slp
|-heal|p2a: Gothitelletubby|344\/344 slp|[silent]
|-status|p2a: Gothitelletubby|slp|[from] move: Rest
|
|-end|p1a: Gothitelle|move: Taunt
|turn|36
|
|switch|p1a: Scizor|Scizor-Mega, M|281\/281
|cant|p2a: Gothitelletubby|slp
|
|turn|37
|
|switch|p2a: Metal Head|Skarmory, M|334\/334
|move|p1a: Scizor|Bullet Punch|p2a: Metal Head
|-resisted|p2a: Metal Head
|-damage|p2a: Metal Head|298\/334
|
|-heal|p2a: Metal Head|318\/334|[from] item: Leftovers
|turn|38
|
|switch|p1a: Skarmory|Skarmory, F|334\/334
|move|p2a: Metal Head|Stealth Rock|p1a: Skarmory
|-sidestart|p1: lil manaphy|move: Stealth Rock
|
|-heal|p2a: Metal Head|334\/334|[from] item: Leftovers
|turn|39
|
|switch|p2a: Gothitelletubby|Gothitelle, M|344\/344 slp
|move|p1a: Skarmory|Defog|p2a: Gothitelletubby
|-unboost|p2a: Gothitelletubby|evasion|1
|-sideend|p1: lil manaphy|Stealth Rock|[from] move: Defog|[of] p1a: Skarmory
|
|turn|40
|
|switch|p1a: Cresselia|Cresselia, F|444\/444
|cant|p2a: Gothitelletubby|slp
|
|turn|41
|
|switch|p2a: Metal Head|Skarmory, M|334\/334
|move|p1a: Cresselia|Skill Swap|p2a: Metal Head
|-activate|p1a: Cresselia|move: Skill Swap|Sturdy|Levitate|[of] p2a: Metal Head
|
|turn|42
|
|switch|p1a: Skarmory|Skarmory, F|334\/334
|move|p2a: Metal Head|Stealth Rock|p1a: Skarmory
|-sidestart|p1: lil manaphy|move: Stealth Rock
|
|turn|43
|
|switch|p2a: Gothitelletubby|Gothitelle, M|344\/344 slp
|move|p1a: Skarmory|Defog|p2a: Gothitelletubby
|-unboost|p2a: Gothitelletubby|evasion|1
|-sideend|p1: lil manaphy|Stealth Rock|[from] move: Defog|[of] p1a: Skarmory
|
|turn|44
|
|switch|p1a: Scizor|Scizor-Mega, M|281\/281
|-curestatus|p2a: Gothitelletubby|slp
|move|p2a: Gothitelletubby|Taunt|p1a: Scizor
|-start|p1a: Scizor|move: Taunt
|
|turn|45
|
|switch|p2a: Metal Head|Skarmory, M|334\/334
|move|p1a: Scizor|Superpower|p2a: Metal Head
|-damage|p2a: Metal Head|243\/334
|-unboost|p1a: Scizor|atk|1
|-unboost|p1a: Scizor|def|1
|
|-heal|p2a: Metal Head|263\/334|[from] item: Leftovers
|turn|46
|
|switch|p1a: Chansey|Chansey, F|704\/704
|move|p2a: Metal Head|Stealth Rock|p1a: Chansey
|-sidestart|p1: lil manaphy|move: Stealth Rock
|
|-heal|p2a: Metal Head|283\/334|[from] item: Leftovers
|turn|47
|
|switch|p2a: Gothitelletubby|Gothitelle, M|344\/344
|move|p1a: Chansey|Thunder Wave|p2a: Gothitelletubby
|-status|p2a: Gothitelletubby|par
|
|turn|48
|
|move|p1a: Chansey|Stealth Rock|p2a: Gothitelletubby
|-sidestart|p2: SEXY GAMER DOG|move: Stealth Rock
|move|p2a: Gothitelletubby|Taunt|p1a: Chansey
|-start|p1a: Chansey|move: Taunt
|
|turn|49
|
|move|p1a: Chansey|Seismic Toss|p2a: Gothitelletubby
|-damage|p2a: Gothitelletubby|244\/344 par
|move|p2a: Gothitelletubby|Rest|p2a: Gothitelletubby
|-status|p2a: Gothitelletubby|slp
|-heal|p2a: Gothitelletubby|344\/344 slp|[silent]
|-status|p2a: Gothitelletubby|slp|[from] move: Rest
|
|turn|50
|
|cant|p2a: Gothitelletubby|slp
|move|p1a: Chansey|Seismic Toss|p2a: Gothitelletubby
|-damage|p2a: Gothitelletubby|244\/344 slp
|
|-heal|p2a: Gothitelletubby|265\/344 slp|[from] item: Leftovers
|turn|51
|
|cant|p2a: Gothitelletubby|slp
|move|p1a: Chansey|Seismic Toss|p2a: Gothitelletubby
|-damage|p2a: Gothitelletubby|165\/344 slp
|
|-heal|p2a: Gothitelletubby|186\/344 slp|[from] item: Leftovers
|-end|p1a: Chansey|move: Taunt
|turn|52
|
|-curestatus|p2a: Gothitelletubby|slp
|move|p2a: Gothitelletubby|Taunt|p1a: Chansey
|-start|p1a: Chansey|move: Taunt
|move|p1a: Chansey|Seismic Toss|p2a: Gothitelletubby
|-damage|p2a: Gothitelletubby|86\/344
|
|-heal|p2a: Gothitelletubby|107\/344|[from] item: Leftovers
|turn|53
|
|move|p2a: Gothitelletubby|Rest|p2a: Gothitelletubby
|-status|p2a: Gothitelletubby|slp
|-heal|p2a: Gothitelletubby|344\/344 slp|[silent]
|-status|p2a: Gothitelletubby|slp|[from] move: Rest
|move|p1a: Chansey|Seismic Toss|p2a: Gothitelletubby
|-damage|p2a: Gothitelletubby|244\/344 slp
|
|-heal|p2a: Gothitelletubby|265\/344 slp|[from] item: Leftovers
|turn|54
|
|cant|p2a: Gothitelletubby|slp
|move|p1a: Chansey|Seismic Toss|p2a: Gothitelletubby
|-damage|p2a: Gothitelletubby|165\/344 slp
|
|-heal|p2a: Gothitelletubby|186\/344 slp|[from] item: Leftovers
|-end|p1a: Chansey|move: Taunt
|turn|55
|
|cant|p2a: Gothitelletubby|slp
|move|p1a: Chansey|Seismic Toss|p2a: Gothitelletubby
|-damage|p2a: Gothitelletubby|86\/344 slp
|
|-heal|p2a: Gothitelletubby|107\/344 slp|[from] item: Leftovers
|turn|56
|
|-curestatus|p2a: Gothitelletubby|slp
|move|p2a: Gothitelletubby|Rest|p2a: Gothitelletubby
|-status|p2a: Gothitelletubby|slp
|-heal|p2a: Gothitelletubby|344\/344 slp|[silent]
|-status|p2a: Gothitelletubby|slp|[from] move: Rest
|move|p1a: Chansey|Seismic Toss|p2a: Gothitelletubby
|-damage|p2a: Gothitelletubby|244\/344 slp
|
|-heal|p2a: Gothitelletubby|265\/344 slp|[from] item: Leftovers
|turn|57
|
|cant|p2a: Gothitelletubby|slp
|move|p1a: Chansey|Seismic Toss|p2a: Gothitelletubby
|-damage|p2a: Gothitelletubby|165\/344 slp
|
|-heal|p2a: Gothitelletubby|186\/344 slp|[from] item: Leftovers
|turn|58
|
|cant|p2a: Gothitelletubby|slp
|move|p1a: Chansey|Seismic Toss|p2a: Gothitelletubby
|-damage|p2a: Gothitelletubby|86\/344 slp
|
|-heal|p2a: Gothitelletubby|107\/344 slp|[from] item: Leftovers
|turn|59
|
|-curestatus|p2a: Gothitelletubby|slp
|move|p2a: Gothitelletubby|Taunt|p1a: Chansey
|-start|p1a: Chansey|move: Taunt
|move|p1a: Chansey|Seismic Toss|p2a: Gothitelletubby
|-damage|p2a: Gothitelletubby|7\/344
|
|-heal|p2a: Gothitelletubby|28\/344|[from] item: Leftovers
|turn|60
|
|move|p2a: Gothitelletubby|Rest|p2a: Gothitelletubby
|-status|p2a: Gothitelletubby|slp
|-heal|p2a: Gothitelletubby|344\/344 slp|[silent]
|-status|p2a: Gothitelletubby|slp|[from] move: Rest
|move|p1a: Chansey|Seismic Toss|p2a: Gothitelletubby
|-damage|p2a: Gothitelletubby|244\/344 slp
|
|-heal|p2a: Gothitelletubby|265\/344 slp|[from] item: Leftovers
|turn|61
|
|cant|p2a: Gothitelletubby|slp
|move|p1a: Chansey|Seismic Toss|p2a: Gothitelletubby
|-damage|p2a: Gothitelletubby|165\/344 slp
|
|-heal|p2a: Gothitelletubby|186\/344 slp|[from] item: Leftovers
|-end|p1a: Chansey|move: Taunt
|turn|62
|
|cant|p2a: Gothitelletubby|slp
|move|p1a: Chansey|Seismic Toss|p2a: Gothitelletubby
|-damage|p2a: Gothitelletubby|86\/344 slp
|
|-heal|p2a: Gothitelletubby|107\/344 slp|[from] item: Leftovers
|turn|63
|
|-curestatus|p2a: Gothitelletubby|slp
|move|p2a: Gothitelletubby|Taunt|p1a: Chansey
|-start|p1a: Chansey|move: Taunt
|move|p1a: Chansey|Seismic Toss|p2a: Gothitelletubby
|-damage|p2a: Gothitelletubby|7\/344
|
|-heal|p2a: Gothitelletubby|28\/344|[from] item: Leftovers
|turn|64
|
|move|p2a: Gothitelletubby|Rest|p2a: Gothitelletubby
|-status|p2a: Gothitelletubby|slp
|-heal|p2a: Gothitelletubby|344\/344 slp|[silent]
|-status|p2a: Gothitelletubby|slp|[from] move: Rest
|move|p1a: Chansey|Seismic Toss|p2a: Gothitelletubby
|-damage|p2a: Gothitelletubby|244\/344 slp
|
|-heal|p2a: Gothitelletubby|265\/344 slp|[from] item: Leftovers
|turn|65
|
|cant|p2a: Gothitelletubby|slp
|move|p1a: Chansey|Seismic Toss|p2a: Gothitelletubby
|-damage|p2a: Gothitelletubby|165\/344 slp
|
|-heal|p2a: Gothitelletubby|186\/344 slp|[from] item: Leftovers
|-end|p1a: Chansey|move: Taunt
|turn|66
|
|cant|p2a: Gothitelletubby|slp
|move|p1a: Chansey|Seismic Toss|p2a: Gothitelletubby
|-damage|p2a: Gothitelletubby|86\/344 slp
|
|-heal|p2a: Gothitelletubby|107\/344 slp|[from] item: Leftovers
|turn|67
|
|-curestatus|p2a: Gothitelletubby|slp
|move|p2a: Gothitelletubby|Taunt|p1a: Chansey
|-start|p1a: Chansey|move: Taunt
|move|p1a: Chansey|Seismic Toss|p2a: Gothitelletubby
|-damage|p2a: Gothitelletubby|7\/344
|
|-heal|p2a: Gothitelletubby|28\/344|[from] item: Leftovers
|turn|68
|
|move|p2a: Gothitelletubby|Rest|p2a: Gothitelletubby
|-status|p2a: Gothitelletubby|slp
|-heal|p2a: Gothitelletubby|344\/344 slp|[silent]
|-status|p2a: Gothitelletubby|slp|[from] move: Rest
|move|p1a: Chansey|Seismic Toss|p2a: Gothitelletubby
|-damage|p2a: Gothitelletubby|244\/344 slp
|
|-heal|p2a: Gothitelletubby|265\/344 slp|[from] item: Leftovers
|turn|69
|
|cant|p2a: Gothitelletubby|slp
|move|p1a: Chansey|Seismic Toss|p2a: Gothitelletubby
|-damage|p2a: Gothitelletubby|165\/344 slp
|
|-heal|p2a: Gothitelletubby|186\/344 slp|[from] item: Leftovers
|-end|p1a: Chansey|move: Taunt
|turn|70
|
|cant|p2a: Gothitelletubby|slp
|move|p1a: Chansey|Thunder Wave|p2a: Gothitelletubby
|-fail|p2a: Gothitelletubby
|
|-heal|p2a: Gothitelletubby|207\/344 slp|[from] item: Leftovers
|turn|71
|
|-curestatus|p2a: Gothitelletubby|slp
|move|p2a: Gothitelletubby|Taunt|p1a: Chansey
|-start|p1a: Chansey|move: Taunt
|move|p1a: Chansey|Seismic Toss|p2a: Gothitelletubby
|-damage|p2a: Gothitelletubby|107\/344
|
|-heal|p2a: Gothitelletubby|128\/344|[from] item: Leftovers
|turn|72
|
|move|p2a: Gothitelletubby|Rest|p2a: Gothitelletubby
|-status|p2a: Gothitelletubby|slp
|-heal|p2a: Gothitelletubby|344\/344 slp|[silent]
|-status|p2a: Gothitelletubby|slp|[from] move: Rest
|move|p1a: Chansey|Seismic Toss|p2a: Gothitelletubby
|-damage|p2a: Gothitelletubby|244\/344 slp
|
|-heal|p2a: Gothitelletubby|265\/344 slp|[from] item: Leftovers
|turn|73
|
|cant|p2a: Gothitelletubby|slp
|move|p1a: Chansey|Seismic Toss|p2a: Gothitelletubby
|-damage|p2a: Gothitelletubby|165\/344 slp
|
|-heal|p2a: Gothitelletubby|186\/344 slp|[from] item: Leftovers
|-end|p1a: Chansey|move: Taunt
|turn|74
|
|cant|p2a: Gothitelletubby|slp
|move|p1a: Chansey|Seismic Toss|p2a: Gothitelletubby
|-damage|p2a: Gothitelletubby|86\/344 slp
|
|-heal|p2a: Gothitelletubby|107\/344 slp|[from] item: Leftovers
|turn|75
|
|-curestatus|p2a: Gothitelletubby|slp
|move|p2a: Gothitelletubby|Taunt|p1a: Chansey
|-start|p1a: Chansey|move: Taunt
|move|p1a: Chansey|Seismic Toss|p2a: Gothitelletubby
|-damage|p2a: Gothitelletubby|7\/344
|
|-heal|p2a: Gothitelletubby|28\/344|[from] item: Leftovers
|turn|76
|
|move|p2a: Gothitelletubby|Rest|p2a: Gothitelletubby
|-status|p2a: Gothitelletubby|slp
|-heal|p2a: Gothitelletubby|344\/344 slp|[silent]
|-status|p2a: Gothitelletubby|slp|[from] move: Rest
|move|p1a: Chansey|Seismic Toss|p2a: Gothitelletubby
|-damage|p2a: Gothitelletubby|244\/344 slp
|
|-heal|p2a: Gothitelletubby|265\/344 slp|[from] item: Leftovers
|turn|77
|
|cant|p2a: Gothitelletubby|slp
|move|p1a: Chansey|Seismic Toss|p2a: Gothitelletubby
|-damage|p2a: Gothitelletubby|165\/344 slp
|
|-heal|p2a: Gothitelletubby|186\/344 slp|[from] item: Leftovers
|-end|p1a: Chansey|move: Taunt
|turn|78
|
|cant|p2a: Gothitelletubby|slp
|move|p1a: Chansey|Seismic Toss|p2a: Gothitelletubby
|-damage|p2a: Gothitelletubby|86\/344 slp
|
|-heal|p2a: Gothitelletubby|107\/344 slp|[from] item: Leftovers
|turn|79
|
|-curestatus|p2a: Gothitelletubby|slp
|move|p2a: Gothitelletubby|Taunt|p1a: Chansey
|-start|p1a: Chansey|move: Taunt
|cant|p1a: Chansey|move: Taunt|Thunder Wave
|
|-heal|p2a: Gothitelletubby|128\/344|[from] item: Leftovers
|turn|80
|
|move|p2a: Gothitelletubby|Rest|p2a: Gothitelletubby
|-status|p2a: Gothitelletubby|slp
|-heal|p2a: Gothitelletubby|344\/344 slp|[silent]
|-status|p2a: Gothitelletubby|slp|[from] move: Rest
|move|p1a: Chansey|Seismic Toss|p2a: Gothitelletubby
|-damage|p2a: Gothitelletubby|244\/344 slp
|
|-heal|p2a: Gothitelletubby|265\/344 slp|[from] item: Leftovers
|turn|81
|
|cant|p2a: Gothitelletubby|slp
|move|p1a: Chansey|Seismic Toss|p2a: Gothitelletubby
|-damage|p2a: Gothitelletubby|165\/344 slp
|
|-heal|p2a: Gothitelletubby|186\/344 slp|[from] item: Leftovers
|-end|p1a: Chansey|move: Taunt
|turn|82
|
|cant|p2a: Gothitelletubby|slp
|move|p1a: Chansey|Seismic Toss|p2a: Gothitelletubby
|-damage|p2a: Gothitelletubby|86\/344 slp
|
|-heal|p2a: Gothitelletubby|107\/344 slp|[from] item: Leftovers
|turn|83
|
|-curestatus|p2a: Gothitelletubby|slp
|move|p2a: Gothitelletubby|Taunt|p1a: Chansey
|-start|p1a: Chansey|move: Taunt
|cant|p1a: Chansey|move: Taunt|Thunder Wave
|
|-heal|p2a: Gothitelletubby|128\/344|[from] item: Leftovers
|turn|84
|
|move|p2a: Gothitelletubby|Taunt|p1a: Chansey
|-fail|p1a: Chansey
|-activate|p1a: Chansey|move: Struggle
|move|p1a: Chansey|Struggle|p2a: Gothitelletubby
|-damage|p2a: Gothitelletubby|121\/344
|-damage|p1a: Chansey|528\/704
|
|-heal|p2a: Gothitelletubby|142\/344|[from] item: Leftovers
|turn|85
|
|move|p2a: Gothitelletubby|Rest|p2a: Gothitelletubby
|-status|p2a: Gothitelletubby|slp
|-heal|p2a: Gothitelletubby|344\/344 slp|[silent]
|-status|p2a: Gothitelletubby|slp|[from] move: Rest
|-activate|p1a: Chansey|move: Struggle
|move|p1a: Chansey|Struggle|p2a: Gothitelletubby
|-damage|p2a: Gothitelletubby|337\/344 slp
|-damage|p1a: Chansey|352\/704
|
|-heal|p2a: Gothitelletubby|344\/344 slp|[from] item: Leftovers
|-end|p1a: Chansey|move: Taunt
|turn|86
|
|cant|p2a: Gothitelletubby|slp
|move|p1a: Chansey|Soft-Boiled|p1a: Chansey
|-heal|p1a: Chansey|704\/704
|
|turn|87
|
|cant|p2a: Gothitelletubby|slp
|move|p1a: Chansey|Stealth Rock|p2a: Gothitelletubby
|-fail|p2a: Gothitelletubby
|
|turn|88
|
|-curestatus|p2a: Gothitelletubby|slp
|move|p2a: Gothitelletubby|Taunt|p1a: Chansey
|-start|p1a: Chansey|move: Taunt
|cant|p1a: Chansey|move: Taunt|Stealth Rock
|
|turn|89
|
|move|p2a: Gothitelletubby|Psychic|p1a: Chansey
|-damage|p1a: Chansey|635\/704
|-activate|p1a: Chansey|move: Struggle
|move|p1a: Chansey|Struggle|p2a: Gothitelletubby
|-damage|p2a: Gothitelletubby|337\/344
|-damage|p1a: Chansey|459\/704
|
|-heal|p2a: Gothitelletubby|344\/344|[from] item: Leftovers
|turn|90
|
|move|p2a: Gothitelletubby|Psychic|p1a: Chansey
|-damage|p1a: Chansey|387\/704
|-activate|p1a: Chansey|move: Struggle
|move|p1a: Chansey|Struggle|p2a: Gothitelletubby
|-damage|p2a: Gothitelletubby|337\/344
|-damage|p1a: Chansey|211\/704
|
|-heal|p2a: Gothitelletubby|344\/344|[from] item: Leftovers
|-end|p1a: Chansey|move: Taunt
|turn|91
|
|move|p2a: Gothitelletubby|Psychic|p1a: Chansey
|-damage|p1a: Chansey|142\/704
|move|p1a: Chansey|Soft-Boiled|p1a: Chansey
|-heal|p1a: Chansey|494\/704
|
|turn|92
|
|move|p2a: Gothitelletubby|Taunt|p1a: Chansey
|-start|p1a: Chansey|move: Taunt
|cant|p1a: Chansey|move: Taunt|Soft-Boiled
|
|turn|93
|
|move|p2a: Gothitelletubby|Psychic|p1a: Chansey
|-damage|p1a: Chansey|434\/704
|-activate|p1a: Chansey|move: Struggle
|move|p1a: Chansey|Struggle|p2a: Gothitelletubby
|-damage|p2a: Gothitelletubby|337\/344
|-damage|p1a: Chansey|258\/704
|
|-heal|p2a: Gothitelletubby|344\/344|[from] item: Leftovers
|turn|94
|
|move|p2a: Gothitelletubby|Psychic|p1a: Chansey
|-damage|p1a: Chansey|191\/704
|-activate|p1a: Chansey|move: Struggle
|move|p1a: Chansey|Struggle|p2a: Gothitelletubby
|-damage|p2a: Gothitelletubby|337\/344
|-damage|p1a: Chansey|15\/704
|
|-heal|p2a: Gothitelletubby|344\/344|[from] item: Leftovers
|-end|p1a: Chansey|move: Taunt
|turn|95
|
|move|p2a: Gothitelletubby|Taunt|p1a: Chansey
|-start|p1a: Chansey|move: Taunt
|cant|p1a: Chansey|move: Taunt|Soft-Boiled
|
|turn|96
|
|move|p2a: Gothitelletubby|Psychic|p1a: Chansey
|-damage|p1a: Chansey|0 fnt
|faint|p1a: Chansey
|
|
|switch|p1a: Gothitelle|Gothitelle, F|301\/301
|-damage|p1a: Gothitelle|264\/301|[from] Stealth Rock
|turn|97
|
|move|p1a: Gothitelle|Trick|p2a: Gothitelletubby
|-activate|p1a: Gothitelle|move: Trick|[of] p2a: Gothitelletubby
|-item|p2a: Gothitelletubby|Choice Scarf|[from] move: Trick
|-item|p1a: Gothitelle|Leftovers|[from] move: Trick
|move|p2a: Gothitelletubby|Trick|p1a: Gothitelle
|-activate|p2a: Gothitelletubby|move: Trick|[of] p1a: Gothitelle
|-item|p1a: Gothitelle|Choice Scarf|[from] move: Trick
|-item|p2a: Gothitelletubby|Leftovers|[from] move: Trick
|
|turn|98
|
|switch|p2a: Grasshole|Amoonguss, F|432\/432
|-damage|p2a: Grasshole|378\/432|[from] Stealth Rock
|move|p1a: Gothitelle|Trick|p2a: Grasshole
|-activate|p1a: Gothitelle|move: Trick|[of] p2a: Grasshole
|-item|p2a: Grasshole|Choice Scarf|[from] move: Trick
|-item|p1a: Gothitelle|Black Sludge|[from] move: Trick
|
|-damage|p1a: Gothitelle|227\/301|[from] item: Black Sludge
|turn|99
|
|move|p1a: Gothitelle|Calm Mind|p1a: Gothitelle
|-boost|p1a: Gothitelle|spa|1
|-boost|p1a: Gothitelle|spd|1
|move|p2a: Grasshole|Spore|p1a: Gothitelle
|-status|p1a: Gothitelle|slp
|
|-damage|p1a: Gothitelle|190\/301 slp|[from] item: Black Sludge
|turn|100
|
|cant|p1a: Gothitelle|slp
|move|p2a: Grasshole|Spore|p1a: Gothitelle
|-fail|p1a: Gothitelle|slp
|
|-damage|p1a: Gothitelle|153\/301 slp|[from] item: Black Sludge
|turn|101
|
|cant|p1a: Gothitelle|slp
|move|p2a: Grasshole|Spore|p1a: Gothitelle
|-fail|p1a: Gothitelle|slp
|
|-damage|p1a: Gothitelle|116\/301 slp|[from] item: Black Sludge
|turn|102
|
|cant|p1a: Gothitelle|slp
|move|p2a: Grasshole|Spore|p1a: Gothitelle
|-fail|p1a: Gothitelle|slp
|
|-damage|p1a: Gothitelle|79\/301 slp|[from] item: Black Sludge
|turn|103
|
|-curestatus|p1a: Gothitelle|slp
|move|p1a: Gothitelle|Rest|p1a: Gothitelle
|-status|p1a: Gothitelle|slp
|-heal|p1a: Gothitelle|301\/301 slp|[silent]
|-status|p1a: Gothitelle|slp|[from] move: Rest
|move|p2a: Grasshole|Spore|p1a: Gothitelle
|-fail|p1a: Gothitelle|slp
|
|-damage|p1a: Gothitelle|264\/301 slp|[from] item: Black Sludge
|turn|104
|
|cant|p1a: Gothitelle|slp
|move|p2a: Grasshole|Spore|p1a: Gothitelle
|-fail|p1a: Gothitelle|slp
|
|-damage|p1a: Gothitelle|227\/301 slp|[from] item: Black Sludge
|turn|105
|
|cant|p1a: Gothitelle|slp
|move|p2a: Grasshole|Spore|p1a: Gothitelle
|-fail|p1a: Gothitelle|slp
|
|-damage|p1a: Gothitelle|190\/301 slp|[from] item: Black Sludge
|turn|106
|
|-curestatus|p1a: Gothitelle|slp
|move|p1a: Gothitelle|Calm Mind|p1a: Gothitelle
|-boost|p1a: Gothitelle|spa|1
|-boost|p1a: Gothitelle|spd|1
|move|p2a: Grasshole|Spore|p1a: Gothitelle
|-status|p1a: Gothitelle|slp
|
|-damage|p1a: Gothitelle|153\/301 slp|[from] item: Black Sludge
|turn|107
|
|cant|p1a: Gothitelle|slp
|move|p2a: Grasshole|Spore|p1a: Gothitelle
|-fail|p1a: Gothitelle|slp
|
|-damage|p1a: Gothitelle|116\/301 slp|[from] item: Black Sludge
|turn|108
|
|-curestatus|p1a: Gothitelle|slp
|move|p1a: Gothitelle|Rest|p1a: Gothitelle
|-status|p1a: Gothitelle|slp
|-heal|p1a: Gothitelle|301\/301 slp|[silent]
|-status|p1a: Gothitelle|slp|[from] move: Rest
|move|p2a: Grasshole|Spore|p1a: Gothitelle
|-fail|p1a: Gothitelle|slp
|
|-damage|p1a: Gothitelle|264\/301 slp|[from] item: Black Sludge
|turn|109
|
|cant|p1a: Gothitelle|slp
|move|p2a: Grasshole|Spore|p1a: Gothitelle
|-fail|p1a: Gothitelle|slp
|
|-damage|p1a: Gothitelle|227\/301 slp|[from] item: Black Sludge
|turn|110
|
|cant|p1a: Gothitelle|slp
|move|p2a: Grasshole|Spore|p1a: Gothitelle
|-fail|p1a: Gothitelle|slp
|
|-damage|p1a: Gothitelle|190\/301 slp|[from] item: Black Sludge
|turn|111
|
|-curestatus|p1a: Gothitelle|slp
|move|p1a: Gothitelle|Calm Mind|p1a: Gothitelle
|-boost|p1a: Gothitelle|spa|1
|-boost|p1a: Gothitelle|spd|1
|move|p2a: Grasshole|Spore|p1a: Gothitelle
|-status|p1a: Gothitelle|slp
|
|-damage|p1a: Gothitelle|153\/301 slp|[from] item: Black Sludge
|turn|112
|
|cant|p1a: Gothitelle|slp
|move|p2a: Grasshole|Spore|p1a: Gothitelle
|-fail|p1a: Gothitelle|slp
|
|-damage|p1a: Gothitelle|116\/301 slp|[from] item: Black Sludge
|turn|113
|
|cant|p1a: Gothitelle|slp
|move|p2a: Grasshole|Spore|p1a: Gothitelle
|-fail|p1a: Gothitelle|slp
|
|-damage|p1a: Gothitelle|79\/301 slp|[from] item: Black Sludge
|turn|114
|
|-curestatus|p1a: Gothitelle|slp
|move|p1a: Gothitelle|Rest|p1a: Gothitelle
|-status|p1a: Gothitelle|slp
|-heal|p1a: Gothitelle|301\/301 slp|[silent]
|-status|p1a: Gothitelle|slp|[from] move: Rest
|move|p2a: Grasshole|Spore|p1a: Gothitelle
|-fail|p1a: Gothitelle|slp
|
|-damage|p1a: Gothitelle|264\/301 slp|[from] item: Black Sludge
|turn|115
|
|cant|p1a: Gothitelle|slp
|move|p2a: Grasshole|Spore|p1a: Gothitelle
|-fail|p1a: Gothitelle|slp
|
|-damage|p1a: Gothitelle|227\/301 slp|[from] item: Black Sludge
|turn|116
|
|cant|p1a: Gothitelle|slp
|move|p2a: Grasshole|Spore|p1a: Gothitelle
|-fail|p1a: Gothitelle|slp
|
|-damage|p1a: Gothitelle|190\/301 slp|[from] item: Black Sludge
|turn|117
|
|-curestatus|p1a: Gothitelle|slp
|move|p1a: Gothitelle|Calm Mind|p1a: Gothitelle
|-boost|p1a: Gothitelle|spa|1
|-boost|p1a: Gothitelle|spd|1
|move|p2a: Grasshole|Spore|p1a: Gothitelle
|-status|p1a: Gothitelle|slp
|
|-damage|p1a: Gothitelle|153\/301 slp|[from] item: Black Sludge
|turn|118
|
|cant|p1a: Gothitelle|slp
|move|p2a: Grasshole|Spore|p1a: Gothitelle
|-fail|p1a: Gothitelle|slp
|
|-damage|p1a: Gothitelle|116\/301 slp|[from] item: Black Sludge
|turn|119
|
|cant|p1a: Gothitelle|slp
|move|p2a: Grasshole|Spore|p1a: Gothitelle
|-fail|p1a: Gothitelle|slp
|
|-damage|p1a: Gothitelle|79\/301 slp|[from] item: Black Sludge
|turn|120
|
|-curestatus|p1a: Gothitelle|slp
|move|p1a: Gothitelle|Rest|p1a: Gothitelle
|-status|p1a: Gothitelle|slp
|-heal|p1a: Gothitelle|301\/301 slp|[silent]
|-status|p1a: Gothitelle|slp|[from] move: Rest
|move|p2a: Grasshole|Spore|p1a: Gothitelle
|-fail|p1a: Gothitelle|slp
|
|-damage|p1a: Gothitelle|264\/301 slp|[from] item: Black Sludge
|turn|121
|
|cant|p1a: Gothitelle|slp
|move|p2a: Grasshole|Spore|p1a: Gothitelle
|-fail|p1a: Gothitelle|slp
|
|-damage|p1a: Gothitelle|227\/301 slp|[from] item: Black Sludge
|turn|122
|
|cant|p1a: Gothitelle|slp
|move|p2a: Grasshole|Spore|p1a: Gothitelle
|-fail|p1a: Gothitelle|slp
|
|-damage|p1a: Gothitelle|190\/301 slp|[from] item: Black Sludge
|turn|123
|
|-curestatus|p1a: Gothitelle|slp
|move|p1a: Gothitelle|Calm Mind|p1a: Gothitelle
|-boost|p1a: Gothitelle|spa|1
|-boost|p1a: Gothitelle|spd|1
|-activate|p2a: Grasshole|move: Struggle
|move|p2a: Grasshole|Struggle|p1a: Gothitelle
|-damage|p1a: Gothitelle|159\/301
|-damage|p2a: Grasshole|270\/432
|
|-damage|p1a: Gothitelle|122\/301|[from] item: Black Sludge
|turn|124
|
|move|p1a: Gothitelle|Calm Mind|p1a: Gothitelle
|-boost|p1a: Gothitelle|spa|1
|-boost|p1a: Gothitelle|spd|1
|-activate|p2a: Grasshole|move: Struggle
|move|p2a: Grasshole|Struggle|p1a: Gothitelle
|-damage|p1a: Gothitelle|90\/301
|-damage|p2a: Grasshole|162\/432
|
|-damage|p1a: Gothitelle|53\/301|[from] item: Black Sludge
|turn|125
|
|move|p1a: Gothitelle|Rest|p1a: Gothitelle
|-status|p1a: Gothitelle|slp
|-heal|p1a: Gothitelle|301\/301 slp|[silent]
|-status|p1a: Gothitelle|slp|[from] move: Rest
|-activate|p2a: Grasshole|move: Struggle
|move|p2a: Grasshole|Struggle|p1a: Gothitelle
|-damage|p1a: Gothitelle|267\/301 slp
|-damage|p2a: Grasshole|54\/432
|
|-damage|p1a: Gothitelle|230\/301 slp|[from] item: Black Sludge
|turn|126
|
|cant|p1a: Gothitelle|slp
|-activate|p2a: Grasshole|move: Struggle
|move|p2a: Grasshole|Struggle|p1a: Gothitelle
|-damage|p1a: Gothitelle|199\/301 slp
|-damage|p2a: Grasshole|0 fnt
|faint|p2a: Grasshole
|
|-damage|p1a: Gothitelle|162\/301 slp|[from] item: Black Sludge
|leave|dragonrage00
|
|switch|p2a: Manzard|Charizard-Mega-Y, F|223\/323 tox
|-damage|p2a: Manzard|62\/323 tox|[from] Stealth Rock
|-weather|SunnyDay
|turn|127
|
|move|p2a: Manzard|Flamethrower|p1a: Gothitelle
|-crit|p1a: Gothitelle
|-damage|p1a: Gothitelle|0 fnt
|faint|p1a: Gothitelle
|
|-weather|SunnyDay|[upkeep]
|-damage|p2a: Manzard|42\/323 tox|[from] psn
|
|switch|p1a: Scizor|Scizor-Mega, M|281\/281
|-damage|p1a: Scizor|246\/281|[from] Stealth Rock
|turn|128
|
|move|p1a: Scizor|Bullet Punch|p2a: Manzard
|-resisted|p2a: Manzard
|-damage|p2a: Manzard|0 fnt
|faint|p2a: Manzard
|
|-weather|SunnyDay|[upkeep]
|
|switch|p2a: Metal Head|Skarmory, M|283\/334
|-damage|p2a: Metal Head|242\/334|[from] Stealth Rock
|turn|129
|
|move|p1a: Scizor|Swords Dance|p1a: Scizor
|-boost|p1a: Scizor|atk|2
|move|p2a: Metal Head|Defog|p1a: Scizor
|-unboost|p1a: Scizor|evasion|1
|-sideend|p1: lil manaphy|Stealth Rock|[from] move: Defog|[of] p1a: Scizor
|-sideend|p2: SEXY GAMER DOG|Stealth Rock|[from] move: Defog|[of] p2a: Metal Head
|
|-weather|SunnyDay|[upkeep]
|-heal|p2a: Metal Head|262\/334|[from] item: Leftovers
|turn|130
|
|move|p1a: Scizor|Superpower|p2a: Metal Head
|-damage|p2a: Metal Head|59\/334
|-unboost|p1a: Scizor|atk|1
|-unboost|p1a: Scizor|def|1
|move|p2a: Metal Head|Stealth Rock|p1a: Scizor
|-sidestart|p1: lil manaphy|move: Stealth Rock
|
|-weather|SunnyDay|[upkeep]
|-heal|p2a: Metal Head|79\/334|[from] item: Leftovers
|turn|131
|
|move|p1a: Scizor|Superpower|p2a: Metal Head
|-damage|p2a: Metal Head|0 fnt
|-unboost|p1a: Scizor|atk|1
|-unboost|p1a: Scizor|def|1
|faint|p2a: Metal Head
|
|-weather|none
|
|switch|p2a: Quagmire|Quagsire, F|394\/394
|turn|132
|
|switch|p1a: Alomomola|Alomomola, M|534\/534
|-damage|p1a: Alomomola|468\/534|[from] Stealth Rock
|move|p2a: Quagmire|Scald|p1a: Alomomola
|-resisted|p1a: Alomomola
|-damage|p1a: Alomomola|408\/534
|
|-heal|p1a: Alomomola|441\/534|[from] item: Leftovers
|turn|133
|
|switch|p1a: Skarmory|Skarmory, F|334\/334
|-damage|p1a: Skarmory|293\/334|[from] Stealth Rock
|switch|p2a: Gothitelletubby|Gothitelle, M|344\/344
|
|turn|134
|
|move|p2a: Gothitelletubby|Taunt|p1a: Skarmory
|-start|p1a: Skarmory|move: Taunt
|cant|p1a: Skarmory|move: Taunt|Taunt
|
|turn|135
|
|switch|p1a: Scizor|Scizor-Mega, M|246\/281
|-damage|p1a: Scizor|211\/281|[from] Stealth Rock
|move|p2a: Gothitelletubby|Psychic|p1a: Scizor
|-resisted|p1a: Scizor
|-damage|p1a: Scizor|160\/281
|-unboost|p1a: Scizor|spd|1
|
|turn|136
|
|switch|p2a: Quagmire|Quagsire, F|394\/394
|move|p1a: Scizor|Bug Bite|p2a: Quagmire
|-damage|p2a: Quagmire|246\/394
|
|-heal|p2a: Quagmire|270\/394|[from] item: Leftovers
|turn|137
|
|switch|p1a: Skarmory|Skarmory, F|293\/334
|-damage|p1a: Skarmory|252\/334|[from] Stealth Rock
|move|p2a: Quagmire|Recover|p2a: Quagmire
|-heal|p2a: Quagmire|394\/394
|
|turn|138
|
|switch|p2a: Gothitelletubby|Gothitelle, M|344\/344
|move|p1a: Skarmory|Defog|p2a: Gothitelletubby
|-unboost|p2a: Gothitelletubby|evasion|1
|-sideend|p1: lil manaphy|Stealth Rock|[from] move: Defog|[of] p1a: Skarmory
|
|turn|139
|
|switch|p1a: Cresselia|Cresselia, F|444\/444
|move|p2a: Gothitelletubby|Psychic|p1a: Cresselia
|-resisted|p1a: Cresselia
|-damage|p1a: Cresselia|414\/444
|
|turn|140
|
|move|p1a: Cresselia|Skill Swap|p2a: Gothitelletubby
|-activate|p1a: Cresselia|move: Skill Swap|Shadow Tag|Levitate|[of] p2a: Gothitelletubby
|move|p2a: Gothitelletubby|Taunt|p1a: Cresselia
|-start|p1a: Cresselia|move: Taunt
|
|turn|141
|
|switch|p1a: Alomomola|Alomomola, M|534\/534
|move|p2a: Gothitelletubby|Psychic|p1a: Alomomola
|-damage|p1a: Alomomola|359\/534
|
|-heal|p1a: Alomomola|392\/534|[from] item: Leftovers
|turn|142
|
|move|p2a: Gothitelletubby|Taunt|p1a: Alomomola
|-start|p1a: Alomomola|move: Taunt
|cant|p1a: Alomomola|move: Taunt|Toxic
|
|-heal|p1a: Alomomola|425\/534|[from] item: Leftovers
|turn|143
|
|switch|p2a: Queen of Twerk|Chansey, F|646\/704
|move|p1a: Alomomola|Scald|p2a: Queen of Twerk
|-damage|p2a: Queen of Twerk|616\/704
|
|-heal|p1a: Alomomola|458\/534|[from] item: Leftovers
|turn|144
|
|switch|p2a: Quagmire|Quagsire, F|394\/394
|move|p1a: Alomomola|Scald|p2a: Quagmire
|-damage|p2a: Quagmire|322\/394
|
|-heal|p1a: Alomomola|491\/534|[from] item: Leftovers
|-heal|p2a: Quagmire|346\/394|[from] item: Leftovers
|-end|p1a: Alomomola|move: Taunt
|turn|145
|
|switch|p1a: Cresselia|Cresselia, F|414\/444
|switch|p2a: Gothitelletubby|Gothitelle, M|344\/344
|
|turn|146
|
|switch|p2a: Queen of Twerk|Chansey, F|616\/704
|move|p1a: Cresselia|Skill Swap|p2a: Queen of Twerk
|-activate|p1a: Cresselia|move: Skill Swap|Natural Cure|Levitate|[of] p2a: Queen of Twerk
|
|turn|147
|
|switch|p1a: Scizor|Scizor-Mega, M|160\/281
|switch|p2a: Quagmire|Quagsire, F|346\/394
|
|-heal|p2a: Quagmire|370\/394|[from] item: Leftovers
|turn|148
|
|switch|p1a: Alomomola|Alomomola, M|534\/534
|move|p2a: Quagmire|Scald|p1a: Alomomola
|-resisted|p1a: Alomomola
|-damage|p1a: Alomomola|471\/534
|-status|p1a: Alomomola|brn
|
|-heal|p1a: Alomomola|504\/534 brn|[from] item: Leftovers
|-heal|p2a: Quagmire|394\/394|[from] item: Leftovers
|-damage|p1a: Alomomola|438\/534 brn|[from] brn
|turn|149
|
|switch|p2a: Gothitelletubby|Gothitelle, M|344\/344
|move|p1a: Alomomola|Toxic|p2a: Gothitelletubby
|-status|p2a: Gothitelletubby|tox
|
|-heal|p1a: Alomomola|471\/534 brn|[from] item: Leftovers
|-damage|p2a: Gothitelletubby|323\/344 tox|[from] psn
|-damage|p1a: Alomomola|405\/534 brn|[from] brn
|turn|150
|
|move|p2a: Gothitelletubby|Taunt|p1a: Alomomola
|-start|p1a: Alomomola|move: Taunt
|cant|p1a: Alomomola|move: Taunt|Wish
|
|-heal|p2a: Gothitelletubby|344\/344 tox|[from] item: Leftovers
|-heal|p1a: Alomomola|438\/534 brn|[from] item: Leftovers
|-damage|p2a: Gothitelletubby|302\/344 tox|[from] psn
|-damage|p1a: Alomomola|372\/534 brn|[from] brn
|turn|151
|
|move|p2a: Gothitelletubby|Rest|p2a: Gothitelletubby
|-status|p2a: Gothitelletubby|slp
|-heal|p2a: Gothitelletubby|344\/344 slp|[silent]
|-status|p2a: Gothitelletubby|slp|[from] move: Rest
|move|p1a: Alomomola|Scald|p2a: Gothitelletubby
|-damage|p2a: Gothitelletubby|304\/344 slp
|
|-heal|p2a: Gothitelletubby|325\/344 slp|[from] item: Leftovers
|-heal|p1a: Alomomola|405\/534 brn|[from] item: Leftovers
|-damage|p1a: Alomomola|339\/534 brn|[from] brn
|turn|152
|
|cant|p2a: Gothitelletubby|slp
|move|p1a: Alomomola|Scald|p2a: Gothitelletubby
|-damage|p2a: Gothitelletubby|285\/344 slp
|
|-heal|p2a: Gothitelletubby|306\/344 slp|[from] item: Leftovers
|-heal|p1a: Alomomola|372\/534 brn|[from] item: Leftovers
|-damage|p1a: Alomomola|306\/534 brn|[from] brn
|-end|p1a: Alomomola|move: Taunt
|turn|153
|
|cant|p2a: Gothitelletubby|slp
|move|p1a: Alomomola|Wish|p1a: Alomomola
|
|-heal|p2a: Gothitelletubby|327\/344 slp|[from] item: Leftovers
|-heal|p1a: Alomomola|339\/534 brn|[from] item: Leftovers
|-damage|p1a: Alomomola|273\/534 brn|[from] brn
|turn|154
|
|-curestatus|p2a: Gothitelletubby|slp
|move|p2a: Gothitelletubby|Taunt|p1a: Alomomola
|-start|p1a: Alomomola|move: Taunt
|move|p1a: Alomomola|Scald|p2a: Gothitelletubby
|-damage|p2a: Gothitelletubby|281\/344
|
|-heal|p1a: Alomomola|534\/534 brn|[from] move: Wish|[wisher] Alomomola
|-heal|p2a: Gothitelletubby|302\/344|[from] item: Leftovers
|-damage|p1a: Alomomola|468\/534 brn|[from] brn
|turn|155
|
|move|p2a: Gothitelletubby|Psychic|p1a: Alomomola
|-damage|p1a: Alomomola|279\/534 brn
|move|p1a: Alomomola|Scald|p2a: Gothitelletubby
|-damage|p2a: Gothitelletubby|259\/344
|
|-heal|p2a: Gothitelletubby|280\/344|[from] item: Leftovers
|-heal|p1a: Alomomola|312\/534 brn|[from] item: Leftovers
|-damage|p1a: Alomomola|246\/534 brn|[from] brn
|turn|156
|
|move|p2a: Gothitelletubby|Psychic|p1a: Alomomola
|-damage|p1a: Alomomola|50\/534 brn
|move|p1a: Alomomola|Scald|p2a: Gothitelletubby
|-damage|p2a: Gothitelletubby|235\/344
|
|-heal|p2a: Gothitelletubby|256\/344|[from] item: Leftovers
|-heal|p1a: Alomomola|83\/534 brn|[from] item: Leftovers
|-damage|p1a: Alomomola|17\/534 brn|[from] brn
|-end|p1a: Alomomola|move: Taunt
|turn|157
|
|move|p2a: Gothitelletubby|Psychic|p1a: Alomomola
|-damage|p1a: Alomomola|0 fnt
|faint|p1a: Alomomola
|
|-heal|p2a: Gothitelletubby|277\/344|[from] item: Leftovers
|
|switch|p1a: Scizor|Scizor-Mega, M|160\/281
|turn|158
|
|switch|p2a: Quagmire|Quagsire, F|394\/394
|move|p1a: Scizor|Bug Bite|p2a: Quagmire
|-damage|p2a: Quagmire|240\/394
|
|-heal|p2a: Quagmire|264\/394|[from] item: Leftovers
|turn|159
|join|foggot
|
|switch|p1a: Skarmory|Skarmory, F|252\/334
|move|p2a: Quagmire|Recover|p2a: Quagmire
|-heal|p2a: Quagmire|394\/394
|
|turn|160
|
|move|p1a: Skarmory|Taunt|p2a: Quagmire
|-start|p2a: Quagmire|move: Taunt
|move|p2a: Quagmire|Scald|p1a: Skarmory
|-damage|p1a: Skarmory|167\/334
|-status|p1a: Skarmory|brn
|
|-damage|p1a: Skarmory|126\/334 brn|[from] brn
|turn|161
|join|Raik
|
|move|p1a: Skarmory|Roost|p1a: Skarmory
|-heal|p1a: Skarmory|293\/334 brn
|move|p2a: Quagmire|Scald|p1a: Skarmory
|-damage|p1a: Skarmory|206\/334 brn
|
|-damage|p1a: Skarmory|165\/334 brn|[from] brn
|turn|162
|join|IamTestChow
|
|switch|p1a: Cresselia|Cresselia, F|414\/444
|move|p2a: Quagmire|Earthquake|p1a: Cresselia
|-immune|p1a: Cresselia|[msg]
|
|-end|p2a: Quagmire|move: Taunt
|turn|163
|join|Sweqfeq
|
|switch|p2a: Queen of Twerk|Chansey, F|616\/704
|move|p1a: Cresselia|Skill Swap|p2a: Queen of Twerk
|-activate|p1a: Cresselia|move: Skill Swap|Natural Cure|Levitate|[of] p2a: Queen of Twerk
|
|turn|164
|
|switch|p1a: Scizor|Scizor-Mega, M|160\/281
|move|p2a: Queen of Twerk|Seismic Toss|p1a: Scizor
|-damage|p1a: Scizor|60\/281
|
|turn|165
|c| Raik|is this tourney?
|
|switch|p2a: Quagmire|Quagsire, F|394\/394
|move|p1a: Scizor|Superpower|p2a: Quagmire
|-damage|p2a: Quagmire|253\/394
|-unboost|p1a: Scizor|atk|1
|-unboost|p1a: Scizor|def|1
|
|-heal|p2a: Quagmire|277\/394|[from] item: Leftovers
|turn|166
|
|move|p1a: Scizor|Bug Bite|p2a: Quagmire
|-damage|p2a: Quagmire|109\/394
|move|p2a: Quagmire|Scald|p1a: Scizor
|-crit|p1a: Scizor
|-damage|p1a: Scizor|0 fnt
|faint|p1a: Scizor
|
|-heal|p2a: Quagmire|133\/394|[from] item: Leftovers
|-message|lil manaphy forfeited.
|
|win|SEXY GAMER DOG
|raw|Ladder updating...
|leave|lil manaphy
|player|p1
|raw|lil manaphy's rating: 1949 &rarr; <strong>1918<\/strong><br \/>(-31 for losing)
|raw|SEXY GAMER DOG's rating: 1709 &rarr; <strong>1741<\/strong><br \/>(+32 for winning)
|leave|IamTestChow
|leave|foggot
|leave|Raik
|leave|Sweqfeq