|join|SEXY GAMER DOG
|join|wish killer
|player|p1|SEXY GAMER DOG|23
|player|p2|wish killer|288
|gametype|singles
|gen|6
|tier|OU
|rated
|clearpoke
|poke|p1|Chansey, F
|poke|p1|Quagsire, F
|poke|p1|Skarmory, F
|poke|p1|Cresselia, F
|poke|p1|Sableye, F
|poke|p1|Gothitelle, F
|poke|p2|Bisharp, M
|poke|p2|Venusaur, M
|poke|p2|Heatran, F
|poke|p2|Keldeo
|poke|p2|Chansey, F
|poke|p2|Skarmory, F
|rule|Swagger Clause: Swagger is banned
|rule|Baton Pass Clause: Limit one Pokémon knowing Baton Pass
|rule|Sleep Clause Mod: Limit one foe put to sleep
|rule|Species Clause: Limit one of each Pokémon
|rule|OHKO Clause: OHKO moves are banned
|rule|Moody Clause: Moody is banned
|rule|Evasion Moves Clause: Evasion moves are banned
|rule|Endless Battle Clause: Forcing endless battles is banned
|rule|HP Percentage Mod: HP is shown in percentages
|teampreview
wish killer turned on modjoin.
|raw|<div class="broadcast-red"><b>Moderated chat was set to +!<\/b><br \/>Only users of rank + and higher can talk.<\/div>
wish killer made this room private.
|raw|<div class="broadcast-blue"><b>Moderated chat was disabled!<\/b><br \/>Anyone may talk now.<\/div>
|
|start
|switch|p1a: LE GEM XD|Sableye, F|304\/304
|switch|p2a: Keldeo|Keldeo|323\/323
|turn|1
|
|detailschange|p1a: LE GEM XD|Sableye-Mega, F
|message|Sableye has Mega Evolved into Mega Sableye!
|move|p1a: LE GEM XD|Calm Mind|p1a: LE GEM XD
|-boost|p1a: LE GEM XD|spa|1
|-boost|p1a: LE GEM XD|spd|1
|move|p2a: Keldeo|Scald|p1a: LE GEM XD
|-damage|p1a: LE GEM XD|225\/304
|
|turn|2
|
|move|p2a: Keldeo|Calm Mind|p2a: Keldeo
|-boost|p2a: Keldeo|spa|1
|-boost|p2a: Keldeo|spd|1
|move|p1a: LE GEM XD|Calm Mind|p1a: LE GEM XD
|-boost|p1a: LE GEM XD|spa|1
|-boost|p1a: LE GEM XD|spd|1
|
|turn|3
|
|move|p2a: Keldeo|Scald|p1a: LE GEM XD
|-damage|p1a: LE GEM XD|129\/304
|-status|p1a: LE GEM XD|brn
|move|p1a: LE GEM XD|Will-O-Wisp|p2a: Keldeo
|-status|p2a: Keldeo|brn
|
|-damage|p2a: Keldeo|283\/323 brn|[from] brn
|-damage|p1a: LE GEM XD|91\/304 brn|[from] brn
|turn|4
|
|switch|p1a: Gothitelletubby|Gothitelle, F|344\/344
|move|p2a: Keldeo|Scald|p1a: Gothitelletubby
|-damage|p1a: Gothitelletubby|160\/344
|
|-heal|p2a: Keldeo|303\/323 brn|[from] item: Leftovers
|-damage|p2a: Keldeo|263\/323 brn|[from] brn
|turn|5
|
|move|p2a: Keldeo|Scald|p1a: Gothitelletubby
|-damage|p1a: Gothitelletubby|0 fnt
|faint|p1a: Gothitelletubby
|
|-heal|p2a: Keldeo|283\/323 brn|[from] item: Leftovers
|-damage|p2a: Keldeo|243\/323 brn|[from] brn
|
|switch|p1a: Clutchsellia|Cresselia, F|444\/444
|turn|6
|
|move|p2a: Keldeo|Scald|p1a: Clutchsellia
|-crit|p1a: Clutchsellia
|-damage|p1a: Clutchsellia|212\/444
|move|p1a: Clutchsellia|Psychic|p2a: Keldeo
|-crit|p2a: Keldeo
|-supereffective|p2a: Keldeo
|-damage|p2a: Keldeo|0 fnt
|faint|p2a: Keldeo
|
|-heal|p1a: Clutchsellia|239\/444|[from] item: Leftovers
|
|switch|p2a: Heatran|Heatran, F|340\/340
|-item|p2a: Heatran|Air Balloon
|turn|7
|
|move|p2a: Heatran|Toxic|p1a: Clutchsellia
|-status|p1a: Clutchsellia|tox
|move|p1a: Clutchsellia|Moonlight|p1a: Clutchsellia
|-heal|p1a: Clutchsellia|444\/444 tox
|
|-damage|p1a: Clutchsellia|417\/444 tox|[from] psn
|turn|8
|
|switch|p1a: Queen of Twerk|Chansey, F|704\/704
|move|p2a: Heatran|Fire Blast|p1a: Queen of Twerk
|-damage|p1a: Queen of Twerk|607\/704
|
|turn|9
|
|move|p2a: Heatran|Taunt|p1a: Queen of Twerk
|-start|p1a: Queen of Twerk|move: Taunt
|cant|p1a: Queen of Twerk|move: Taunt|Heal Bell
|
|turn|10
|leave|SEXY GAMER DOG
|player|p1
|-message|sexygamerdog lost due to inactivity.
|
|win|wish killer
|raw|Ladder updating...
|raw|SEXY GAMER DOG's rating: 1623 &rarr; <strong>1605<\/strong><br \/>(-18 for losing)
|raw|wish killer's rating: 1672 &rarr; <strong>1689<\/strong><br \/>(+17 for winning)