|join|SEXY GAMER DOG
|join|Drummy
|player|p1|SEXY GAMER DOG|275
|player|p2|Drummy|289
|gametype|singles
|gen|6
|tier|OU
|rated
|clearpoke
|poke|p1|Gothitelle, F
|poke|p1|Skarmory, M
|poke|p1|Chansey, F
|poke|p1|Quagsire, F
|poke|p1|Amoonguss, F
|poke|p1|Charizard, F
|poke|p2|Gliscor, F
|poke|p2|Landorus-Therian, M
|poke|p2|Ferrothorn, M
|poke|p2|Keldeo
|poke|p2|Manectric, F
|poke|p2|Mandibuzz, F
|rule|Swagger Clause: Swagger is banned
|rule|Baton Pass Clause: Limit one Pokémon knowing Baton Pass
|rule|Sleep Clause Mod: Limit one foe put to sleep
|rule|Species Clause: Limit one of each Pokémon
|rule|OHKO Clause: OHKO moves are banned
|rule|Moody Clause: Moody is banned
|rule|Evasion Moves Clause: Evasion moves are banned
|rule|Endless Battle Clause: Forcing endless battles is banned
|rule|HP Percentage Mod: HP is shown in percentages
|teampreview
|
|start
|switch|p1a: Gothitelletubby|Gothitelle, F|344\/344
|switch|p2a: Manectric|Manectric, F|281\/281
|turn|1
|
|switch|p1a: Quagmire|Quagsire, F|394\/394
|detailschange|p2a: Manectric|Manectric-Mega, F
|message|Manectric has Mega Evolved into Mega Manectric!
|-ability|p2a: Manectric|Intimidate|[of] p1a: Quagmire
|-unboost|p1a: Quagmire|atk|1
|move|p2a: Manectric|Thunderbolt|p1a: Quagmire
|-immune|p1a: Quagmire|[msg]
|
|turn|2
|
|switch|p2a: Ferrothorn|Ferrothorn, M|352\/352
|switch|p1a: Gothitelletubby|Gothitelle, F|344\/344
|
|turn|3
|
|move|p1a: Gothitelletubby|Trick|p2a: Ferrothorn
|-activate|p1a: Gothitelletubby|move: Trick|[of] p2a: Ferrothorn
|-item|p2a: Ferrothorn|Choice Scarf|[from] move: Trick
|-item|p1a: Gothitelletubby|Leftovers|[from] move: Trick
|move|p2a: Ferrothorn|Stealth Rock|p1a: Gothitelletubby
|-sidestart|p1: SEXY GAMER DOG|move: Stealth Rock
|
|turn|4
|
|move|p1a: Gothitelletubby|Taunt|p2a: Ferrothorn
|-start|p2a: Ferrothorn|move: Taunt
|cant|p2a: Ferrothorn|move: Taunt|Stealth Rock
|
|turn|5
|
|move|p1a: Gothitelletubby|Psychic|p2a: Ferrothorn
|-resisted|p2a: Ferrothorn
|-damage|p2a: Ferrothorn|311\/352
|-activate|p2a: Ferrothorn|move: Struggle
|move|p2a: Ferrothorn|Struggle|p1a: Gothitelletubby
|-damage|p1a: Gothitelletubby|309\/344
|-damage|p2a: Ferrothorn|223\/352
|
|-heal|p1a: Gothitelletubby|330\/344|[from] item: Leftovers
|turn|6
|
|move|p1a: Gothitelletubby|Psychic|p2a: Ferrothorn
|-resisted|p2a: Ferrothorn
|-damage|p2a: Ferrothorn|182\/352
|-activate|p2a: Ferrothorn|move: Struggle
|move|p2a: Ferrothorn|Struggle|p1a: Gothitelletubby
|-damage|p1a: Gothitelletubby|295\/344
|-damage|p2a: Ferrothorn|94\/352
|
|-heal|p1a: Gothitelletubby|316\/344|[from] item: Leftovers
|-end|p2a: Ferrothorn|move: Taunt
|turn|7
|
|switch|p1a: Metal Head|Skarmory, M|334\/334
|-damage|p1a: Metal Head|293\/334|[from] Stealth Rock
|move|p2a: Ferrothorn|Stealth Rock|p1a: Metal Head
|-fail|p1a: Metal Head
|
|-heal|p1a: Metal Head|313\/334|[from] item: Leftovers
|turn|8
|
|switch|p2a: Keldeo|Keldeo|322\/322
|move|p1a: Metal Head|Defog|p2a: Keldeo
|-unboost|p2a: Keldeo|evasion|1
|-sideend|p1: SEXY GAMER DOG|Stealth Rock|[from] move: Defog|[of] p1a: Metal Head
|
|-heal|p1a: Metal Head|333\/334|[from] item: Leftovers
|turn|9
|
|switch|p1a: Grasshole|Amoonguss, F|432\/432
|move|p2a: Keldeo|Icy Wind|p1a: Grasshole
|-supereffective|p1a: Grasshole
|-damage|p1a: Grasshole|268\/432
|-unboost|p1a: Grasshole|spe|1
|
|-heal|p1a: Grasshole|295\/432|[from] item: Black Sludge
|turn|10
|
|switch|p2a: Mandibuzz|Mandibuzz, F|424\/424
|move|p1a: Grasshole|Spore|p2a: Mandibuzz
|-fail|p2a: Mandibuzz
|
|-heal|p1a: Grasshole|322\/432|[from] item: Black Sludge
|turn|11
|
|switch|p1a: Manzard|Charizard, F|323\/323
|move|p2a: Mandibuzz|U-turn|p1a: Manzard
|-resisted|p1a: Manzard
|-damage|p1a: Manzard|313\/323
|
|switch|p2a: Manectric|Manectric-Mega, F|281\/281
|-ability|p2a: Manectric|Intimidate|[of] p1a: Manzard
|-unboost|p1a: Manzard|atk|1
|
|turn|12
|
|switch|p1a: Quagmire|Quagsire, F|394\/394
|move|p2a: Manectric|Volt Switch|p1a: Quagmire
|-immune|p1a: Quagmire|[msg]
|
|turn|13
|
|switch|p2a: Mandibuzz|Mandibuzz, F|424\/424
|move|p1a: Quagmire|Scald|p2a: Mandibuzz
|-damage|p2a: Mandibuzz|357\/424
|
|-heal|p2a: Mandibuzz|383\/424|[from] item: Leftovers
|turn|14
|
|switch|p1a: Manzard|Charizard, F|313\/323
|move|p2a: Mandibuzz|U-turn|p1a: Manzard
|-resisted|p1a: Manzard
|-damage|p1a: Manzard|302\/323
|
|switch|p2a: Landorus-Therian|Landorus-Therian, M|329\/329
|-ability|p2a: Landorus-Therian|Intimidate|[of] p1a: Manzard
|-unboost|p1a: Manzard|atk|1
|
|turn|15
|
|switch|p1a: Metal Head|Skarmory, M|333\/334
|move|p2a: Landorus-Therian|U-turn|p1a: Metal Head
|-resisted|p1a: Metal Head
|-damage|p1a: Metal Head|319\/334
|
|switch|p2a: Manectric|Manectric-Mega, F|281\/281
|-ability|p2a: Manectric|Intimidate|[of] p1a: Metal Head
|-unboost|p1a: Metal Head|atk|1
|
|-heal|p1a: Metal Head|334\/334|[from] item: Leftovers
|turn|16
|
|switch|p1a: Grasshole|Amoonguss, F|432\/432
|move|p2a: Manectric|Volt Switch|p1a: Grasshole
|-resisted|p1a: Grasshole
|-damage|p1a: Grasshole|382\/432
|
|switch|p2a: Gliscor|Gliscor, F|352\/352
|
|-heal|p1a: Grasshole|409\/432|[from] item: Black Sludge
|-status|p2a: Gliscor|tox|[from] item: Toxic Orb
|turn|17
|
|switch|p1a: Metal Head|Skarmory, M|334\/334
|move|p2a: Gliscor|Earthquake|p1a: Metal Head
|-immune|p1a: Metal Head|[msg]
|
|turn|18
|
|move|p2a: Gliscor|Taunt|p1a: Metal Head
|-start|p1a: Metal Head|move: Taunt
|cant|p1a: Metal Head|move: Taunt|Stealth Rock
|
|turn|19
|
|switch|p2a: Keldeo|Keldeo|322\/322
|switch|p1a: Grasshole|Amoonguss, F|432\/432
|
|turn|20
|
|switch|p2a: Mandibuzz|Mandibuzz, F|383\/424
|move|p1a: Grasshole|Giga Drain|p2a: Mandibuzz
|-resisted|p2a: Mandibuzz
|-damage|p2a: Mandibuzz|341\/424
|
|-heal|p2a: Mandibuzz|367\/424|[from] item: Leftovers
|turn|21
|
|switch|p1a: Metal Head|Skarmory, M|334\/334
|move|p2a: Mandibuzz|Foul Play|p1a: Metal Head
|-damage|p1a: Metal Head|276\/334
|
|-heal|p2a: Mandibuzz|393\/424|[from] item: Leftovers
|-heal|p1a: Metal Head|296\/334|[from] item: Leftovers
|turn|22
|
|move|p2a: Mandibuzz|U-turn|p1a: Metal Head
|-resisted|p1a: Metal Head
|-damage|p1a: Metal Head|291\/334
|
|switch|p2a: Ferrothorn|Ferrothorn, M|94\/352
|move|p1a: Metal Head|Stealth Rock|p2a: Ferrothorn
|-sidestart|p2: Drummy|move: Stealth Rock
|
|-heal|p1a: Metal Head|311\/334|[from] item: Leftovers
|turn|23
|
|move|p1a: Metal Head|Brave Bird|p2a: Ferrothorn
|-damage|p2a: Ferrothorn|19\/352
|-damage|p1a: Metal Head|270\/334|[from] ability: Iron Barbs|[of] p2a: Ferrothorn
|-damage|p1a: Metal Head|245\/334|[from] recoil|[of] p2a: Ferrothorn
|move|p2a: Ferrothorn|Stealth Rock|p1a: Metal Head
|-sidestart|p1: SEXY GAMER DOG|move: Stealth Rock
|
|-heal|p1a: Metal Head|265\/334|[from] item: Leftovers
|turn|24
|
|switch|p2a: Manectric|Manectric-Mega, F|281\/281
|-damage|p2a: Manectric|246\/281|[from] Stealth Rock
|-ability|p2a: Manectric|Intimidate|[of] p1a: Metal Head
|-unboost|p1a: Metal Head|atk|1
|move|p1a: Metal Head|Defog|p2a: Manectric
|-unboost|p2a: Manectric|evasion|1
|-sideend|p2: Drummy|Stealth Rock|[from] move: Defog|[of] p2a: Manectric
|-sideend|p1: SEXY GAMER DOG|Stealth Rock|[from] move: Defog|[of] p1a: Metal Head
|
|-heal|p1a: Metal Head|285\/334|[from] item: Leftovers
|turn|25
|
|switch|p1a: Quagmire|Quagsire, F|394\/394
|move|p2a: Manectric|Volt Switch|p1a: Quagmire
|-immune|p1a: Quagmire|[msg]
|
|turn|26
|
|switch|p2a: Gliscor|Gliscor, F|352\/352 tox
|move|p1a: Quagmire|Scald|p2a: Gliscor
|-supereffective|p2a: Gliscor
|-damage|p2a: Gliscor|220\/352 tox
|
|-heal|p2a: Gliscor|264\/352 tox|[from] ability: Poison Heal
|turn|27
|
|switch|p1a: Manzard|Charizard, F|302\/323
|move|p2a: Gliscor|Toxic|p1a: Manzard
|-status|p1a: Manzard|tox
|
|-damage|p1a: Manzard|282\/323 tox|[from] psn
|-heal|p2a: Gliscor|308\/352 tox|[from] ability: Poison Heal
|turn|28
|
|detailschange|p1a: Manzard|Charizard-Mega-Y, F
|message|Charizard has Mega Evolved into Mega Charizard!
|-weather|SunnyDay
|move|p2a: Gliscor|Protect|p2a: Gliscor
|-singleturn|p2a: Gliscor|Protect
|move|p1a: Manzard|Flamethrower|p2a: Gliscor
|-activate|p2a: Gliscor|Protect
|
|-weather|SunnyDay|[upkeep]
|-damage|p1a: Manzard|242\/323 tox|[from] psn
|-heal|p2a: Gliscor|352\/352 tox|[from] ability: Poison Heal
|turn|29
|
|switch|p1a: Queen of Twerk|Chansey, F|704\/704
|move|p2a: Gliscor|Taunt|p1a: Queen of Twerk
|-start|p1a: Queen of Twerk|move: Taunt
|
|-weather|SunnyDay|[upkeep]
|turn|30
|
|move|p2a: Gliscor|Earthquake|p1a: Queen of Twerk
|-damage|p1a: Queen of Twerk|557\/704
|move|p1a: Queen of Twerk|Seismic Toss|p2a: Gliscor
|-damage|p2a: Gliscor|252\/352 tox
|
|-weather|SunnyDay|[upkeep]
|-heal|p2a: Gliscor|296\/352 tox|[from] ability: Poison Heal
|turn|31
|
|switch|p1a: Manzard|Charizard-Mega-Y, F|242\/323 tox
|move|p2a: Gliscor|Taunt|p1a: Manzard
|-start|p1a: Manzard|move: Taunt
|
|-weather|SunnyDay|[upkeep]
|-damage|p1a: Manzard|222\/323 tox|[from] psn
|-heal|p2a: Gliscor|340\/352 tox|[from] ability: Poison Heal
|turn|32
|
|move|p2a: Gliscor|Protect|p2a: Gliscor
|-singleturn|p2a: Gliscor|Protect
|move|p1a: Manzard|Flamethrower|p2a: Gliscor
|-activate|p2a: Gliscor|Protect
|
|-weather|none
|-damage|p1a: Manzard|182\/323 tox|[from] psn
|-heal|p2a: Gliscor|352\/352 tox|[from] ability: Poison Heal
|turn|33
|
|switch|p1a: Metal Head|Skarmory, M|285\/334
|switch|p2a: Landorus-Therian|Landorus-Therian, M|329\/329
|-ability|p2a: Landorus-Therian|Intimidate|[of] p1a: Metal Head
|-unboost|p1a: Metal Head|atk|1
|
|-heal|p1a: Metal Head|305\/334|[from] item: Leftovers
|turn|34
|
|move|p2a: Landorus-Therian|Knock Off|p1a: Metal Head
|-damage|p1a: Metal Head|230\/334
|-enditem|p1a: Metal Head|Leftovers|[from] move: Knock Off|[of] p2a: Landorus-Therian
|move|p1a: Metal Head|Stealth Rock|p2a: Landorus-Therian
|-sidestart|p2: Drummy|move: Stealth Rock
|
|turn|35
|
|switch|p2a: Ferrothorn|Ferrothorn, M|19\/352
|-damage|p2a: Ferrothorn|0 fnt|[from] Stealth Rock
|faint|p2a: Ferrothorn
|move|p1a: Metal Head|Roost|p1a: Metal Head
|-heal|p1a: Metal Head|334\/334
|
|
|switch|p2a: Keldeo|Keldeo|322\/322
|-damage|p2a: Keldeo|302\/322|[from] Stealth Rock
|turn|36
|
|switch|p1a: Grasshole|Amoonguss, F|432\/432
|move|p2a: Keldeo|Scald|p1a: Grasshole
|-resisted|p1a: Grasshole
|-damage|p1a: Grasshole|341\/432
|
|-heal|p1a: Grasshole|368\/432|[from] item: Black Sludge
|turn|37
|
|switch|p1a: Queen of Twerk|Chansey, F|557\/704
|move|p2a: Keldeo|Scald|p1a: Queen of Twerk
|-damage|p1a: Queen of Twerk|419\/704
|
|turn|38
|
|switch|p2a: Gliscor|Gliscor, F|352\/352 tox
|-damage|p2a: Gliscor|308\/352 tox|[from] Stealth Rock
|move|p1a: Queen of Twerk|Soft-Boiled|p1a: Queen of Twerk
|-heal|p1a: Queen of Twerk|704\/704
|
|-heal|p2a: Gliscor|352\/352 tox|[from] ability: Poison Heal
|turn|39
|
|switch|p1a: Metal Head|Skarmory, M|334\/334
|move|p2a: Gliscor|Taunt|p1a: Metal Head
|-start|p1a: Metal Head|move: Taunt
|
|turn|40
|
|move|p2a: Gliscor|Earthquake|p1a: Metal Head
|-immune|p1a: Metal Head|[msg]
|move|p1a: Metal Head|Brave Bird|p2a: Gliscor
|-damage|p2a: Gliscor|267\/352 tox
|-damage|p1a: Metal Head|306\/334|[from] recoil|[of] p2a: Gliscor
|
|-heal|p2a: Gliscor|311\/352 tox|[from] ability: Poison Heal
|turn|41
|
|move|p2a: Gliscor|Toxic|p1a: Metal Head
|-fail|p1a: Metal Head
|move|p1a: Metal Head|Brave Bird|p2a: Gliscor
|-damage|p2a: Gliscor|224\/352 tox
|-damage|p1a: Metal Head|277\/334|[from] recoil|[of] p2a: Gliscor
|
|-heal|p2a: Gliscor|268\/352 tox|[from] ability: Poison Heal
|turn|42
|
|move|p2a: Gliscor|Toxic|p1a: Metal Head|[miss]
|-miss|p2a: Gliscor|p1a: Metal Head
|move|p1a: Metal Head|Brave Bird|p2a: Gliscor
|-damage|p2a: Gliscor|184\/352 tox
|-damage|p1a: Metal Head|249\/334|[from] recoil|[of] p2a: Gliscor
|
|-heal|p2a: Gliscor|228\/352 tox|[from] ability: Poison Heal
|-end|p1a: Metal Head|move: Taunt
|turn|43
|
|switch|p1a: Queen of Twerk|Chansey, F|704\/704
|move|p2a: Gliscor|Taunt|p1a: Queen of Twerk
|-start|p1a: Queen of Twerk|move: Taunt
|
|-heal|p2a: Gliscor|272\/352 tox|[from] ability: Poison Heal
|turn|44
|
|switch|p1a: Metal Head|Skarmory, M|249\/334
|move|p2a: Gliscor|Toxic|p1a: Metal Head
|-fail|p1a: Metal Head
|
|-heal|p2a: Gliscor|316\/352 tox|[from] ability: Poison Heal
|turn|45
|
|switch|p1a: Queen of Twerk|Chansey, F|704\/704
|move|p2a: Gliscor|Taunt|p1a: Queen of Twerk
|-start|p1a: Queen of Twerk|move: Taunt
|
|-heal|p2a: Gliscor|352\/352 tox|[from] ability: Poison Heal
|turn|46
|
|switch|p1a: Metal Head|Skarmory, M|249\/334
|move|p2a: Gliscor|Taunt|p1a: Metal Head
|-start|p1a: Metal Head|move: Taunt
|
|turn|47
|
|switch|p1a: Grasshole|Amoonguss, F|432\/432
|move|p2a: Gliscor|Toxic|p1a: Grasshole
|-fail|p1a: Grasshole
|
|turn|48
|
|switch|p1a: Metal Head|Skarmory, M|249\/334
|move|p2a: Gliscor|Taunt|p1a: Metal Head
|-start|p1a: Metal Head|move: Taunt
|
|turn|49
|
|switch|p2a: Mandibuzz|Mandibuzz, F|393\/424
|-damage|p2a: Mandibuzz|287\/424|[from] Stealth Rock
|switch|p1a: Grasshole|Amoonguss, F|432\/432
|
|-heal|p2a: Mandibuzz|313\/424|[from] item: Leftovers
|turn|50
|
|switch|p1a: Queen of Twerk|Chansey, F|704\/704
|move|p2a: Mandibuzz|Defog|p1a: Queen of Twerk
|-unboost|p1a: Queen of Twerk|evasion|1
|-sideend|p2: Drummy|Stealth Rock|[from] move: Defog|[of] p2a: Mandibuzz
|
|-heal|p2a: Mandibuzz|339\/424|[from] item: Leftovers
|turn|51
|
|move|p2a: Mandibuzz|U-turn|p1a: Queen of Twerk
|-damage|p1a: Queen of Twerk|661\/704
|
|switch|p2a: Gliscor|Gliscor, F|352\/352 tox
|move|p1a: Queen of Twerk|Heal Bell|p1a: Queen of Twerk
|-cureteam|p1a: Queen of Twerk|[from] move: HealBell
|
|turn|52
|
|switch|p1a: Metal Head|Skarmory, M|249\/334
|move|p2a: Gliscor|Taunt|p1a: Metal Head
|-start|p1a: Metal Head|move: Taunt
|
|turn|53
|
|switch|p1a: Grasshole|Amoonguss, F|432\/432
|move|p2a: Gliscor|Earthquake|p1a: Grasshole
|-damage|p1a: Grasshole|291\/432
|
|-heal|p1a: Grasshole|318\/432|[from] item: Black Sludge
|turn|54
|
|switch|p1a: Metal Head|Skarmory, M|249\/334
|move|p2a: Gliscor|Taunt|p1a: Metal Head
|-start|p1a: Metal Head|move: Taunt
|
|turn|55
|
|switch|p1a: Grasshole|Amoonguss, F|432\/432
|move|p2a: Gliscor|Earthquake|p1a: Grasshole
|-damage|p1a: Grasshole|275\/432
|
|-heal|p1a: Grasshole|302\/432|[from] item: Black Sludge
|turn|56
|
|switch|p2a: Keldeo|Keldeo|302\/322
|switch|p1a: Metal Head|Skarmory, M|249\/334
|
|turn|57
|
|switch|p1a: Grasshole|Amoonguss, F|432\/432
|move|p2a: Keldeo|Scald|p1a: Grasshole
|-resisted|p1a: Grasshole
|-damage|p1a: Grasshole|343\/432
|-status|p1a: Grasshole|brn
|
|-heal|p1a: Grasshole|370\/432 brn|[from] item: Black Sludge
|-damage|p1a: Grasshole|316\/432 brn|[from] brn
|turn|58
|
|switch|p2a: Gliscor|Gliscor, F|352\/352 tox
|switch|p1a: Queen of Twerk|Chansey, F|661\/704
|
|turn|59
|
|move|p2a: Gliscor|Taunt|p1a: Queen of Twerk
|-start|p1a: Queen of Twerk|move: Taunt
|cant|p1a: Queen of Twerk|move: Taunt|Heal Bell
|
|turn|60
|
|switch|p2a: Keldeo|Keldeo|302\/322
|switch|p1a: Metal Head|Skarmory, M|249\/334
|
|turn|61
|
|switch|p1a: Gothitelletubby|Gothitelle, F|316\/344
|move|p2a: Keldeo|Scald|p1a: Gothitelletubby
|-damage|p1a: Gothitelletubby|103\/344
|
|-heal|p1a: Gothitelletubby|124\/344|[from] item: Leftovers
|turn|62
|
|switch|p1a: Queen of Twerk|Chansey, F|661\/704
|move|p2a: Keldeo|Scald|p1a: Queen of Twerk
|-damage|p1a: Queen of Twerk|535\/704
|
|turn|63
|
|switch|p2a: Gliscor|Gliscor, F|352\/352 tox
|move|p1a: Queen of Twerk|Heal Bell|p1a: Queen of Twerk
|-cureteam|p1a: Queen of Twerk|[from] move: HealBell
|
|turn|64
|
|move|p2a: Gliscor|Taunt|p1a: Queen of Twerk
|-start|p1a: Queen of Twerk|move: Taunt
|cant|p1a: Queen of Twerk|move: Taunt|Soft-Boiled
|
|turn|65
|
|switch|p2a: Keldeo|Keldeo|302\/322
|switch|p1a: Metal Head|Skarmory, M|249\/334
|
|turn|66
|
|switch|p1a: Grasshole|Amoonguss, F|432\/432
|move|p2a: Keldeo|Scald|p1a: Grasshole
|-resisted|p1a: Grasshole
|-damage|p1a: Grasshole|349\/432
|-status|p1a: Grasshole|brn
|
|-heal|p1a: Grasshole|376\/432 brn|[from] item: Black Sludge
|-damage|p1a: Grasshole|322\/432 brn|[from] brn
|turn|67
|
|switch|p2a: Mandibuzz|Mandibuzz, F|339\/424
|switch|p1a: Manzard|Charizard-Mega-Y, F|182\/323
|-weather|SunnyDay
|
|-weather|SunnyDay|[upkeep]
|-heal|p2a: Mandibuzz|365\/424|[from] item: Leftovers
|turn|68
|
|move|p1a: Manzard|Roost|p1a: Manzard
|-heal|p1a: Manzard|323\/323
|move|p2a: Mandibuzz|U-turn|p1a: Manzard
|-resisted|p1a: Manzard
|-damage|p1a: Manzard|303\/323
|
|switch|p2a: Landorus-Therian|Landorus-Therian, M|329\/329
|-ability|p2a: Landorus-Therian|Intimidate|[of] p1a: Manzard
|-unboost|p1a: Manzard|atk|1
|
|-weather|SunnyDay|[upkeep]
|turn|69
|
|switch|p1a: Metal Head|Skarmory, M|249\/334
|move|p2a: Landorus-Therian|U-turn|p1a: Metal Head
|-resisted|p1a: Metal Head
|-damage|p1a: Metal Head|235\/334
|
|switch|p2a: Gliscor|Gliscor, F|352\/352 tox
|
|-weather|SunnyDay|[upkeep]
|turn|70
|
|move|p2a: Gliscor|Taunt|p1a: Metal Head
|-start|p1a: Metal Head|move: Taunt
|cant|p1a: Metal Head|move: Taunt|Roost
|
|-weather|SunnyDay|[upkeep]
|turn|71
|
|switch|p1a: Grasshole|Amoonguss, F|432\/432 brn
|move|p2a: Gliscor|Earthquake|p1a: Grasshole
|-damage|p1a: Grasshole|287\/432 brn
|
|-weather|none
|-heal|p1a: Grasshole|314\/432 brn|[from] item: Black Sludge
|-damage|p1a: Grasshole|260\/432 brn|[from] brn
|turn|72
|
|switch|p2a: Keldeo|Keldeo|302\/322
|switch|p1a: Metal Head|Skarmory, M|235\/334
|
|turn|73
|
|switch|p1a: Grasshole|Amoonguss, F|404\/432 brn
|move|p2a: Keldeo|Scald|p1a: Grasshole
|-resisted|p1a: Grasshole
|-damage|p1a: Grasshole|311\/432 brn
|
|-heal|p1a: Grasshole|338\/432 brn|[from] item: Black Sludge
|-damage|p1a: Grasshole|284\/432 brn|[from] brn
|turn|74
|
|switch|p2a: Gliscor|Gliscor, F|352\/352 tox
|switch|p1a: Queen of Twerk|Chansey, F|535\/704
|
|turn|75
|
|move|p2a: Gliscor|Taunt|p1a: Queen of Twerk
|-start|p1a: Queen of Twerk|move: Taunt
|cant|p1a: Queen of Twerk|move: Taunt|Heal Bell
|
|turn|76
|
|switch|p1a: Metal Head|Skarmory, M|235\/334
|move|p2a: Gliscor|Earthquake|p1a: Metal Head
|-immune|p1a: Metal Head|[msg]
|
|turn|77
|
|move|p2a: Gliscor|Taunt|p1a: Metal Head
|-start|p1a: Metal Head|move: Taunt
|cant|p1a: Metal Head|move: Taunt|Stealth Rock
|
|turn|78
|
|move|p2a: Gliscor|Toxic|p1a: Metal Head
|-fail|p1a: Metal Head
|move|p1a: Metal Head|Brave Bird|p2a: Gliscor
|-crit|p2a: Gliscor
|-damage|p2a: Gliscor|202\/352 tox
|-damage|p1a: Metal Head|185\/334|[from] recoil|[of] p2a: Gliscor
|
|-heal|p2a: Gliscor|246\/352 tox|[from] ability: Poison Heal
|turn|79
|
|switch|p1a: Grasshole|Amoonguss, F|428\/432 brn
|move|p2a: Gliscor|Protect|p2a: Gliscor
|-fail|p2a: Gliscor
|
|-heal|p1a: Grasshole|432\/432 brn|[from] item: Black Sludge
|-heal|p2a: Gliscor|290\/352 tox|[from] ability: Poison Heal
|-damage|p1a: Grasshole|378\/432 brn|[from] brn
|turn|80
|
|switch|p1a: Metal Head|Skarmory, M|185\/334
|move|p2a: Gliscor|Earthquake|p1a: Metal Head
|-immune|p1a: Metal Head|[msg]
|
|-heal|p2a: Gliscor|334\/352 tox|[from] ability: Poison Heal
|turn|81
|
|switch|p1a: Manzard|Charizard-Mega-Y, F|303\/323
|-weather|SunnyDay
|move|p2a: Gliscor|Taunt|p1a: Manzard
|-start|p1a: Manzard|move: Taunt
|
|-weather|SunnyDay|[upkeep]
|-heal|p2a: Gliscor|352\/352 tox|[from] ability: Poison Heal
|turn|82
|
|move|p1a: Manzard|Flamethrower|p2a: Gliscor
|-damage|p2a: Gliscor|67\/352 tox
|move|p2a: Gliscor|Toxic|p1a: Manzard
|-status|p1a: Manzard|tox
|
|-weather|SunnyDay|[upkeep]
|-damage|p1a: Manzard|283\/323 tox|[from] psn
|-heal|p2a: Gliscor|111\/352 tox|[from] ability: Poison Heal
|turn|83
|
|move|p2a: Gliscor|Protect|p2a: Gliscor
|-singleturn|p2a: Gliscor|Protect
|move|p1a: Manzard|Flamethrower|p2a: Gliscor
|-activate|p2a: Gliscor|Protect
|
|-weather|SunnyDay|[upkeep]
|-damage|p1a: Manzard|243\/323 tox|[from] psn
|-heal|p2a: Gliscor|155\/352 tox|[from] ability: Poison Heal
|turn|84
|
|switch|p2a: Manectric|Manectric-Mega, F|246\/281
|-ability|p2a: Manectric|Intimidate|[of] p1a: Manzard
|-unboost|p1a: Manzard|atk|1
|move|p1a: Manzard|Flamethrower|p2a: Manectric
|-damage|p2a: Manectric|0 fnt
|faint|p2a: Manectric
|
|-weather|SunnyDay|[upkeep]
|-damage|p1a: Manzard|183\/323 tox|[from] psn
|-end|p1a: Manzard|move: Taunt
|
|switch|p2a: Landorus-Therian|Landorus-Therian, M|329\/329
|-ability|p2a: Landorus-Therian|Intimidate|[of] p1a: Manzard
|-unboost|p1a: Manzard|atk|1
|turn|85
|
|switch|p1a: Metal Head|Skarmory, M|185\/334
|move|p2a: Landorus-Therian|Knock Off|p1a: Metal Head
|-damage|p1a: Metal Head|134\/334
|
|-weather|none
|turn|86
|
|switch|p2a: Gliscor|Gliscor, F|155\/352 tox
|move|p1a: Metal Head|Roost|p1a: Metal Head
|-heal|p1a: Metal Head|301\/334
|
|-heal|p2a: Gliscor|199\/352 tox|[from] ability: Poison Heal
|turn|87
|
|move|p2a: Gliscor|Taunt|p1a: Metal Head
|-start|p1a: Metal Head|move: Taunt
|cant|p1a: Metal Head|move: Taunt|Stealth Rock
|
|-heal|p2a: Gliscor|243\/352 tox|[from] ability: Poison Heal
|turn|88
|
|switch|p1a: Grasshole|Amoonguss, F|432\/432 brn
|move|p2a: Gliscor|Earthquake|p1a: Grasshole
|-damage|p1a: Grasshole|291\/432 brn
|
|-heal|p1a: Grasshole|318\/432 brn|[from] item: Black Sludge
|-heal|p2a: Gliscor|287\/352 tox|[from] ability: Poison Heal
|-damage|p1a: Grasshole|264\/432 brn|[from] brn
|turn|89
|
|switch|p1a: Metal Head|Skarmory, M|301\/334
|move|p2a: Gliscor|Taunt|p1a: Metal Head
|-start|p1a: Metal Head|move: Taunt
|
|-heal|p2a: Gliscor|331\/352 tox|[from] ability: Poison Heal
|turn|90
|
|switch|p2a: Landorus-Therian|Landorus-Therian, M|329\/329
|-ability|p2a: Landorus-Therian|Intimidate|[of] p1a: Metal Head
|-unboost|p1a: Metal Head|atk|1
|switch|p1a: Grasshole|Amoonguss, F|408\/432 brn
|
|-heal|p1a: Grasshole|432\/432 brn|[from] item: Black Sludge
|-damage|p1a: Grasshole|378\/432 brn|[from] brn
|turn|91
|
|switch|p1a: Metal Head|Skarmory, M|301\/334
|move|p2a: Landorus-Therian|U-turn|p1a: Metal Head
|-resisted|p1a: Metal Head
|-damage|p1a: Metal Head|288\/334
|
|switch|p2a: Gliscor|Gliscor, F|331\/352 tox
|
|-heal|p2a: Gliscor|352\/352 tox|[from] ability: Poison Heal
|turn|92
|
|move|p2a: Gliscor|Taunt|p1a: Metal Head
|-start|p1a: Metal Head|move: Taunt
|cant|p1a: Metal Head|move: Taunt|Stealth Rock
|
|turn|93
|
|switch|p2a: Landorus-Therian|Landorus-Therian, M|329\/329
|-ability|p2a: Landorus-Therian|Intimidate|[of] p1a: Metal Head
|-unboost|p1a: Metal Head|atk|1
|switch|p1a: Grasshole|Amoonguss, F|432\/432 brn
|
|-damage|p1a: Grasshole|378\/432 brn|[from] brn
|turn|94
|
|switch|p1a: Metal Head|Skarmory, M|288\/334
|move|p2a: Landorus-Therian|U-turn|p1a: Metal Head
|-resisted|p1a: Metal Head
|-damage|p1a: Metal Head|274\/334
|
|switch|p2a: Gliscor|Gliscor, F|352\/352 tox
|
|turn|95
|
|move|p2a: Gliscor|Taunt|p1a: Metal Head
|-start|p1a: Metal Head|move: Taunt
|cant|p1a: Metal Head|move: Taunt|Stealth Rock
|
|turn|96
|
|switch|p2a: Landorus-Therian|Landorus-Therian, M|329\/329
|-ability|p2a: Landorus-Therian|Intimidate|[of] p1a: Metal Head
|-unboost|p1a: Metal Head|atk|1
|switch|p1a: Grasshole|Amoonguss, F|432\/432 brn
|
|-damage|p1a: Grasshole|378\/432 brn|[from] brn
|turn|97
|
|switch|p1a: Metal Head|Skarmory, M|274\/334
|move|p2a: Landorus-Therian|U-turn|p1a: Metal Head
|-resisted|p1a: Metal Head
|-damage|p1a: Metal Head|261\/334
|
|switch|p2a: Gliscor|Gliscor, F|352\/352 tox
|
|turn|98
|
|move|p2a: Gliscor|Taunt|p1a: Metal Head
|-start|p1a: Metal Head|move: Taunt
|cant|p1a: Metal Head|move: Taunt|Stealth Rock
|
|turn|99
|
|switch|p2a: Landorus-Therian|Landorus-Therian, M|329\/329
|-ability|p2a: Landorus-Therian|Intimidate|[of] p1a: Metal Head
|-unboost|p1a: Metal Head|atk|1
|switch|p1a: Grasshole|Amoonguss, F|432\/432 brn
|
|-damage|p1a: Grasshole|378\/432 brn|[from] brn
|turn|100
|
|switch|p1a: Metal Head|Skarmory, M|261\/334
|move|p2a: Landorus-Therian|U-turn|p1a: Metal Head
|-resisted|p1a: Metal Head
|-damage|p1a: Metal Head|247\/334
|join|Xalori
|
|switch|p2a: Gliscor|Gliscor, F|352\/352 tox
|
|turn|101
|
|move|p2a: Gliscor|Taunt|p1a: Metal Head
|-start|p1a: Metal Head|move: Taunt
|cant|p1a: Metal Head|move: Taunt|Stealth Rock
|
|turn|102
|
|switch|p2a: Landorus-Therian|Landorus-Therian, M|329\/329
|-ability|p2a: Landorus-Therian|Intimidate|[of] p1a: Metal Head
|-unboost|p1a: Metal Head|atk|1
|switch|p1a: Grasshole|Amoonguss, F|432\/432 brn
|
|-damage|p1a: Grasshole|378\/432 brn|[from] brn
|turn|103
|join|Gizmo
|
|switch|p1a: Metal Head|Skarmory, M|247\/334
|move|p2a: Landorus-Therian|U-turn|p1a: Metal Head
|-resisted|p1a: Metal Head
|-damage|p1a: Metal Head|232\/334
|join|I'm Batman \('O')\/
|
|switch|p2a: Gliscor|Gliscor, F|352\/352 tox
|
|turn|104
|
|move|p2a: Gliscor|Taunt|p1a: Metal Head
|-start|p1a: Metal Head|move: Taunt
|cant|p1a: Metal Head|move: Taunt|Stealth Rock
|
|turn|105
|
|switch|p2a: Landorus-Therian|Landorus-Therian, M|329\/329
|-ability|p2a: Landorus-Therian|Intimidate|[of] p1a: Metal Head
|-unboost|p1a: Metal Head|atk|1
|switch|p1a: Grasshole|Amoonguss, F|432\/432 brn
|
|-damage|p1a: Grasshole|378\/432 brn|[from] brn
|turn|106
|leave|I'm Batman \('O')\/
|
|switch|p1a: Metal Head|Skarmory, M|232\/334
|move|p2a: Landorus-Therian|U-turn|p1a: Metal Head
|-resisted|p1a: Metal Head
|-damage|p1a: Metal Head|219\/334
|
|switch|p2a: Gliscor|Gliscor, F|352\/352 tox
|
|turn|107
|
|switch|p1a: Grasshole|Amoonguss, F|432\/432 brn
|move|p2a: Gliscor|Taunt|p1a: Grasshole
|-start|p1a: Grasshole|move: Taunt
|
|-damage|p1a: Grasshole|378\/432 brn|[from] brn
|turn|108
|
|switch|p2a: Keldeo|Keldeo|302\/322
|switch|p1a: Metal Head|Skarmory, M|219\/334
|
|turn|109
|join|TerrorDave
|
|switch|p1a: Grasshole|Amoonguss, F|432\/432 brn
|move|p2a: Keldeo|Secret Sword|p1a: Grasshole
|-resisted|p1a: Grasshole
|-damage|p1a: Grasshole|291\/432 brn
|
|-heal|p1a: Grasshole|318\/432 brn|[from] item: Black Sludge
|-damage|p1a: Grasshole|264\/432 brn|[from] brn
|turn|110
|
|switch|p2a: Gliscor|Gliscor, F|352\/352 tox
|move|p1a: Grasshole|Giga Drain|p2a: Gliscor
|-damage|p2a: Gliscor|271\/352 tox
|-heal|p1a: Grasshole|305\/432 brn|[from] drain|[of] p2a: Gliscor
|
|-heal|p1a: Grasshole|332\/432 brn|[from] item: Black Sludge
|-heal|p2a: Gliscor|315\/352 tox|[from] ability: Poison Heal
|-damage|p1a: Grasshole|278\/432 brn|[from] brn
|turn|111
|
|switch|p1a: Metal Head|Skarmory, M|219\/334
|move|p2a: Gliscor|Taunt|p1a: Metal Head
|-start|p1a: Metal Head|move: Taunt
|
|-heal|p2a: Gliscor|352\/352 tox|[from] ability: Poison Heal
|turn|112
|
|switch|p2a: Landorus-Therian|Landorus-Therian, M|329\/329
|-ability|p2a: Landorus-Therian|Intimidate|[of] p1a: Metal Head
|-unboost|p1a: Metal Head|atk|1
|switch|p1a: Grasshole|Amoonguss, F|422\/432 brn
|
|-heal|p1a: Grasshole|432\/432 brn|[from] item: Black Sludge
|-damage|p1a: Grasshole|378\/432 brn|[from] brn
|turn|113
|join|Aeolia
|
|switch|p1a: Metal Head|Skarmory, M|219\/334
|move|p2a: Landorus-Therian|U-turn|p1a: Metal Head
|-crit|p1a: Metal Head
|-resisted|p1a: Metal Head
|-damage|p1a: Metal Head|199\/334
|
|switch|p2a: Gliscor|Gliscor, F|352\/352 tox
|
|turn|114
|
|move|p2a: Gliscor|Taunt|p1a: Metal Head
|-start|p1a: Metal Head|move: Taunt
|cant|p1a: Metal Head|move: Taunt|Stealth Rock
|
|turn|115
|
|switch|p2a: Landorus-Therian|Landorus-Therian, M|329\/329
|-ability|p2a: Landorus-Therian|Intimidate|[of] p1a: Metal Head
|-unboost|p1a: Metal Head|atk|1
|switch|p1a: Gothitelletubby|Gothitelle, F|124\/344
|
|-heal|p1a: Gothitelletubby|145\/344|[from] item: Leftovers
|turn|116
|
|switch|p1a: Metal Head|Skarmory, M|199\/334
|move|p2a: Landorus-Therian|U-turn|p1a: Metal Head
|-resisted|p1a: Metal Head
|-damage|p1a: Metal Head|186\/334
|
|switch|p2a: Gliscor|Gliscor, F|352\/352 tox
|
|turn|117
|
|move|p2a: Gliscor|Taunt|p1a: Metal Head
|-start|p1a: Metal Head|move: Taunt
|cant|p1a: Metal Head|move: Taunt|Roost
|
|turn|118
|leave|Gizmo
|
|switch|p2a: Landorus-Therian|Landorus-Therian, M|329\/329
|-ability|p2a: Landorus-Therian|Intimidate|[of] p1a: Metal Head
|-unboost|p1a: Metal Head|atk|1
|switch|p1a: Grasshole|Amoonguss, F|432\/432 brn
|
|-damage|p1a: Grasshole|378\/432 brn|[from] brn
|turn|119
|
|move|p2a: Landorus-Therian|U-turn|p1a: Grasshole
|-damage|p1a: Grasshole|255\/432 brn
|
|switch|p2a: Mandibuzz|Mandibuzz, F|365\/424
|move|p1a: Grasshole|Giga Drain|p2a: Mandibuzz
|-resisted|p2a: Mandibuzz
|-damage|p2a: Mandibuzz|324\/424
|-heal|p1a: Grasshole|276\/432 brn|[from] drain|[of] p2a: Mandibuzz
|
|-heal|p2a: Mandibuzz|350\/424|[from] item: Leftovers
|-heal|p1a: Grasshole|303\/432 brn|[from] item: Black Sludge
|-damage|p1a: Grasshole|249\/432 brn|[from] brn
|turn|120
|
|switch|p1a: Metal Head|Skarmory, M|186\/334
|move|p2a: Mandibuzz|U-turn|p1a: Metal Head
|-resisted|p1a: Metal Head
|-damage|p1a: Metal Head|181\/334
|
|switch|p2a: Gliscor|Gliscor, F|352\/352 tox
|
|turn|121
|
|switch|p1a: Gothitelletubby|Gothitelle, F|145\/344
|move|p2a: Gliscor|Taunt|p1a: Gothitelletubby
|-start|p1a: Gothitelletubby|move: Taunt
|
|-heal|p1a: Gothitelletubby|166\/344|[from] item: Leftovers
|turn|122
|
|switch|p1a: Metal Head|Skarmory, M|181\/334
|move|p2a: Gliscor|Earthquake|p1a: Metal Head
|-immune|p1a: Metal Head|[msg]
|
|turn|123
|
|switch|p1a: Gothitelletubby|Gothitelle, F|166\/344
|move|p2a: Gliscor|Taunt|p1a: Gothitelletubby
|-start|p1a: Gothitelletubby|move: Taunt
|
|-heal|p1a: Gothitelletubby|187\/344|[from] item: Leftovers
|turn|124
|
|switch|p1a: Metal Head|Skarmory, M|181\/334
|move|p2a: Gliscor|Taunt|p1a: Metal Head
|-start|p1a: Metal Head|move: Taunt
|
|turn|125
|
|switch|p2a: Keldeo|Keldeo|302\/322
|switch|p1a: Grasshole|Amoonguss, F|393\/432 brn
|
|-heal|p1a: Grasshole|420\/432 brn|[from] item: Black Sludge
|-damage|p1a: Grasshole|366\/432 brn|[from] brn
|turn|126
|
|move|p2a: Keldeo|Hidden Power|p1a: Grasshole
|-supereffective|p1a: Grasshole
|-damage|p1a: Grasshole|204\/432 brn
|move|p1a: Grasshole|Giga Drain|p2a: Keldeo
|-supereffective|p2a: Keldeo
|-damage|p2a: Keldeo|128\/322
|-heal|p1a: Grasshole|291\/432 brn|[from] drain|[of] p2a: Keldeo
|
|-heal|p1a: Grasshole|318\/432 brn|[from] item: Black Sludge
|-damage|p1a: Grasshole|264\/432 brn|[from] brn
|turn|127
|
|switch|p2a: Mandibuzz|Mandibuzz, F|350\/424
|move|p1a: Grasshole|Giga Drain|p2a: Mandibuzz
|-resisted|p2a: Mandibuzz
|-damage|p2a: Mandibuzz|312\/424
|-heal|p1a: Grasshole|283\/432 brn|[from] drain|[of] p2a: Mandibuzz
|
|-heal|p2a: Mandibuzz|338\/424|[from] item: Leftovers
|-heal|p1a: Grasshole|310\/432 brn|[from] item: Black Sludge
|-damage|p1a: Grasshole|256\/432 brn|[from] brn
|turn|128
|c| TerrorDave|how long
|
|switch|p1a: Metal Head|Skarmory, M|181\/334
|move|p2a: Mandibuzz|U-turn|p1a: Metal Head
|-resisted|p1a: Metal Head
|-damage|p1a: Metal Head|176\/334
|
|switch|p2a: Gliscor|Gliscor, F|352\/352 tox
|
|turn|129
|c|★SEXY GAMER DOG|drummy lost this battle a long time ago
|
|move|p2a: Gliscor|Taunt|p1a: Metal Head
|-start|p1a: Metal Head|move: Taunt
|cant|p1a: Metal Head|move: Taunt|Roost
|
|turn|130
|
|switch|p2a: Landorus-Therian|Landorus-Therian, M|329\/329
|-ability|p2a: Landorus-Therian|Intimidate|[of] p1a: Metal Head
|-unboost|p1a: Metal Head|atk|1
|switch|p1a: Gothitelletubby|Gothitelle, F|187\/344
|
|-heal|p1a: Gothitelletubby|208\/344|[from] item: Leftovers
|turn|131
|
|switch|p1a: Metal Head|Skarmory, M|176\/334
|move|p2a: Landorus-Therian|U-turn|p1a: Metal Head
|-resisted|p1a: Metal Head
|-damage|p1a: Metal Head|163\/334
|
|switch|p2a: Gliscor|Gliscor, F|352\/352 tox
|
|turn|132
|
|switch|p1a: Gothitelletubby|Gothitelle, F|208\/344
|move|p2a: Gliscor|Taunt|p1a: Gothitelletubby
|-start|p1a: Gothitelletubby|move: Taunt
|
|-heal|p1a: Gothitelletubby|229\/344|[from] item: Leftovers
|turn|133
|
|switch|p1a: Metal Head|Skarmory, M|163\/334
|move|p2a: Gliscor|Protect|p2a: Gliscor
|-fail|p2a: Gliscor
|
|turn|134
|
|switch|p2a: Keldeo|Keldeo|128\/322
|move|p1a: Metal Head|Roost|p1a: Metal Head
|-heal|p1a: Metal Head|330\/334
|
|turn|135
|
|switch|p1a: Grasshole|Amoonguss, F|400\/432 brn
|move|p2a: Keldeo|Scald|p1a: Grasshole
|-resisted|p1a: Grasshole
|-damage|p1a: Grasshole|304\/432 brn
|
|-heal|p1a: Grasshole|331\/432 brn|[from] item: Black Sludge
|-damage|p1a: Grasshole|277\/432 brn|[from] brn
|turn|136
|
|switch|p2a: Mandibuzz|Mandibuzz, F|338\/424
|switch|p1a: Queen of Twerk|Chansey, F|535\/704
|
|-heal|p2a: Mandibuzz|364\/424|[from] item: Leftovers
|turn|137
|
|move|p2a: Mandibuzz|U-turn|p1a: Queen of Twerk
|-damage|p1a: Queen of Twerk|489\/704
|
|switch|p2a: Landorus-Therian|Landorus-Therian, M|329\/329
|-ability|p2a: Landorus-Therian|Intimidate|[of] p1a: Queen of Twerk
|-unboost|p1a: Queen of Twerk|atk|1
|move|p1a: Queen of Twerk|Heal Bell|p1a: Queen of Twerk
|-cureteam|p1a: Queen of Twerk|[from] move: HealBell
|
|turn|138
|
|switch|p1a: Metal Head|Skarmory, M|330\/334
|move|p2a: Landorus-Therian|Stone Edge|p1a: Metal Head
|-damage|p1a: Metal Head|252\/334
|
|turn|139
|join|Lugialover
|join|sameguytwice
|join|boltsandbombers
|join|redevil360
|join|igotboredsoscrewit
|
|move|p2a: Landorus-Therian|Stone Edge|p1a: Metal Head
|-damage|p1a: Metal Head|171\/334
|move|p1a: Metal Head|Stealth Rock|p2a: Landorus-Therian
|-sidestart|p2: Drummy|move: Stealth Rock
|
|turn|140
|
|move|p2a: Landorus-Therian|Stone Edge|p1a: Metal Head
|-crit|p1a: Metal Head
|-damage|p1a: Metal Head|43\/334
|move|p1a: Metal Head|Roost|p1a: Metal Head
|-heal|p1a: Metal Head|210\/334
|
|turn|141
|
|switch|p2a: Mandibuzz|Mandibuzz, F|364\/424
|-damage|p2a: Mandibuzz|258\/424|[from] Stealth Rock
|move|p1a: Metal Head|Roost|p1a: Metal Head
|-heal|p1a: Metal Head|334\/334
|
|-heal|p2a: Mandibuzz|284\/424|[from] item: Leftovers
|turn|142
|join|LT3B aim
|
|switch|p1a: Manzard|Charizard-Mega-Y, F|183\/323
|-weather|SunnyDay
|move|p2a: Mandibuzz|Defog|p1a: Manzard
|-unboost|p1a: Manzard|evasion|1
|-sideend|p2: Drummy|Stealth Rock|[from] move: Defog|[of] p2a: Mandibuzz
|
|-weather|SunnyDay|[upkeep]
|-heal|p2a: Mandibuzz|310\/424|[from] item: Leftovers
|turn|143
|join|foxx gesu
|
|move|p1a: Manzard|Roost|p1a: Manzard
|-heal|p1a: Manzard|323\/323
|move|p2a: Mandibuzz|Foul Play|p1a: Manzard
|-damage|p1a: Manzard|209\/323
|
|-weather|SunnyDay|[upkeep]
|-heal|p2a: Mandibuzz|336\/424|[from] item: Leftovers
|turn|144
|
|move|p1a: Manzard|Flamethrower|p2a: Mandibuzz
|-damage|p2a: Mandibuzz|12\/424
|move|p2a: Mandibuzz|U-turn|p1a: Manzard
|-resisted|p1a: Manzard
|-damage|p1a: Manzard|199\/323
|leave|foxx gesu
|
|switch|p2a: Landorus-Therian|Landorus-Therian, M|329\/329
|-ability|p2a: Landorus-Therian|Intimidate|[of] p1a: Manzard
|-unboost|p1a: Manzard|atk|1
|
|-weather|SunnyDay|[upkeep]
|turn|145
|
|switch|p1a: Metal Head|Skarmory, M|334\/334
|move|p2a: Landorus-Therian|U-turn|p1a: Metal Head
|-resisted|p1a: Metal Head
|-damage|p1a: Metal Head|319\/334
|
|switch|p2a: Keldeo|Keldeo|128\/322
|
|-weather|SunnyDay|[upkeep]
|turn|146
|
|switch|p1a: Grasshole|Amoonguss, F|421\/432
|move|p2a: Keldeo|Hidden Power|p1a: Grasshole
|-supereffective|p1a: Grasshole
|-damage|p1a: Grasshole|233\/432
|
|-weather|none
|-heal|p1a: Grasshole|260\/432|[from] item: Black Sludge
|turn|147
|join|jake5
|
|switch|p2a: Mandibuzz|Mandibuzz, F|12\/424
|move|p1a: Grasshole|Giga Drain|p2a: Mandibuzz
|-resisted|p2a: Mandibuzz
|-damage|p2a: Mandibuzz|0 fnt
|-heal|p1a: Grasshole|266\/432|[from] drain|[of] p2a: Mandibuzz
|faint|p2a: Mandibuzz
|
|-heal|p1a: Grasshole|293\/432|[from] item: Black Sludge
|c|★Drummy|useless useless battle. play against someone who copy teams.... you can thank RMTs =)  
|-message|Drummy forfeited.
|c|★SEXY GAMER DOG|6-0 plz
|leave|Drummy
|
|win|SEXY GAMER DOG
|raw|Ladder updating...
|player|p2
|raw|SEXY GAMER DOG's rating: 1778 &rarr; <strong>1796<\/strong><br \/>(+18 for winning)
|raw|Drummy's rating: 1731 &rarr; <strong>1714<\/strong><br \/>(-17 for losing)
|c| TerrorDave|lol
|leave|igotboredsoscrewit
|c| TerrorDave|buthurt much
|leave|SEXY GAMER DOG
|player|p1
|c| redevil360|didnt even go for the 150
|c| redevil360|smh
|join|Prankster
|leave|TerrorDave
|leave|Prankster
|leave|LT3B aim
|leave|redevil360
|leave|sameguytwice