|join|SEXY GAMER DOG
|join|Dark Side of Moon
|player|p1|SEXY GAMER DOG|275
|player|p2|Dark Side of Moon|161
|gametype|singles
|gen|6
|tier|OU
|rated
|clearpoke
|poke|p1|Skarmory, M
|poke|p1|Chansey, F
|poke|p1|Charizard, F
|poke|p1|Amoonguss, M
|poke|p1|Quagsire, M
|poke|p1|Gothitelle, M
|poke|p2|Charizard, M, shiny
|poke|p2|Landorus-Therian, M
|poke|p2|Latias, F
|poke|p2|Jirachi, shiny
|poke|p2|Keldeo-Resolute, shiny
|poke|p2|Thundurus, M
|rule|Swagger Clause: Swagger is banned
|rule|Baton Pass Clause: Limit one Pokémon knowing Baton Pass
|rule|Sleep Clause Mod: Limit one foe put to sleep
|rule|Species Clause: Limit one of each Pokémon
|rule|OHKO Clause: OHKO moves are banned
|rule|Moody Clause: Moody is banned
|rule|Evasion Moves Clause: Evasion moves are banned
|rule|Endless Battle Clause: Forcing endless battles is banned
|rule|HP Percentage Mod: HP is shown in percentages
|teampreview
|c|★Dark Side of Moon|fuuuuuuuu
|c|★Dark Side of Moon|gl
|join|Ill leave
|c| Ill leave|looks fun to play imo 
|
|start
|switch|p1a: Gothitelletubby|Gothitelle, M|344\/344
|switch|p2a: Jirachi|Jirachi, shiny|359\/359
|turn|1
|
|move|p2a: Jirachi|U-turn|p1a: Gothitelletubby
|-supereffective|p1a: Gothitelletubby
|-damage|p1a: Gothitelletubby|192\/344
|
|switch|p2a: Charizard|Charizard, M, shiny|315\/315
|move|p1a: Gothitelletubby|Trick|p2a: Charizard
|-fail|p2a: Charizard
|
|turn|2
|
|switch|p1a: Swagsire|Quagsire, M|394\/394
|detailschange|p2a: Charizard|Charizard-Mega-X, M, shiny
|message|Charizard has Mega Evolved into Mega Charizard!
|move|p2a: Charizard|Dragon Claw|p1a: Swagsire
|-damage|p1a: Swagsire|255\/394
|
|-heal|p1a: Swagsire|279\/394|[from] item: Leftovers
|turn|3
|
|switch|p2a: Latias|Latias, F|301\/301
|move|p1a: Swagsire|Recover|p1a: Swagsire
|-heal|p1a: Swagsire|394\/394
|
|turn|4
|
|switch|p2a: Landorus-Therian|Landorus-Therian, M|381\/381
|-ability|p2a: Landorus-Therian|Intimidate|[of] p1a: Swagsire
|-unboost|p1a: Swagsire|atk|1
|switch|p1a: Unlucky Egg|Chansey, F|703\/703
|
|turn|5
|
|switch|p1a: Metal Head|Skarmory, M|334\/334
|move|p2a: Landorus-Therian|Stealth Rock|p1a: Metal Head
|-sidestart|p1: SEXY GAMER DOG|move: Stealth Rock
|
|turn|6
|
|move|p2a: Landorus-Therian|U-turn|p1a: Metal Head
|-resisted|p1a: Metal Head
|-damage|p1a: Metal Head|323\/334
|
|switch|p2a: Thundurus|Thundurus, M|299\/299
|move|p1a: Metal Head|Defog|p2a: Thundurus
|-unboost|p2a: Thundurus|evasion|1
|-sideend|p1: SEXY GAMER DOG|Stealth Rock|[from] move: Defog|[of] p1a: Metal Head
|
|-heal|p1a: Metal Head|334\/334|[from] item: Leftovers
|turn|7
|
|switch|p2a: Landorus-Therian|Landorus-Therian, M|381\/381
|-ability|p2a: Landorus-Therian|Intimidate|[of] p1a: Metal Head
|-unboost|p1a: Metal Head|atk|1
|switch|p1a: Gothitelletubby|Gothitelle, M|192\/344
|
|turn|8
|
|move|p1a: Gothitelletubby|Trick|p2a: Landorus-Therian
|-activate|p1a: Gothitelletubby|move: Trick|[of] p2a: Landorus-Therian
|-item|p2a: Landorus-Therian|Choice Scarf|[from] move: Trick
|-item|p1a: Gothitelletubby|Leftovers|[from] move: Trick
|move|p2a: Landorus-Therian|U-turn|p1a: Gothitelletubby
|-supereffective|p1a: Gothitelletubby
|-damage|p1a: Gothitelletubby|22\/344
|
|switch|p2a: Jirachi|Jirachi, shiny|359\/359
|
|-heal|p1a: Gothitelletubby|43\/344|[from] item: Leftovers
|turn|9
|
|move|p2a: Jirachi|U-turn|p1a: Gothitelletubby
|-supereffective|p1a: Gothitelletubby
|-damage|p1a: Gothitelletubby|0 fnt
|faint|p1a: Gothitelletubby
|
|switch|p2a: Landorus-Therian|Landorus-Therian, M|381\/381
|
|
|switch|p1a: Metal Head|Skarmory, M|334\/334
|turn|10
|
|move|p2a: Landorus-Therian|Stealth Rock|p1a: Metal Head
|-sidestart|p1: SEXY GAMER DOG|move: Stealth Rock
|move|p1a: Metal Head|Brave Bird|p2a: Landorus-Therian
|-damage|p2a: Landorus-Therian|294\/381
|-damage|p1a: Metal Head|305\/334|[from] recoil|[of] p2a: Landorus-Therian
|
|-heal|p1a: Metal Head|325\/334|[from] item: Leftovers
|turn|11
|
|switch|p2a: Jirachi|Jirachi, shiny|359\/359
|move|p1a: Metal Head|Defog|p2a: Jirachi
|-unboost|p2a: Jirachi|evasion|1
|-sideend|p1: SEXY GAMER DOG|Stealth Rock|[from] move: Defog|[of] p1a: Metal Head
|
|-heal|p1a: Metal Head|334\/334|[from] item: Leftovers
|turn|12
|
|move|p2a: Jirachi|U-turn|p1a: Metal Head
|-resisted|p1a: Metal Head
|-damage|p1a: Metal Head|325\/334
|c| Ill leave|wow 
|
|switch|p2a: Latias|Latias, F|301\/301
|move|p1a: Metal Head|Roost|p1a: Metal Head
|-heal|p1a: Metal Head|334\/334
|
|turn|13
|
|switch|p2a: Jirachi|Jirachi, shiny|359\/359
|switch|p1a: Unlucky Egg|Chansey, F|703\/703
|
|turn|14
|c| Ill leave|ballsy 
|
|switch|p1a: Manzard|Charizard, F|323\/323
|move|p2a: Jirachi|Trick|p1a: Manzard
|-fail|p1a: Manzard
|
|turn|15
|
|switch|p2a: Landorus-Therian|Landorus-Therian, M|294\/381
|-ability|p2a: Landorus-Therian|Intimidate|[of] p1a: Manzard
|-unboost|p1a: Manzard|atk|1
|detailschange|p1a: Manzard|Charizard-Mega-Y, F
|message|Charizard has Mega Evolved into Mega Charizard!
|-weather|SunnyDay
|move|p1a: Manzard|Flamethrower|p2a: Landorus-Therian
|-damage|p2a: Landorus-Therian|0 fnt
|faint|p2a: Landorus-Therian
|
|-weather|SunnyDay|[upkeep]
|c| Ill leave|hahahahhahaha a
|
|switch|p2a: Charizard|Charizard-Mega-X, M, shiny|315\/315
|turn|16
|c| Ill leave|that 
|c| Ill leave|is crazy 
|c|★SEXY GAMER DOG|?
|
|switch|p1a: Swagsire|Quagsire, M|394\/394
|move|p2a: Charizard|Flare Blitz|p1a: Swagsire
|-resisted|p1a: Swagsire
|-damage|p1a: Swagsire|231\/394
|-status|p1a: Swagsire|brn
|-damage|p2a: Charizard|261\/315|[from] recoil|[of] p1a: Swagsire
|
|-weather|SunnyDay|[upkeep]
|-heal|p1a: Swagsire|255\/394 brn|[from] item: Leftovers
|-damage|p1a: Swagsire|206\/394 brn|[from] brn
|turn|17
|c| Ill leave|stall 
|c| Ill leave|and the you just have a mega zard y 
|c| Ill leave|chillin
|
|move|p2a: Charizard|Dragon Claw|p1a: Swagsire
|-damage|p1a: Swagsire|52\/394 brn
|move|p1a: Swagsire|Recover|p1a: Swagsire
|-heal|p1a: Swagsire|249\/394 brn
|
|-weather|SunnyDay|[upkeep]
|-heal|p1a: Swagsire|273\/394 brn|[from] item: Leftovers
|-damage|p1a: Swagsire|224\/394 brn|[from] brn
|turn|18
|
|switch|p2a: Jirachi|Jirachi, shiny|359\/359
|move|p1a: Swagsire|Recover|p1a: Swagsire
|-heal|p1a: Swagsire|394\/394 brn
|
|-weather|SunnyDay|[upkeep]
|-damage|p1a: Swagsire|345\/394 brn|[from] brn
|turn|19
|
|switch|p1a: Metal Head|Skarmory, M|334\/334
|move|p2a: Jirachi|Trick|p1a: Metal Head
|-activate|p2a: Jirachi|move: Trick|[of] p1a: Metal Head
|-item|p1a: Metal Head|Choice Scarf|[from] move: Trick
|-item|p2a: Jirachi|Leftovers|[from] move: Trick
|
|-weather|none
|turn|20
|
|move|p2a: Jirachi|U-turn|p1a: Metal Head
|-resisted|p1a: Metal Head
|-damage|p1a: Metal Head|325\/334
|c|★SEXY GAMER DOG|:)
|
|switch|p2a: Charizard|Charizard-Mega-X, M, shiny|261\/315
|move|p1a: Metal Head|Stealth Rock|p2a: Charizard
|-sidestart|p2: Dark Side of Moon|move: Stealth Rock
|
|turn|21
|
|switch|p1a: Unlucky Egg|Chansey, F|703\/703
|move|p2a: Charizard|Dragon Claw|p1a: Unlucky Egg
|-damage|p1a: Unlucky Egg|447\/703
|
|turn|22
|
|move|p2a: Charizard|Flare Blitz|p1a: Unlucky Egg
|-damage|p1a: Unlucky Egg|96\/703
|-damage|p2a: Charizard|145\/315|[from] recoil|[of] p1a: Unlucky Egg
|move|p1a: Unlucky Egg|Soft-Boiled|p1a: Unlucky Egg
|-heal|p1a: Unlucky Egg|448\/703
|
|turn|23
|
|move|p2a: Charizard|Dragon Claw|p1a: Unlucky Egg
|-damage|p1a: Unlucky Egg|219\/703
|move|p1a: Unlucky Egg|Soft-Boiled|p1a: Unlucky Egg
|-heal|p1a: Unlucky Egg|571\/703
|
|turn|24
|
|move|p2a: Charizard|Flare Blitz|p1a: Unlucky Egg
|-damage|p1a: Unlucky Egg|223\/703
|-damage|p2a: Charizard|30\/315|[from] recoil|[of] p1a: Unlucky Egg
|move|p1a: Unlucky Egg|Heal Bell|p1a: Unlucky Egg
|-cureteam|p1a: Unlucky Egg|[from] move: HealBell
|
|turn|25
|
|switch|p1a: Swagsire|Quagsire, M|345\/394
|move|p2a: Charizard|Dragon Claw|p1a: Swagsire
|-damage|p1a: Swagsire|206\/394
|
|-heal|p1a: Swagsire|230\/394|[from] item: Leftovers
|turn|26
|
|switch|p2a: Latias|Latias, F|301\/301
|-damage|p2a: Latias|264\/301|[from] Stealth Rock
|move|p1a: Swagsire|Recover|p1a: Swagsire
|-heal|p1a: Swagsire|394\/394
|
|turn|27
|
|switch|p1a: Metal Head|Skarmory, M|325\/334
|move|p2a: Latias|Defog|p1a: Metal Head
|-unboost|p1a: Metal Head|evasion|1
|-sideend|p2: Dark Side of Moon|Stealth Rock|[from] move: Defog|[of] p2a: Latias
|
|turn|28
|
|move|p2a: Latias|Healing Wish|p2a: Latias
|faint|p2a: Latias
|move|p1a: Metal Head|Stealth Rock|p2: Latias
|-sidestart|p2: Dark Side of Moon|move: Stealth Rock
|
|
|switch|p2a: Charizard|Charizard-Mega-X, M, shiny|30\/315
|-heal|p2a: Charizard|315\/315|[from] move: Healing Wish
|-damage|p2a: Charizard|237\/315|[from] Stealth Rock
|turn|29
|
|switch|p1a: Swagsire|Quagsire, M|394\/394
|move|p2a: Charizard|Dragon Claw|p1a: Swagsire
|-damage|p1a: Swagsire|234\/394
|
|-heal|p1a: Swagsire|258\/394|[from] item: Leftovers
|turn|30
|
|switch|p2a: Keldeo-Resolute|Keldeo-Resolute, shiny|323\/323
|-damage|p2a: Keldeo-Resolute|303\/323|[from] Stealth Rock
|move|p1a: Swagsire|Recover|p1a: Swagsire
|-heal|p1a: Swagsire|394\/394
|
|turn|31
|
|switch|p1a: Grasshole|Amoonguss, M|432\/432
|move|p2a: Keldeo-Resolute|Scald|p1a: Grasshole
|-resisted|p1a: Grasshole
|-damage|p1a: Grasshole|341\/432
|
|-heal|p1a: Grasshole|368\/432|[from] item: Black Sludge
|turn|32
|
|switch|p2a: Jirachi|Jirachi, shiny|359\/359
|-damage|p2a: Jirachi|337\/359|[from] Stealth Rock
|move|p1a: Grasshole|Spore|p2a: Jirachi
|-status|p2a: Jirachi|slp
|
|-heal|p2a: Jirachi|359\/359 slp|[from] item: Leftovers
|-heal|p1a: Grasshole|395\/432|[from] item: Black Sludge
|turn|33
|
|switch|p2a: Keldeo-Resolute|Keldeo-Resolute, shiny|303\/323
|-damage|p2a: Keldeo-Resolute|283\/323|[from] Stealth Rock
|switch|p1a: Unlucky Egg|Chansey, F|223\/703
|
|turn|34
|
|switch|p1a: Grasshole|Amoonguss, M|432\/432
|move|p2a: Keldeo-Resolute|Scald|p1a: Grasshole
|-resisted|p1a: Grasshole
|-damage|p1a: Grasshole|348\/432
|
|-heal|p1a: Grasshole|375\/432|[from] item: Black Sludge
|turn|35
|
|move|p2a: Keldeo-Resolute|Scald|p1a: Grasshole
|-resisted|p1a: Grasshole
|-damage|p1a: Grasshole|293\/432
|move|p1a: Grasshole|Giga Drain|p2a: Keldeo-Resolute
|-supereffective|p2a: Keldeo-Resolute
|-damage|p2a: Keldeo-Resolute|125\/323
|-heal|p1a: Grasshole|372\/432|[from] drain|[of] p2a: Keldeo-Resolute
|
|-heal|p1a: Grasshole|399\/432|[from] item: Black Sludge
|turn|36
|-message|Dark Side of Moon forfeited.
|
|win|SEXY GAMER DOG
|raw|Ladder updating...
|leave|Dark Side of Moon
|player|p2
|raw|SEXY GAMER DOG's rating: 1769 &rarr; <strong>1787<\/strong><br \/>(+18 for winning)
|raw|Dark Side of Moon's rating: 1733 &rarr; <strong>1716<\/strong><br \/>(-17 for losing)
|leave|SEXY GAMER DOG
|player|p1
|leave|Ill leave