|join|Boomer779
|join|KUNG FU TANGA
|player|p1|Boomer779|68
|player|p2|KUNG FU TANGA|124
|gametype|singles
|gen|6
|tier|OU
|rated
|clearpoke
|poke|p1|Beedrill, M
|poke|p1|Latias, F
|poke|p1|Magnezone
|poke|p1|Talonflame, F
|poke|p1|Sylveon, M
|poke|p1|Mamoswine, M
|poke|p2|Rotom-Wash
|poke|p2|Pangoro, F
|poke|p2|Lopunny, M
|poke|p2|Jirachi
|poke|p2|Landorus, M
|poke|p2|Hawlucha, M
|rule|Swagger Clause: Swagger is banned
|rule|Baton Pass Clause: Limit one Pokémon knowing Baton Pass
|rule|Sleep Clause Mod: Limit one foe put to sleep
|rule|Species Clause: Limit one of each Pokémon
|rule|OHKO Clause: OHKO moves are banned
|rule|Moody Clause: Moody is banned
|rule|Evasion Moves Clause: Evasion moves are banned
|rule|Endless Battle Clause: Forcing endless battles is banned
|rule|HP Percentage Mod: HP is shown in percentages
|teampreview
|c|★Boomer779|gl hf
|c|★KUNG FU TANGA|u2
|
|start
|switch|p1a: Flinch O' Swine|Mamoswine, M|361\/361
|switch|p2a: WONDERWOMAN|Lopunny, M|271\/271
|turn|1
|
|detailschange|p2a: WONDERWOMAN|Lopunny-Mega, M
|-mega|p2a: WONDERWOMAN|Lopunny|Lopunnite
|move|p2a: WONDERWOMAN|Fake Out|p1a: Flinch O' Swine
|-damage|p1a: Flinch O' Swine|271\/361
|cant|p1a: Flinch O' Swine|flinch
|
|turn|2
|
|move|p1a: Flinch O' Swine|Superpower|p2a: WONDERWOMAN
|-supereffective|p2a: WONDERWOMAN
|-damage|p2a: WONDERWOMAN|0 fnt
|-unboost|p1a: Flinch O' Swine|atk|1
|-unboost|p1a: Flinch O' Swine|def|1
|faint|p2a: WONDERWOMAN
|
|c|★Boomer779|surprise?
|c|★KUNG FU TANGA|y o.o
|
|switch|p2a: AQUAMAN|Rotom-Wash|303\/303
|turn|3
|
|switch|p1a: Magnezone|Magnezone|281\/281
|move|p2a: AQUAMAN|Volt Switch|p1a: Magnezone
|-resisted|p1a: Magnezone
|-damage|p1a: Magnezone|237\/281
|
|switch|p2a: SAND MAN|Landorus, M|319\/319
|
|turn|4
|
|switch|p1a: Latias|Latias, F|301\/301
|move|p2a: SAND MAN|Stealth Rock|p1a: Latias
|-sidestart|p1: Boomer779|move: Stealth Rock
|
|turn|5
|
|move|p1a: Latias|Psyshock|p2a: SAND MAN
|-damage|p2a: SAND MAN|183\/319
|move|p2a: SAND MAN|U-turn|p1a: Latias
|-supereffective|p1a: Latias
|-damage|p1a: Latias|132\/301
|-damage|p2a: SAND MAN|152\/319|[from] item: Life Orb
|
|switch|p2a: PO|Pangoro, F|331\/331
|
|-heal|p1a: Latias|150\/301|[from] item: Leftovers
|turn|6
|
|move|p1a: Latias|Draco Meteor|p2a: PO
|-damage|p2a: PO|37\/331
|-unboost|p1a: Latias|spa|2
|move|p2a: PO|Knock Off|p1a: Latias
|-crit|p1a: Latias
|-supereffective|p1a: Latias
|-damage|p1a: Latias|0 fnt
|-enditem|p1a: Latias|Leftovers|[from] move: Knock Off|[of] p2a: PO
|faint|p1a: Latias
|
|
|switch|p1a: Magnezone|Magnezone|237\/281
|-damage|p1a: Magnezone|220\/281|[from] Stealth Rock
|turn|7
|
|switch|p2a: AQUAMAN|Rotom-Wash|303\/303
|move|p1a: Magnezone|Flash Cannon|p2a: AQUAMAN
|-resisted|p2a: AQUAMAN
|-damage|p2a: AQUAMAN|268\/303
|
|-heal|p2a: AQUAMAN|286\/303|[from] item: Leftovers
|turn|8
|
|switch|p1a: Flinch O' Swine|Mamoswine, M|271\/361
|-damage|p1a: Flinch O' Swine|226\/361|[from] Stealth Rock
|move|p2a: AQUAMAN|Volt Switch|p1a: Flinch O' Swine
|-immune|p1a: Flinch O' Swine|[msg]
|
|-heal|p2a: AQUAMAN|303\/303|[from] item: Leftovers
|turn|9
|
|switch|p1a: Sylveon|Sylveon, M|393\/393
|-damage|p1a: Sylveon|344\/393|[from] Stealth Rock
|switch|p2a: PO|Pangoro, F|37\/331
|
|turn|10
|
|move|p2a: PO|Gunk Shot|p1a: Sylveon
|-supereffective|p1a: Sylveon
|-damage|p1a: Sylveon|0 fnt
|faint|p1a: Sylveon
|
|c|★KUNG FU TANGA|surprise?
|c|★Boomer779|yah XD
|
|switch|p1a: Talonflame|Talonflame, F|297\/297
|-damage|p1a: Talonflame|149\/297|[from] Stealth Rock
|turn|11
|
|move|p1a: Talonflame|Brave Bird|p2a: PO
|-supereffective|p2a: PO
|-damage|p2a: PO|0 fnt
|-damage|p1a: Talonflame|137\/297|[from] recoil|[of] p2a: PO
|faint|p2a: PO
|
|c|★Boomer779|surprise XD
|c|★KUNG FU TANGA|Not really xD
|
|switch|p2a: AQUAMAN|Rotom-Wash|303\/303
|turn|12
|c|★Boomer779|XD
|
|switch|p1a: Magnezone|Magnezone|220\/281
|-damage|p1a: Magnezone|203\/281|[from] Stealth Rock
|move|p2a: AQUAMAN|Volt Switch|p1a: Magnezone
|-resisted|p1a: Magnezone
|-damage|p1a: Magnezone|152\/281
|
|switch|p2a: SILVERSURFER|Jirachi|401\/401
|
|turn|13
|
|move|p1a: Magnezone|Hidden Power|p2a: SILVERSURFER
|-supereffective|p2a: SILVERSURFER
|-damage|p2a: SILVERSURFER|289\/401
|move|p2a: SILVERSURFER|U-turn|p1a: Magnezone
|-resisted|p1a: Magnezone
|-damage|p1a: Magnezone|126\/281
|
|switch|p2a: REY MISTERIO|Hawlucha, M|300\/300
|
|turn|14
|c|★Boomer779|that bulk
|
|switch|p1a: Talonflame|Talonflame, F|137\/297
|-damage|p1a: Talonflame|0 fnt|[from] Stealth Rock
|faint|p1a: Talonflame
|move|p2a: REY MISTERIO|Substitute|p2a: REY MISTERIO
|-start|p2a: REY MISTERIO|Substitute
|-damage|p2a: REY MISTERIO|225\/300
|
|
|switch|p1a: Magnezone|Magnezone|126\/281
|-damage|p1a: Magnezone|109\/281|[from] Stealth Rock
|turn|15
|
|move|p1a: Magnezone|Thunderbolt|p2a: REY MISTERIO
|-supereffective|p2a: REY MISTERIO
|-end|p2a: REY MISTERIO|Substitute
|move|p2a: REY MISTERIO|Substitute|p2a: REY MISTERIO
|-start|p2a: REY MISTERIO|Substitute
|-damage|p2a: REY MISTERIO|150\/300
|-enditem|p2a: REY MISTERIO|Sitrus Berry|[eat]
|-heal|p2a: REY MISTERIO|225\/300|[from] item: Sitrus Berry
|
|turn|16
|
|move|p2a: REY MISTERIO|High Jump Kick|p1a: Magnezone
|-supereffective|p1a: Magnezone
|-damage|p1a: Magnezone|0 fnt
|faint|p1a: Magnezone
|
|c|★KUNG FU TANGA|Surprise
|c|★Boomer779|yah
|c|★KUNG FU TANGA|gg
|c|★KUNG FU TANGA|!
|c|★Boomer779|gg
|
|switch|p1a: Flinch O' Swine|Mamoswine, M|226\/361
|-damage|p1a: Flinch O' Swine|181\/361|[from] Stealth Rock
|turn|17
|
|move|p2a: REY MISTERIO|Acrobatics|p1a: Flinch O' Swine
|-damage|p1a: Flinch O' Swine|0 fnt
|faint|p1a: Flinch O' Swine
|
|
|switch|p1a: Beedrill|Beedrill, M|271\/271
|-damage|p1a: Beedrill|204\/271|[from] Stealth Rock
|turn|18
|
|detailschange|p1a: Beedrill|Beedrill-Mega, M
|-mega|p1a: Beedrill|Beedrill|Beedrillite
|move|p1a: Beedrill|Protect|p1a: Beedrill
|-singleturn|p1a: Beedrill|Protect
|move|p2a: REY MISTERIO|Acrobatics|p1a: Beedrill
|-activate|p1a: Beedrill|Protect
|
|turn|19
|
|move|p2a: REY MISTERIO|Acrobatics|p1a: Beedrill
|-supereffective|p1a: Beedrill
|-damage|p1a: Beedrill|0 fnt
|faint|p1a: Beedrill
|
|win|KUNG FU TANGA
|raw|Ladder updating...
|raw|Boomer779's rating: 1200 &rarr; <strong>1173<\/strong><br \/>(-27 for losing)
|raw|KUNG FU TANGA's rating: 1184 &rarr; <strong>1210<\/strong><br \/>(+26 for winning)