|join|KUNG FU TANGA
|join|HGM
|join|lord ledian
|player|p1|KUNG FU TANGA|124
|player|p2|HGM|169
|gametype|singles
|gen|6
|tier|OU
|rated
|clearpoke
|poke|p1|Rotom-Wash
|poke|p1|Pangoro, M
|poke|p1|Lopunny, F
|poke|p1|Jirachi
|poke|p1|Landorus, M
|poke|p1|Hawlucha, M
|poke|p2|Diancie
|poke|p2|Garchomp, M
|poke|p2|Rotom-Wash
|poke|p2|Bisharp, M
|poke|p2|Landorus-Therian, M
|poke|p2|Slowbro, M
|rule|Swagger Clause: Swagger is banned
|rule|Baton Pass Clause: Limit one Pokémon knowing Baton Pass
|rule|Sleep Clause Mod: Limit one foe put to sleep
|rule|Species Clause: Limit one of each Pokémon
|rule|OHKO Clause: OHKO moves are banned
|rule|Moody Clause: Moody is banned
|rule|Evasion Moves Clause: Evasion moves are banned
|rule|Endless Battle Clause: Forcing endless battles is banned
|rule|HP Percentage Mod: HP is shown in percentages
|teampreview
|join|I Need A TwiiXx
|
|start
|switch|p1a: WONDERWOMAN|Lopunny, F|271\/271
|switch|p2a: Garchomp|Garchomp, M|357\/357
|turn|1
|
|switch|p2a: Slowbro|Slowbro, M|394\/394
|detailschange|p1a: WONDERWOMAN|Lopunny-Mega, F
|-mega|p1a: WONDERWOMAN|Lopunny|Lopunnite
|move|p1a: WONDERWOMAN|Fake Out|p2a: Slowbro
|-damage|p2a: Slowbro|340\/394
|
|-heal|p2a: Slowbro|364\/394|[from] item: Leftovers
|turn|2
|
|switch|p1a: AQUAMAN|Rotom-Wash|303\/303
|switch|p2a: Garchomp|Garchomp, M|357\/357
|
|turn|3
|
|move|p2a: Garchomp|Stealth Rock|p1a: AQUAMAN
|-sidestart|p1: KUNG FU TANGA|move: Stealth Rock
|move|p1a: AQUAMAN|Will-O-Wisp|p2a: Garchomp
|-status|p2a: Garchomp|brn
|-enditem|p2a: Garchomp|Lum Berry|[eat]
|-curestatus|p2a: Garchomp|brn
|
|turn|4
|
|switch|p2a: Rotom-Wash|Rotom-Wash|304\/304
|move|p1a: AQUAMAN|Will-O-Wisp|p2a: Rotom-Wash
|-status|p2a: Rotom-Wash|brn
|
|-damage|p2a: Rotom-Wash|266\/304 brn|[from] brn
|turn|5
|
|move|p2a: Rotom-Wash|Will-O-Wisp|p1a: AQUAMAN
|-status|p1a: AQUAMAN|brn
|move|p1a: AQUAMAN|Volt Switch|p2a: Rotom-Wash
|-damage|p2a: Rotom-Wash|185\/304 brn
|
|switch|p1a: SAND MAN|Landorus, M|319\/319
|-damage|p1a: SAND MAN|280\/319|[from] Stealth Rock
|
|-heal|p2a: Rotom-Wash|204\/304 brn|[from] item: Leftovers
|-damage|p2a: Rotom-Wash|166\/304 brn|[from] brn
|turn|6
|
|move|p1a: SAND MAN|Focus Blast|p2a: Rotom-Wash
|-damage|p2a: Rotom-Wash|0 fnt
|faint|p2a: Rotom-Wash
|
|
|switch|p2a: Garchomp|Garchomp, M|357\/357
|turn|7
|
|move|p2a: Garchomp|Outrage|p1a: SAND MAN
|-damage|p1a: SAND MAN|33\/319
|move|p1a: SAND MAN|Stealth Rock|p2a: Garchomp
|-sidestart|p2: HGM|move: Stealth Rock
|
|turn|8
|
|move|p2a: Garchomp|Outrage|p1a: SAND MAN
|-damage|p1a: SAND MAN|0 fnt
|faint|p1a: SAND MAN
|
|-end|p2a: Garchomp|rampage
|-start|p2a: Garchomp|confusion
|
|switch|p1a: WONDERWOMAN|Lopunny-Mega, F|271\/271
|-damage|p1a: WONDERWOMAN|255\/271|[from] Stealth Rock
|turn|9
|
|switch|p1a: PO|Pangoro, M|331\/331
|-damage|p1a: PO|311\/331|[from] Stealth Rock
|switch|p2a: Slowbro|Slowbro, M|394\/394
|-damage|p2a: Slowbro|345\/394|[from] Stealth Rock
|
|-heal|p2a: Slowbro|369\/394|[from] item: Leftovers
|turn|10
|
|switch|p2a: Landorus-Therian|Landorus-Therian, M|319\/319
|-damage|p2a: Landorus-Therian|280\/319|[from] Stealth Rock
|-ability|p2a: Landorus-Therian|Intimidate|[of] p1a: PO
|-unboost|p1a: PO|atk|1
|move|p1a: PO|Knock Off|p2a: Landorus-Therian
|-damage|p2a: Landorus-Therian|70\/319
|-enditem|p2a: Landorus-Therian|Choice Scarf|[from] move: Knock Off|[of] p1a: PO
|
|turn|11
|
|switch|p1a: REY MISTERIO|Hawlucha, M|300\/300
|-damage|p1a: REY MISTERIO|263\/300|[from] Stealth Rock
|move|p2a: Landorus-Therian|Superpower|p1a: REY MISTERIO
|-resisted|p1a: REY MISTERIO
|-damage|p1a: REY MISTERIO|166\/300
|-unboost|p2a: Landorus-Therian|atk|1
|-unboost|p2a: Landorus-Therian|def|1
|
|turn|12
|
|switch|p2a: Slowbro|Slowbro, M|394\/394
|-damage|p2a: Slowbro|345\/394|[from] Stealth Rock
|move|p1a: REY MISTERIO|Acrobatics|p2a: Slowbro
|-damage|p2a: Slowbro|290\/394
|
|-heal|p2a: Slowbro|314\/394|[from] item: Leftovers
|turn|13
|
|switch|p1a: AQUAMAN|Rotom-Wash|303\/303 brn
|-damage|p1a: AQUAMAN|266\/303 brn|[from] Stealth Rock
|switch|p2a: Diancie|Diancie|241\/241
|-damage|p2a: Diancie|211\/241|[from] Stealth Rock
|
|-heal|p1a: AQUAMAN|284\/303 brn|[from] item: Leftovers
|-damage|p1a: AQUAMAN|247\/303 brn|[from] brn
|turn|14
|
|switch|p1a: SILVERSURFER|Jirachi|401\/401
|-damage|p1a: SILVERSURFER|376\/401|[from] Stealth Rock
|detailschange|p2a: Diancie|Diancie-Mega
|-mega|p2a: Diancie|Diancie|Diancite
|move|p2a: Diancie|Protect|p2a: Diancie
|-fail|p2a: Diancie
|
|-heal|p1a: SILVERSURFER|401\/401|[from] item: Leftovers
|turn|15
|
|switch|p2a: Slowbro|Slowbro, M|394\/394
|-damage|p2a: Slowbro|345\/394|[from] Stealth Rock
|move|p1a: SILVERSURFER|U-turn|p2a: Slowbro
|-supereffective|p2a: Slowbro
|-damage|p2a: Slowbro|271\/394
|
|switch|p1a: PO|Pangoro, M|311\/331
|-damage|p1a: PO|291\/331|[from] Stealth Rock
|
|-heal|p2a: Slowbro|295\/394|[from] item: Leftovers
|turn|16
|
|switch|p2a: Landorus-Therian|Landorus-Therian, M|70\/319
|-damage|p2a: Landorus-Therian|31\/319|[from] Stealth Rock
|-ability|p2a: Landorus-Therian|Intimidate|[of] p1a: PO
|-unboost|p1a: PO|atk|1
|move|p1a: PO|Knock Off|p2a: Landorus-Therian
|-damage|p2a: Landorus-Therian|0 fnt
|faint|p2a: Landorus-Therian
|
|
|switch|p2a: Garchomp|Garchomp, M|357\/357
|-damage|p2a: Garchomp|335\/357|[from] Stealth Rock
|turn|17
|
|switch|p1a: REY MISTERIO|Hawlucha, M|166\/300
|-damage|p1a: REY MISTERIO|129\/300|[from] Stealth Rock
|-enditem|p1a: REY MISTERIO|Sitrus Berry|[eat]
|-heal|p1a: REY MISTERIO|204\/300|[from] item: Sitrus Berry
|move|p2a: Garchomp|Swords Dance|p2a: Garchomp
|-boost|p2a: Garchomp|atk|2
|
|turn|18
|
|move|p1a: REY MISTERIO|Substitute|p1a: REY MISTERIO
|-start|p1a: REY MISTERIO|Substitute
|-damage|p1a: REY MISTERIO|129\/300
|move|p2a: Garchomp|Outrage|p1a: REY MISTERIO
|-end|p1a: REY MISTERIO|Substitute
|
|turn|19
|
|move|p1a: REY MISTERIO|Substitute|p1a: REY MISTERIO
|-start|p1a: REY MISTERIO|Substitute
|-damage|p1a: REY MISTERIO|54\/300
|move|p2a: Garchomp|Outrage|p1a: REY MISTERIO
|-end|p1a: REY MISTERIO|Substitute
|
|-end|p2a: Garchomp|rampage
|-start|p2a: Garchomp|confusion
|turn|20
|
|switch|p2a: Slowbro|Slowbro, M|394\/394
|-damage|p2a: Slowbro|345\/394|[from] Stealth Rock
|move|p1a: REY MISTERIO|Acrobatics|p2a: Slowbro
|-damage|p2a: Slowbro|231\/394
|
|-heal|p2a: Slowbro|255\/394|[from] item: Leftovers
|turn|21
|
|move|p1a: REY MISTERIO|Swords Dance|p1a: REY MISTERIO
|-boost|p1a: REY MISTERIO|atk|2
|move|p2a: Slowbro|Scald|p1a: REY MISTERIO
|-damage|p1a: REY MISTERIO|0 fnt
|faint|p1a: REY MISTERIO
|
|-heal|p2a: Slowbro|279\/394|[from] item: Leftovers
|
|switch|p1a: PO|Pangoro, M|291\/331
|-damage|p1a: PO|271\/331|[from] Stealth Rock
|turn|22
|
|switch|p2a: Bisharp|Bisharp, M|271\/271
|-damage|p2a: Bisharp|255\/271|[from] Stealth Rock
|move|p1a: PO|Superpower|p2a: Bisharp
|-supereffective|p2a: Bisharp
|-damage|p2a: Bisharp|0 fnt
|-unboost|p1a: PO|atk|1
|-unboost|p1a: PO|def|1
|faint|p2a: Bisharp
|
|
|switch|p2a: Garchomp|Garchomp, M|335\/357
|-damage|p2a: Garchomp|313\/357|[from] Stealth Rock
|turn|23
|
|switch|p1a: AQUAMAN|Rotom-Wash|247\/303 brn
|-damage|p1a: AQUAMAN|210\/303 brn|[from] Stealth Rock
|move|p2a: Garchomp|Swords Dance|p2a: Garchomp
|-boost|p2a: Garchomp|atk|2
|
|-heal|p1a: AQUAMAN|228\/303 brn|[from] item: Leftovers
|-damage|p1a: AQUAMAN|191\/303 brn|[from] brn
|turn|24
|
|move|p2a: Garchomp|Outrage|p1a: AQUAMAN
|-damage|p1a: AQUAMAN|0 fnt
|faint|p1a: AQUAMAN
|
|
|switch|p1a: WONDERWOMAN|Lopunny-Mega, F|255\/271
|-damage|p1a: WONDERWOMAN|239\/271|[from] Stealth Rock
|turn|25
|
|move|p1a: WONDERWOMAN|Ice Punch|p2a: Garchomp
|-supereffective|p2a: Garchomp
|-damage|p2a: Garchomp|0 fnt
|-damage|p1a: WONDERWOMAN|206\/271|[from] ability: Rough Skin|[of] p2a: Garchomp
|faint|p2a: Garchomp
|
|
|switch|p2a: Slowbro|Slowbro, M|394\/394
|-damage|p2a: Slowbro|345\/394|[from] Stealth Rock
|turn|26
|
|switch|p2a: Diancie|Diancie-Mega|211\/241
|-damage|p2a: Diancie|181\/241|[from] Stealth Rock
|move|p1a: WONDERWOMAN|Return|p2a: Diancie
|-resisted|p2a: Diancie
|-damage|p2a: Diancie|82\/241
|
|turn|27
|
|switch|p2a: Slowbro|Slowbro, M|394\/394
|-damage|p2a: Slowbro|345\/394|[from] Stealth Rock
|move|p1a: WONDERWOMAN|Return|p2a: Slowbro
|-damage|p2a: Slowbro|200\/394
|
|-heal|p2a: Slowbro|224\/394|[from] item: Leftovers
|turn|28
|
|move|p1a: WONDERWOMAN|Return|p2a: Slowbro
|-damage|p2a: Slowbro|73\/394
|move|p2a: Slowbro|Slack Off|p2a: Slowbro
|-heal|p2a: Slowbro|270\/394
|
|-heal|p2a: Slowbro|294\/394|[from] item: Leftovers
|turn|29
|
|move|p1a: WONDERWOMAN|Return|p2a: Slowbro
|-damage|p2a: Slowbro|161\/394
|move|p2a: Slowbro|Slack Off|p2a: Slowbro
|-heal|p2a: Slowbro|358\/394
|
|-heal|p2a: Slowbro|382\/394|[from] item: Leftovers
|turn|30
|
|move|p1a: WONDERWOMAN|Return|p2a: Slowbro
|-damage|p2a: Slowbro|249\/394
|move|p2a: Slowbro|Psyshock|p1a: WONDERWOMAN
|-supereffective|p1a: WONDERWOMAN
|-damage|p1a: WONDERWOMAN|0 fnt
|faint|p1a: WONDERWOMAN
|
|-heal|p2a: Slowbro|273\/394|[from] item: Leftovers
|
|switch|p1a: PO|Pangoro, M|271\/331
|-damage|p1a: PO|251\/331|[from] Stealth Rock
|turn|31
|c|★KUNG FU TANGA|gg
|
|move|p1a: PO|Knock Off|p2a: Slowbro
|-supereffective|p2a: Slowbro
|-damage|p2a: Slowbro|0 fnt
|-enditem|p2a: Slowbro|Leftovers|[from] move: Knock Off|[of] p1a: PO
|faint|p2a: Slowbro
|
|
|switch|p2a: Diancie|Diancie-Mega|82\/241
|-damage|p2a: Diancie|52\/241|[from] Stealth Rock
|turn|32
|
|move|p2a: Diancie|Moonblast|p1a: PO
|-supereffective|p1a: PO
|-damage|p1a: PO|0 fnt
|faint|p1a: PO
|
|
|switch|p1a: SILVERSURFER|Jirachi|401\/401
|-damage|p1a: SILVERSURFER|376\/401|[from] Stealth Rock
|turn|33
|
|move|p2a: Diancie|Protect|p2a: Diancie
|-singleturn|p2a: Diancie|Protect
|move|p1a: SILVERSURFER|Iron Head|p2a: Diancie
|-activate|p2a: Diancie|Protect
|
|-heal|p1a: SILVERSURFER|401\/401|[from] item: Leftovers
|turn|34
|
|move|p2a: Diancie|Earth Power|p1a: SILVERSURFER
|-supereffective|p1a: SILVERSURFER
|-damage|p1a: SILVERSURFER|205\/401
|move|p1a: SILVERSURFER|Iron Head|p2a: Diancie
|-supereffective|p2a: Diancie
|-damage|p2a: Diancie|0 fnt
|faint|p2a: Diancie
|
|win|KUNG FU TANGA
|raw|Ladder updating...
|raw|KUNG FU TANGA's rating: 1553 &rarr; <strong>1567<\/strong><br \/>(+14 for winning)
|raw|HGM's rating: 1445 &rarr; <strong>1431<\/strong><br \/>(-14 for losing)
|c|★KUNG FU TANGA|gg
|c| I Need A TwiiXx|gg
|c|★HGM|?
|leave|HGM
|leave|lord ledian
|player|p2