|join|zippleclopper
|join|Jujuba De Leao
|player|p1|zippleclopper|1
|player|p2|Jujuba De Leao|31
|gametype|singles
|gen|6
|tier|UU
|rated
|rule|Sleep Clause Mod: Limit one foe put to sleep
|rule|Species Clause: Limit one of each Pokémon
|rule|OHKO Clause: OHKO moves are banned
|rule|Moody Clause: Moody is banned
|rule|Evasion Moves Clause: Evasion moves are banned
|rule|Endless Battle Clause: Forcing endless battles is banned
|rule|HP Percentage Mod: HP is shown in percentages
|clearpoke
|poke|p1|Hippowdon, M
|poke|p1|Reuniclus, M
|poke|p1|Doublade, F
|poke|p1|Entei, shiny
|poke|p1|Virizion
|poke|p1|Blastoise, F
|poke|p2|Lopunny, M
|poke|p2|Zygarde
|poke|p2|Jirachi
|poke|p2|Starmie
|poke|p2|Infernape, F
|poke|p2|Shaymin
|rule|Swagger Clause: Swagger is banned
|rule|Baton Pass Clause: Limit one Pokémon knowing Baton Pass
|teampreview
|
|start
|switch|p1a: Blastoise|Blastoise, F|355\/355
|switch|p2a: Starmie|Starmie|261\/261
|turn|1
|
|detailschange|p1a: Blastoise|Blastoise-Mega, F
|message|Blastoise has Mega Evolved into Mega Blastoise!
|move|p2a: Starmie|Psyshock|p1a: Blastoise
|-damage|p1a: Blastoise|222\/355
|-damage|p2a: Starmie|235\/261|[from] item: Life Orb
|move|p1a: Blastoise|Dark Pulse|p2a: Starmie
|-supereffective|p2a: Starmie
|-damage|p2a: Starmie|0 fnt
|faint|p2a: Starmie
|
|
|switch|p2a: Shaymin|Shaymin|342\/342
|turn|2
|
|switch|p1a: Virizion|Virizion|324\/324
|move|p2a: Shaymin|Earth Power|p1a: Virizion
|-resisted|p1a: Virizion
|-damage|p1a: Virizion|287\/324
|
|turn|3
|
|switch|p2a: Jirachi|Jirachi|341\/341
|move|p1a: Virizion|Close Combat|p2a: Jirachi
|-damage|p2a: Jirachi|125\/341
|-unboost|p1a: Virizion|def|1
|-unboost|p1a: Virizion|spd|1
|-damage|p1a: Virizion|255\/324|[from] item: Life Orb
|
|turn|4
|
|move|p1a: Virizion|Close Combat|p2a: Jirachi
|-damage|p2a: Jirachi|0 fnt
|-unboost|p1a: Virizion|def|1
|-unboost|p1a: Virizion|spd|1
|-damage|p1a: Virizion|223\/324|[from] item: Life Orb
|faint|p2a: Jirachi
|
|
|switch|p2a: Infernape|Infernape, F|293\/293
|turn|5
|
|switch|p1a: Hippowdon|Hippowdon, M|419\/419
|-weather|Sandstorm
|move|p2a: Infernape|Fire Blast|p1a: Hippowdon
|-damage|p1a: Hippowdon|290\/419
|
|-weather|Sandstorm|[upkeep]
|-damage|p2a: Infernape|275\/293|[from] Sandstorm
|-heal|p1a: Hippowdon|316\/419|[from] item: Leftovers
|turn|6
|
|move|p2a: Infernape|Stealth Rock|p1a: Hippowdon
|-sidestart|p1: zippleclopper|move: Stealth Rock
|move|p1a: Hippowdon|Earthquake|p2a: Infernape
|-supereffective|p2a: Infernape
|-damage|p2a: Infernape|0 fnt
|faint|p2a: Infernape
|
|-weather|Sandstorm|[upkeep]
|-heal|p1a: Hippowdon|342\/419|[from] item: Leftovers
|
|switch|p2a: Zygarde|Zygarde|358\/358
|-ability|p2a: Zygarde|Aura Break
|turn|7
|
|move|p2a: Zygarde|Dragon Dance|p2a: Zygarde
|-boost|p2a: Zygarde|atk|1
|-boost|p2a: Zygarde|spe|1
|move|p1a: Hippowdon|Earthquake|p2a: Zygarde
|-damage|p2a: Zygarde|244\/358
|
|-weather|Sandstorm|[upkeep]
|-heal|p1a: Hippowdon|368\/419|[from] item: Leftovers
|turn|8
|
|move|p2a: Zygarde|Dragon Dance|p2a: Zygarde
|-boost|p2a: Zygarde|atk|1
|-boost|p2a: Zygarde|spe|1
|move|p1a: Hippowdon|Earthquake|p2a: Zygarde
|-damage|p2a: Zygarde|130\/358
|
|-weather|Sandstorm|[upkeep]
|-heal|p1a: Hippowdon|394\/419|[from] item: Leftovers
|turn|9
|
|move|p2a: Zygarde|Earthquake|p1a: Hippowdon
|-damage|p1a: Hippowdon|121\/419
|move|p1a: Hippowdon|Earthquake|p2a: Zygarde
|-crit|p2a: Zygarde
|-damage|p2a: Zygarde|0 fnt
|faint|p2a: Zygarde
|
|-weather|none
|-heal|p1a: Hippowdon|147\/419|[from] item: Leftovers
|
|switch|p2a: Shaymin|Shaymin|342\/342
|turn|10
|
|move|p2a: Shaymin|Hidden Power|p1a: Hippowdon
|-supereffective|p1a: Hippowdon
|-damage|p1a: Hippowdon|39\/419
|move|p1a: Hippowdon|Earthquake|p2a: Shaymin
|-resisted|p2a: Shaymin
|-damage|p2a: Shaymin|275\/342
|
|-heal|p1a: Hippowdon|65\/419|[from] item: Leftovers
|turn|11
|leave|Jujuba De Leao
|player|p2
|-message|jujubadeleao lost due to inactivity.
|join|Jujuba De Leao
|
|win|zippleclopper
|raw|Ladder updating...
|raw|zippleclopper's rating: 1295 &rarr; <strong>1309<\/strong><br \/>(+14 for winning)
|raw|Jujuba De Leao's rating: 1136 &rarr; <strong>1122<\/strong><br \/>(-14 for losing)