|join|zippleclopper
|join|Century Express
|player|p1|zippleclopper|1
|player|p2|Century Express|145
|gametype|singles
|gen|6
|tier|UU
|rated
|rule|Sleep Clause Mod: Limit one foe put to sleep
|rule|Species Clause: Limit one of each Pokémon
|rule|OHKO Clause: OHKO moves are banned
|rule|Moody Clause: Moody is banned
|rule|Evasion Moves Clause: Evasion moves are banned
|rule|Endless Battle Clause: Forcing endless battles is banned
|rule|HP Percentage Mod: HP is shown in percentages
|clearpoke
|poke|p1|Hippowdon, F
|poke|p1|Reuniclus, M
|poke|p1|Doublade, M
|poke|p1|Entei, shiny
|poke|p1|Virizion
|poke|p1|Blastoise, M
|poke|p2|Beedrill, F
|poke|p2|Raikou
|poke|p2|Crobat, M
|poke|p2|Swampert, M
|poke|p2|Forretress, M
|poke|p2|Whimsicott, M
|rule|Swagger Clause: Swagger is banned
|rule|Baton Pass Clause: Limit one Pokémon knowing Baton Pass
|teampreview
|
|start
|switch|p1a: Blastoise|Blastoise, M|355\/355
|switch|p2a: Swampodin|Swampert, M|401\/401
|turn|1
|
|switch|p2a: Grasshopper|Whimsicott, M|261\/261
|detailschange|p1a: Blastoise|Blastoise-Mega, M
|-mega|p1a: Blastoise|Blastoise|Blastoisinite
|move|p1a: Blastoise|Hydro Pump|p2a: Grasshopper
|-resisted|p2a: Grasshopper
|-damage|p2a: Grasshopper|121\/261
|
|turn|2
|
|move|p2a: Grasshopper|Giga Drain|p1a: Blastoise
|-supereffective|p1a: Blastoise
|-damage|p1a: Blastoise|83\/355
|-heal|p2a: Grasshopper|257\/261|[from] drain|[of] p1a: Blastoise
|move|p1a: Blastoise|Ice Beam|p2a: Grasshopper
|-supereffective|p2a: Grasshopper
|-damage|p2a: Grasshopper|0 fnt
|faint|p2a: Grasshopper
|
|
|switch|p2a: Killer Queen|Beedrill, F|271\/271
|turn|3
|
|switch|p1a: Doublade|Doublade, M|321\/321
|detailschange|p2a: Killer Queen|Beedrill-Mega, F
|-mega|p2a: Killer Queen|Beedrill|Beedrillite
|move|p2a: Killer Queen|U-turn|p1a: Doublade
|-crit|p1a: Doublade
|-resisted|p1a: Doublade
|-damage|p1a: Doublade|288\/321
|
|switch|p2a: Gear-O|Forretress, M|353\/353
|
|turn|4
|
|move|p1a: Doublade|Swords Dance|p1a: Doublade
|-boost|p1a: Doublade|atk|2
|move|p2a: Gear-O|Spikes|p1a: Doublade
|-sidestart|p1: zippleclopper|Spikes
|
|turn|5
|
|move|p1a: Doublade|Swords Dance|p1a: Doublade
|-boost|p1a: Doublade|atk|2
|move|p2a: Gear-O|Volt Switch|p1a: Doublade
|-damage|p1a: Doublade|248\/321
|
|switch|p2a: Swampodin|Swampert, M|401\/401
|
|turn|6
|
|move|p1a: Doublade|Sacred Sword|p2a: Swampodin
|-damage|p2a: Swampodin|168\/401
|move|p2a: Swampodin|Roar|p1a: Doublade
|drag|p1a: Entei|Entei, shiny|371\/371
|-damage|p1a: Entei|325\/371|[from] Spikes
|-ability|p1a: Entei|Pressure
|
|-heal|p2a: Swampodin|193\/401|[from] item: Leftovers
|turn|7
|
|switch|p1a: Blastoise|Blastoise-Mega, M|83\/355
|-damage|p1a: Blastoise|39\/355|[from] Spikes
|move|p2a: Swampodin|Scald|p1a: Blastoise
|-resisted|p1a: Blastoise
|-damage|p1a: Blastoise|9\/355
|
|-heal|p2a: Swampodin|218\/401|[from] item: Leftovers
|turn|8
|
|switch|p2a: Still Life|Raikou|321\/321
|-ability|p2a: Still Life|Pressure
|move|p1a: Blastoise|Hydro Pump|p2a: Still Life
|-damage|p2a: Still Life|89\/321
|
|turn|9
|
|move|p2a: Still Life|Volt Switch|p1a: Blastoise
|-supereffective|p1a: Blastoise
|-damage|p1a: Blastoise|0 fnt
|faint|p1a: Blastoise
|
|switch|p2a: Swampodin|Swampert, M|218\/401
|
|-heal|p2a: Swampodin|243\/401|[from] item: Leftovers
|
|switch|p1a: Virizion|Virizion|324\/324
|-damage|p1a: Virizion|284\/324|[from] Spikes
|turn|10
|
|switch|p2a: Gear-O|Forretress, M|353\/353
|move|p1a: Virizion|Stone Edge|p2a: Gear-O
|-damage|p2a: Gear-O|280\/353
|-damage|p1a: Virizion|252\/324|[from] item: Life Orb
|
|-heal|p2a: Gear-O|302\/353|[from] item: Leftovers
|turn|11
|
|switch|p1a: Entei|Entei, shiny|325\/371
|-damage|p1a: Entei|279\/371|[from] Spikes
|-ability|p1a: Entei|Pressure
|move|p2a: Gear-O|Volt Switch|p1a: Entei
|-damage|p1a: Entei|229\/371
|
|switch|p2a: Swampodin|Swampert, M|243\/401
|
|-heal|p2a: Swampodin|268\/401|[from] item: Leftovers
|turn|12
|
|move|p1a: Entei|Sacred Fire|p2a: Swampodin
|-resisted|p2a: Swampodin
|-damage|p2a: Swampodin|173\/401
|-status|p2a: Swampodin|brn
|move|p2a: Swampodin|Stealth Rock|p1a: Entei
|-sidestart|p1: zippleclopper|move: Stealth Rock
|
|-heal|p2a: Swampodin|198\/401 brn|[from] item: Leftovers
|-damage|p2a: Swampodin|148\/401 brn|[from] brn
|turn|13
|
|switch|p1a: Reuniclus|Reuniclus, M|424\/424
|move|p2a: Swampodin|Scald|p1a: Reuniclus
|-damage|p1a: Reuniclus|331\/424
|
|-heal|p2a: Swampodin|173\/401 brn|[from] item: Leftovers
|-heal|p1a: Reuniclus|357\/424|[from] item: Leftovers
|-damage|p2a: Swampodin|123\/401 brn|[from] brn
|turn|14
|
|switch|p2a: Gear-O|Forretress, M|302\/353
|move|p1a: Reuniclus|Recover|p1a: Reuniclus
|-heal|p1a: Reuniclus|424\/424
|
|-heal|p2a: Gear-O|324\/353|[from] item: Leftovers
|turn|15
|
|switch|p1a: Entei|Entei, shiny|229\/371
|-damage|p1a: Entei|137\/371|[from] Stealth Rock
|-damage|p1a: Entei|91\/371|[from] Spikes
|-ability|p1a: Entei|Pressure
|move|p2a: Gear-O|Volt Switch|p1a: Entei
|-damage|p1a: Entei|43\/371
|
|switch|p2a: Purple Haze|Crobat, M|355\/355
|
|turn|16
|
|move|p1a: Entei|Extreme Speed|p2a: Purple Haze
|-damage|p2a: Purple Haze|182\/355
|move|p2a: Purple Haze|Acrobatics|p1a: Entei
|-damage|p1a: Entei|0 fnt
|faint|p1a: Entei
|
|
|switch|p1a: Doublade|Doublade, M|248\/321
|-damage|p1a: Doublade|228\/321|[from] Stealth Rock
|-damage|p1a: Doublade|188\/321|[from] Spikes
|turn|17
|
|move|p2a: Purple Haze|Taunt|p1a: Doublade
|-start|p1a: Doublade|move: Taunt
|cant|p1a: Doublade|move: Taunt|Swords Dance
|
|turn|18
|
|move|p1a: Doublade|Shadow Sneak|p2a: Purple Haze
|-damage|p2a: Purple Haze|95\/355
|move|p2a: Purple Haze|U-turn|p1a: Doublade
|-resisted|p1a: Doublade
|-damage|p1a: Doublade|181\/321
|
|switch|p2a: Killer Queen|Beedrill-Mega, F|271\/271
|
|turn|19
|
|move|p2a: Killer Queen|Knock Off|p1a: Doublade
|-supereffective|p1a: Doublade
|-damage|p1a: Doublade|49\/321
|-enditem|p1a: Doublade|Eviolite|[from] move: Knock Off|[of] p2a: Killer Queen
|move|p1a: Doublade|Iron Head|p2a: Killer Queen
|-damage|p2a: Killer Queen|1\/271
|
|-end|p1a: Doublade|move: Taunt
|turn|20
|
|switch|p2a: Gear-O|Forretress, M|324\/353
|move|p1a: Doublade|Shadow Sneak|p2a: Gear-O
|-damage|p2a: Gear-O|278\/353
|
|-heal|p2a: Gear-O|300\/353|[from] item: Leftovers
|turn|21
|
|move|p1a: Doublade|Sacred Sword|p2a: Gear-O
|-damage|p2a: Gear-O|237\/353
|move|p2a: Gear-O|Gyro Ball|p1a: Doublade
|-resisted|p1a: Doublade
|-damage|p1a: Doublade|33\/321
|
|-heal|p2a: Gear-O|259\/353|[from] item: Leftovers
|turn|22
|
|move|p1a: Doublade|Sacred Sword|p2a: Gear-O
|-damage|p2a: Gear-O|192\/353
|move|p2a: Gear-O|Volt Switch|p1a: Doublade
|-damage|p1a: Doublade|0 fnt
|faint|p1a: Doublade
|
|switch|p2a: Still Life|Raikou|89\/321
|-ability|p2a: Still Life|Pressure
|
|
|switch|p1a: Hippowdon|Hippowdon, F|419\/419
|-damage|p1a: Hippowdon|393\/419|[from] Stealth Rock
|-damage|p1a: Hippowdon|341\/419|[from] Spikes
|-weather|Sandstorm
|turn|23
|
|switch|p2a: Gear-O|Forretress, M|192\/353
|move|p1a: Hippowdon|Rock Slide|p2a: Gear-O
|-damage|p2a: Gear-O|154\/353
|
|-weather|Sandstorm|[upkeep]
|-heal|p1a: Hippowdon|367\/419|[from] item: Leftovers
|-heal|p2a: Gear-O|176\/353|[from] item: Leftovers
|turn|24
|
|move|p1a: Hippowdon|Earthquake|p2a: Gear-O
|-damage|p2a: Gear-O|89\/353
|move|p2a: Gear-O|Spikes|p1a: Hippowdon
|-sidestart|p1: zippleclopper|Spikes
|
|-weather|Sandstorm|[upkeep]
|-heal|p1a: Hippowdon|393\/419|[from] item: Leftovers
|-heal|p2a: Gear-O|111\/353|[from] item: Leftovers
|turn|25
|
|switch|p2a: Purple Haze|Crobat, M|95\/355
|move|p1a: Hippowdon|Rock Slide|p2a: Purple Haze
|-supereffective|p2a: Purple Haze
|-damage|p2a: Purple Haze|0 fnt
|faint|p2a: Purple Haze
|
|-weather|Sandstorm|[upkeep]
|-heal|p1a: Hippowdon|419\/419|[from] item: Leftovers
|
|switch|p2a: Swampodin|Swampert, M|123\/401 brn
|turn|26
|
|switch|p1a: Reuniclus|Reuniclus, M|424\/424
|move|p2a: Swampodin|Roar|p1a: Reuniclus
|drag|p1a: Virizion|Virizion|252\/324
|-damage|p1a: Virizion|198\/324|[from] Spikes
|-damage|p1a: Virizion|178\/324|[from] Stealth Rock
|
|-weather|Sandstorm|[upkeep]
|-damage|p1a: Virizion|158\/324|[from] sandstorm
|-heal|p2a: Swampodin|148\/401 brn|[from] item: Leftovers
|-damage|p2a: Swampodin|98\/401 brn|[from] brn
|turn|27
|
|switch|p2a: Still Life|Raikou|89\/321
|-ability|p2a: Still Life|Pressure
|move|p1a: Virizion|Close Combat|p2a: Still Life
|-damage|p2a: Still Life|0 fnt
|-unboost|p1a: Virizion|def|1
|-unboost|p1a: Virizion|spd|1
|-damage|p1a: Virizion|126\/324|[from] item: Life Orb
|faint|p2a: Still Life
|
|-weather|none
|
|switch|p2a: Killer Queen|Beedrill-Mega, F|1\/271
|turn|28
|
|move|p2a: Killer Queen|U-turn|p1a: Virizion
|-damage|p1a: Virizion|0 fnt
|faint|p1a: Virizion
|
|switch|p2a: Swampodin|Swampert, M|98\/401 brn
|
|-heal|p2a: Swampodin|123\/401 brn|[from] item: Leftovers
|-damage|p2a: Swampodin|73\/401 brn|[from] brn
|
|switch|p1a: Reuniclus|Reuniclus, M|424\/424
|turn|29
|
|switch|p2a: Gear-O|Forretress, M|111\/353
|move|p1a: Reuniclus|Psyshock|p2a: Gear-O
|-resisted|p2a: Gear-O
|-damage|p2a: Gear-O|78\/353
|
|-heal|p2a: Gear-O|100\/353|[from] item: Leftovers
|turn|30
|
|move|p1a: Reuniclus|Psyshock|p2a: Gear-O
|-resisted|p2a: Gear-O
|-damage|p2a: Gear-O|65\/353
|move|p2a: Gear-O|Volt Switch|p1a: Reuniclus
|-damage|p1a: Reuniclus|382\/424
|
|switch|p2a: Killer Queen|Beedrill-Mega, F|1\/271
|
|-heal|p1a: Reuniclus|408\/424|[from] item: Leftovers
|turn|31
|
|move|p2a: Killer Queen|U-turn|p1a: Reuniclus
|-supereffective|p1a: Reuniclus
|-damage|p1a: Reuniclus|100\/424
|
|switch|p2a: Gear-O|Forretress, M|65\/353
|move|p1a: Reuniclus|Psyshock|p2a: Gear-O
|-resisted|p2a: Gear-O
|-damage|p2a: Gear-O|30\/353
|
|-heal|p1a: Reuniclus|126\/424|[from] item: Leftovers
|-heal|p2a: Gear-O|52\/353|[from] item: Leftovers
|turn|32
|
|move|p1a: Reuniclus|Focus Blast|p2a: Gear-O|[miss]
|-miss|p1a: Reuniclus|p2a: Gear-O
|move|p2a: Gear-O|Volt Switch|p1a: Reuniclus
|-damage|p1a: Reuniclus|83\/424
|
|switch|p2a: Killer Queen|Beedrill-Mega, F|1\/271
|
|-heal|p1a: Reuniclus|109\/424|[from] item: Leftovers
|turn|33
|
|move|p2a: Killer Queen|U-turn|p1a: Reuniclus
|-crit|p1a: Reuniclus
|-supereffective|p1a: Reuniclus
|-damage|p1a: Reuniclus|0 fnt
|faint|p1a: Reuniclus
|
|switch|p2a: Swampodin|Swampert, M|73\/401 brn
|
|-heal|p2a: Swampodin|98\/401 brn|[from] item: Leftovers
|-damage|p2a: Swampodin|48\/401 brn|[from] brn
|
|switch|p1a: Hippowdon|Hippowdon, F|419\/419
|-damage|p1a: Hippowdon|393\/419|[from] Stealth Rock
|-damage|p1a: Hippowdon|324\/419|[from] Spikes
|-weather|Sandstorm
|turn|34
|
|move|p2a: Swampodin|Scald|p1a: Hippowdon
|-crit|p1a: Hippowdon
|-supereffective|p1a: Hippowdon
|-damage|p1a: Hippowdon|106\/419
|move|p1a: Hippowdon|Slack Off|p1a: Hippowdon
|-heal|p1a: Hippowdon|316\/419
|
|-weather|Sandstorm|[upkeep]
|-heal|p2a: Swampodin|73\/401 brn|[from] item: Leftovers
|-heal|p1a: Hippowdon|342\/419|[from] item: Leftovers
|-damage|p2a: Swampodin|23\/401 brn|[from] brn
|turn|35
|
|move|p2a: Swampodin|Scald|p1a: Hippowdon
|-supereffective|p1a: Hippowdon
|-damage|p1a: Hippowdon|202\/419
|move|p1a: Hippowdon|Slack Off|p1a: Hippowdon
|-heal|p1a: Hippowdon|412\/419
|
|-weather|Sandstorm|[upkeep]
|-heal|p2a: Swampodin|48\/401 brn|[from] item: Leftovers
|-heal|p1a: Hippowdon|419\/419|[from] item: Leftovers
|-damage|p2a: Swampodin|0 fnt|[from] brn
|faint|p2a: Swampodin
|-message|Century Express forfeited.
|
|win|zippleclopper
|raw|Ladder updating...
|leave|Century Express
|player|p2
|raw|zippleclopper's rating: 1493 &rarr; <strong>1515<\/strong><br \/>(+22 for winning)
|raw|Century Express's rating: 1527 &rarr; <strong>1505<\/strong><br \/>(-22 for losing)