|join|This game is aids
|join|bossboss
|player|p1|This game is aids|4
|player|p2|bossboss|1
|gametype|singles
|gen|6
|tier|OU
|rated
|clearpoke
|poke|p1|Tyranitar, F
|poke|p1|Excadrill, M
|poke|p1|Greninja, F
|poke|p1|Pinsir, M
|poke|p1|Talonflame, M
|poke|p1|Dragonite, M
|poke|p2|Celebi
|poke|p2|Heracross, M
|poke|p2|Uxie
|poke|p2|Excadrill, M
|poke|p2|Crawdaunt, M
|poke|p2|Cresselia, F
|rule|Swagger Clause: Swagger is banned
|rule|Baton Pass Clause: Limit one Pokémon knowing Baton Pass
|rule|Sleep Clause Mod: Limit one foe put to sleep
|rule|Species Clause: Limit one of each Pokémon
|rule|OHKO Clause: OHKO moves are banned
|rule|Moody Clause: Moody is banned
|rule|Evasion Moves Clause: Evasion moves are banned
|rule|Endless Battle Clause: Forcing endless battles is banned
|rule|HP Percentage Mod: HP is shown in percentages
|teampreview
|
|start
|switch|p1a: Tyranitar|Tyranitar, F|341\/341
|switch|p2a: Heracross|Heracross, M|364\/364
|-weather|Sandstorm
|turn|1
|
|detailschange|p2a: Heracross|Heracross-Mega, M
|message|Heracross has Mega Evolved into Mega Heracross!
|move|p1a: Tyranitar|Stealth Rock|p2a: Heracross
|-sidestart|p2: bossboss|move: Stealth Rock
|move|p2a: Heracross|Close Combat|p1a: Tyranitar
|-supereffective|p1a: Tyranitar
|-enditem|p1a: Tyranitar|Focus Sash
|-damage|p1a: Tyranitar|1\/341
|-unboost|p2a: Heracross|def|1
|-unboost|p2a: Heracross|spd|1
|
|-weather|Sandstorm|[upkeep]
|-damage|p2a: Heracross|342\/364|[from] sandstorm
|turn|2
|
|switch|p2a: Crawdaunt|Crawdaunt, M|329\/329
|-damage|p2a: Crawdaunt|288\/329|[from] Stealth Rock
|move|p1a: Tyranitar|Fire Blast|p2a: Crawdaunt
|-resisted|p2a: Crawdaunt
|-damage|p2a: Crawdaunt|205\/329
|
|-weather|Sandstorm|[upkeep]
|-damage|p2a: Crawdaunt|185\/329|[from] sandstorm
|turn|3
|
|move|p1a: Tyranitar|Fire Blast|p2a: Crawdaunt
|-resisted|p2a: Crawdaunt
|-damage|p2a: Crawdaunt|101\/329
|move|p2a: Crawdaunt|Knock Off|p1a: Tyranitar
|-resisted|p1a: Tyranitar
|-damage|p1a: Tyranitar|0 fnt
|-damage|p2a: Crawdaunt|69\/329|[from] item: Life Orb
|faint|p1a: Tyranitar
|
|-weather|Sandstorm|[upkeep]
|-damage|p2a: Crawdaunt|49\/329|[from] sandstorm
|
|switch|p1a: Pinsir|Pinsir, M|271\/271
|turn|4
|
|switch|p2a: Cresselia|Cresselia, F|444\/444
|-damage|p2a: Cresselia|389\/444|[from] Stealth Rock
|detailschange|p1a: Pinsir|Pinsir-Mega, M
|message|Pinsir has Mega Evolved into Mega Pinsir!
|move|p1a: Pinsir|Quick Attack|p2a: Cresselia
|-damage|p2a: Cresselia|316\/444
|-damage|p1a: Pinsir|226\/271|[from] item: Rocky Helmet|[of] p2a: Cresselia
|
|-weather|Sandstorm|[upkeep]
|-damage|p1a: Pinsir|210\/271|[from] sandstorm
|-damage|p2a: Cresselia|289\/444|[from] sandstorm
|turn|5
|
|switch|p1a: Excadrill|Excadrill, M|369\/369
|move|p2a: Cresselia|Trick Room|p2a: Cresselia
|-fieldstart|move: Trick Room|[of] p2a: Cresselia
|
|-weather|none
|turn|6
|
|move|p2a: Cresselia|Lunar Dance|p2a: Cresselia
|faint|p2a: Cresselia
|move|p1a: Excadrill|Iron Head|p2: Cresselia|[notarget]
|-notarget
|
|
|switch|p2a: Crawdaunt|Crawdaunt, M|49\/329
|-heal|p2a: Crawdaunt|329\/329|[from] move: Lunar Dance
|-damage|p2a: Crawdaunt|288\/329|[from] Stealth Rock
|turn|7
|
|switch|p1a: Dragonite|Dragonite, M|323\/323
|move|p2a: Crawdaunt|Knock Off|p1a: Dragonite
|-damage|p1a: Dragonite|175\/323
|-enditem|p1a: Dragonite|Choice Band|[from] move: Knock Off|[of] p2a: Crawdaunt
|-damage|p2a: Crawdaunt|256\/329|[from] item: Life Orb
|
|turn|8
|
|move|p1a: Dragonite|Extreme Speed|p2a: Crawdaunt
|-damage|p2a: Crawdaunt|136\/329
|move|p2a: Crawdaunt|Knock Off|p1a: Dragonite
|-damage|p1a: Dragonite|0 fnt
|-damage|p2a: Crawdaunt|104\/329|[from] item: Life Orb
|faint|p1a: Dragonite
|
|
|switch|p1a: Talonflame|Talonflame, M|309\/309
|turn|9
|
|switch|p1a: Greninja|Greninja, F|286\/286
|move|p2a: Crawdaunt|Aqua Jet|p1a: Greninja
|-resisted|p1a: Greninja
|-damage|p1a: Greninja|192\/286
|-damage|p2a: Crawdaunt|72\/329|[from] item: Life Orb
|
|-fieldend|move: Trick Room
|turn|10
|
|switch|p2a: Uxie|Uxie|354\/354
|-damage|p2a: Uxie|310\/354|[from] Stealth Rock
|move|p1a: Greninja|Hydro Pump|p2a: Uxie
|-start|p1a: Greninja|typechange|Water|[from] Protean
|-damage|p2a: Uxie|145\/354
|-enditem|p2a: Uxie|Red Card|[of] p1a: Greninja
|drag|p1a: Talonflame|Talonflame, M|309\/309
|
|turn|11
|
|move|p1a: Talonflame|Brave Bird|p2a: Uxie
|-damage|p2a: Uxie|24\/354
|-damage|p1a: Talonflame|269\/309|[from] recoil|[of] p2a: Uxie
|move|p2a: Uxie|Stealth Rock|p1a: Talonflame
|-sidestart|p1: This game is aids|move: Stealth Rock
|
|turn|12
|
|move|p1a: Talonflame|Brave Bird|p2a: Uxie
|-damage|p2a: Uxie|0 fnt
|-damage|p1a: Talonflame|261\/309|[from] recoil|[of] p2a: Uxie
|faint|p2a: Uxie
|
|
|switch|p2a: Celebi|Celebi|404\/404
|-damage|p2a: Celebi|354\/404|[from] Stealth Rock
|turn|13
|
|move|p1a: Talonflame|Brave Bird|p2a: Celebi
|-supereffective|p2a: Celebi
|-damage|p2a: Celebi|0 fnt
|-damage|p1a: Talonflame|144\/309|[from] recoil|[of] p2a: Celebi
|faint|p2a: Celebi
|
|
|switch|p2a: Excadrill|Excadrill, M|362\/362
|-damage|p2a: Excadrill|351\/362|[from] Stealth Rock
|-ability|p2a: Excadrill|Mold Breaker
|turn|14
|
|move|p1a: Talonflame|Tailwind|p1a: Talonflame
|-sidestart|p1: This game is aids|move: Tailwind
|move|p2a: Excadrill|Earthquake|p1a: Talonflame
|-immune|p1a: Talonflame|[msg]
|
|turn|15
|
|move|p1a: Talonflame|Flare Blitz|p2a: Excadrill
|-supereffective|p2a: Excadrill
|-damage|p2a: Excadrill|0 fnt
|-damage|p1a: Talonflame|28\/309|[from] recoil|[of] p2a: Excadrill
|faint|p2a: Excadrill
|
|-message|bossboss forfeited.
|
|win|This game is aids
|raw|Ladder updating...
|raw|This game is aids's rating: 1718 &rarr; <strong>1735<\/strong><br \/>(+17 for winning)
|raw|bossboss's rating: 1651 &rarr; <strong>1635<\/strong><br \/>(-16 for losing)