|join|God Rolo
|join|timetock
|player|p1|God Rolo|291
|player|p2|timetock|50
|gametype|singles
|gen|6
|tier|OU
|rated
|clearpoke
|poke|p1|Metagross
|poke|p1|Mandibuzz, F
|poke|p1|Tornadus-Therian, M, shiny
|poke|p1|Landorus-Therian, M
|poke|p1|Amoonguss, M
|poke|p1|Chansey, F
|poke|p2|Whimsicott, F
|poke|p2|Slowbro, F
|poke|p2|Chansey, F
|poke|p2|Ditto
|poke|p2|Gliscor, M
|poke|p2|Tentacruel, F
|rule|Swagger Clause: Swagger is banned
|rule|Baton Pass Clause: Limit one Pokémon knowing Baton Pass
|rule|Sleep Clause Mod: Limit one foe put to sleep
|rule|Species Clause: Limit one of each Pokémon
|rule|OHKO Clause: OHKO moves are banned
|rule|Moody Clause: Moody is banned
|rule|Evasion Moves Clause: Evasion moves are banned
|rule|Endless Battle Clause: Forcing endless battles is banned
|rule|HP Percentage Mod: HP is shown in percentages
|teampreview
|
|start
|switch|p1a: Landorus-Therian|Landorus-Therian, M|381\/381
|switch|p2a: Slowbro|Slowbro, F|394\/394
|-ability|p1a: Landorus-Therian|Intimidate|[of] p2a: Slowbro
|-unboost|p2a: Slowbro|atk|1
|turn|1
|
|detailschange|p2a: Slowbro|Slowbro-Mega, F
|-mega|p2a: Slowbro|Slowbro|Slowbronite
|move|p1a: Landorus-Therian|U-turn|p2a: Slowbro
|-supereffective|p2a: Slowbro
|-damage|p2a: Slowbro|322\/394
|
|switch|p1a: Amoonguss|Amoonguss, M|432\/432
|move|p2a: Slowbro|Scald|p1a: Amoonguss
|-resisted|p1a: Amoonguss
|-damage|p1a: Amoonguss|382\/432
|
|-heal|p1a: Amoonguss|409\/432|[from] item: Black Sludge
|turn|2
|
|switch|p1a: Landorus-Therian|Landorus-Therian, M|381\/381
|-ability|p1a: Landorus-Therian|Intimidate|[of] p2a: Slowbro
|-unboost|p2a: Slowbro|atk|1
|switch|p2a: Tentacruel|Tentacruel, F|364\/364
|
|turn|3
|
|switch|p2a: Slowbro|Slowbro-Mega, F|322\/394
|move|p1a: Landorus-Therian|Earthquake|p2a: Slowbro
|-damage|p2a: Slowbro|250\/394
|
|turn|4
|
|switch|p1a: Soren|Tornadus-Therian, M, shiny|332\/332
|move|p2a: Slowbro|Slack Off|p2a: Slowbro
|-heal|p2a: Slowbro|394\/394
|
|turn|5
|
|move|p1a: Soren|Hurricane|p2a: Slowbro
|-damage|p2a: Slowbro|216\/394
|move|p2a: Slowbro|Scald|p1a: Soren
|-damage|p1a: Soren|251\/332
|-status|p1a: Soren|brn
|
|-damage|p1a: Soren|210\/332 brn|[from] brn
|turn|6
|
|move|p1a: Soren|U-turn|p2a: Slowbro
|-supereffective|p2a: Slowbro
|-damage|p2a: Slowbro|192\/394
|
|switch|p1a: Amoonguss|Amoonguss, M|432\/432
|move|p2a: Slowbro|Slack Off|p2a: Slowbro
|-heal|p2a: Slowbro|389\/394
|
|turn|7
|
|switch|p2a: Tentacruel|Tentacruel, F|364\/364
|move|p1a: Amoonguss|Spore|p2a: Tentacruel
|-status|p2a: Tentacruel|slp
|
|turn|8
|join|terranius
|
|switch|p1a: Landorus-Therian|Landorus-Therian, M|381\/381
|-ability|p1a: Landorus-Therian|Intimidate|[of] p2a: Tentacruel
|-unboost|p2a: Tentacruel|atk|1
|cant|p2a: Tentacruel|slp
|
|turn|9
|
|switch|p2a: Gliscor|Gliscor, M|353\/353
|move|p1a: Landorus-Therian|Stealth Rock|p2a: Gliscor
|-sidestart|p2: timetock|move: Stealth Rock
|
|-status|p2a: Gliscor|tox|[from] item: Toxic Orb
|turn|10
|
|move|p2a: Gliscor|Stealth Rock|p1a: Landorus-Therian
|-sidestart|p1: God Rolo|move: Stealth Rock
|move|p1a: Landorus-Therian|U-turn|p2a: Gliscor
|-resisted|p2a: Gliscor
|-damage|p2a: Gliscor|327\/353 tox
|
|switch|p1a: Soren|Tornadus-Therian, M, shiny|320\/332 brn
|-damage|p1a: Soren|237\/332 brn|[from] Stealth Rock
|
|-damage|p1a: Soren|196\/332 brn|[from] brn
|-heal|p2a: Gliscor|353\/353 tox|[from] ability: Poison Heal
|turn|11
|
|move|p1a: Soren|Hurricane|p2a: Gliscor
|-damage|p2a: Gliscor|152\/353 tox
|move|p2a: Gliscor|Knock Off|p1a: Soren
|-damage|p1a: Soren|114\/332 brn
|-enditem|p1a: Soren|Assault Vest|[from] move: Knock Off|[of] p2a: Gliscor
|
|-damage|p1a: Soren|73\/332 brn|[from] brn
|-heal|p2a: Gliscor|196\/353 tox|[from] ability: Poison Heal
|turn|12
|
|switch|p2a: Chansey|Chansey, F|704\/704
|-damage|p2a: Chansey|616\/704|[from] Stealth Rock
|move|p1a: Soren|U-turn|p2a: Chansey
|-damage|p2a: Chansey|584\/704
|
|switch|p1a: Chansey|Chansey, F|703\/703
|-damage|p1a: Chansey|616\/703|[from] Stealth Rock
|
|turn|13
|
|move|p2a: Chansey|Heal Bell|p2a: Chansey
|-cureteam|p2a: Chansey|[from] move: HealBell
|move|p1a: Chansey|Heal Bell|p1a: Chansey
|-cureteam|p1a: Chansey|[from] move: HealBell
|
|turn|14
|
|switch|p1a: Landorus-Therian|Landorus-Therian, M|381\/381
|-damage|p1a: Landorus-Therian|334\/381|[from] Stealth Rock
|-ability|p1a: Landorus-Therian|Intimidate|[of] p2a: Chansey
|-unboost|p2a: Chansey|atk|1
|move|p2a: Chansey|Wish|p2a: Chansey
|
|-heal|p1a: Landorus-Therian|357\/381|[from] item: Leftovers
|turn|15
|
|switch|p2a: Slowbro|Slowbro-Mega, F|389\/394
|-damage|p2a: Slowbro|340\/394|[from] Stealth Rock
|move|p1a: Landorus-Therian|U-turn|p2a: Slowbro
|-supereffective|p2a: Slowbro
|-damage|p2a: Slowbro|264\/394
|
|switch|p1a: Amoonguss|Amoonguss, M|432\/432
|-damage|p1a: Amoonguss|378\/432|[from] Stealth Rock
|
|-heal|p2a: Slowbro|394\/394|[from] move: Wish|[wisher] Chansey
|-heal|p1a: Amoonguss|405\/432|[from] item: Black Sludge
|turn|16
|
|switch|p2a: Chansey|Chansey, F|584\/704
|-damage|p2a: Chansey|496\/704|[from] Stealth Rock
|move|p1a: Amoonguss|Spore|p2a: Chansey
|-status|p2a: Chansey|slp
|
|-heal|p1a: Amoonguss|432\/432|[from] item: Black Sludge
|turn|17
|
|cant|p2a: Chansey|slp
|move|p1a: Amoonguss|Spore|p2a: Chansey
|-fail|p2a: Chansey|slp
|
|turn|18
|
|switch|p1a: Landorus-Therian|Landorus-Therian, M|357\/381
|-damage|p1a: Landorus-Therian|310\/381|[from] Stealth Rock
|-ability|p1a: Landorus-Therian|Intimidate|[of] p2a: Chansey
|-unboost|p2a: Chansey|atk|1
|-curestatus|p2a: Chansey|slp
|move|p2a: Chansey|Wish|p2a: Chansey
|
|-heal|p1a: Landorus-Therian|333\/381|[from] item: Leftovers
|turn|19
|
|switch|p2a: Gliscor|Gliscor, M|196\/353
|-damage|p2a: Gliscor|152\/353|[from] Stealth Rock
|move|p1a: Landorus-Therian|Earthquake|p2a: Gliscor
|-immune|p2a: Gliscor|[msg]
|
|-heal|p2a: Gliscor|353\/353|[from] move: Wish|[wisher] Chansey
|-heal|p1a: Landorus-Therian|356\/381|[from] item: Leftovers
|-status|p2a: Gliscor|tox|[from] item: Toxic Orb
|turn|20
|
|move|p2a: Gliscor|Substitute|p2a: Gliscor
|-start|p2a: Gliscor|Substitute
|-damage|p2a: Gliscor|265\/353 tox
|move|p1a: Landorus-Therian|U-turn|p2a: Gliscor
|-resisted|p2a: Gliscor
|-activate|p2a: Gliscor|Substitute|[damage]
|
|switch|p1a: Mandibuzz|Mandibuzz, F|423\/423
|-damage|p1a: Mandibuzz|318\/423|[from] Stealth Rock
|
|-heal|p2a: Gliscor|309\/353 tox|[from] ability: Poison Heal
|turn|21
|
|move|p2a: Gliscor|Knock Off|p1a: Mandibuzz
|-resisted|p1a: Mandibuzz
|-damage|p1a: Mandibuzz|293\/423
|-damage|p2a: Gliscor|251\/353 tox|[from] item: Rocky Helmet|[of] p1a: Mandibuzz
|-enditem|p1a: Mandibuzz|Rocky Helmet|[from] move: Knock Off|[of] p2a: Gliscor
|move|p1a: Mandibuzz|Defog|p2a: Gliscor
|-sideend|p2: timetock|Stealth Rock|[from] move: Defog|[of] p2a: Gliscor
|-sideend|p1: God Rolo|Stealth Rock|[from] move: Defog|[of] p1a: Mandibuzz
|
|-heal|p2a: Gliscor|295\/353 tox|[from] ability: Poison Heal
|turn|22
|
|move|p2a: Gliscor|Stealth Rock|p1a: Mandibuzz
|-sidestart|p1: God Rolo|move: Stealth Rock
|move|p1a: Mandibuzz|Foul Play|p2a: Gliscor
|-end|p2a: Gliscor|Substitute
|
|-heal|p2a: Gliscor|339\/353 tox|[from] ability: Poison Heal
|turn|23
|
|move|p2a: Gliscor|Substitute|p2a: Gliscor
|-start|p2a: Gliscor|Substitute
|-damage|p2a: Gliscor|251\/353 tox
|move|p1a: Mandibuzz|Defog|p2a: Gliscor
|-sideend|p1: God Rolo|Stealth Rock|[from] move: Defog|[of] p1a: Mandibuzz
|
|-heal|p2a: Gliscor|295\/353 tox|[from] ability: Poison Heal
|turn|24
|c|★God Rolo|god team
|
|move|p2a: Gliscor|Stealth Rock|p1a: Mandibuzz
|-sidestart|p1: God Rolo|move: Stealth Rock
|move|p1a: Mandibuzz|Foul Play|p2a: Gliscor
|-activate|p2a: Gliscor|Substitute|[damage]
|
|-heal|p2a: Gliscor|339\/353 tox|[from] ability: Poison Heal
|turn|25
|c|★timetock|lagging
|c|★God Rolo|yes
|
|move|p2a: Gliscor|Knock Off|p1a: Mandibuzz
|-resisted|p1a: Mandibuzz
|-damage|p1a: Mandibuzz|275\/423
|move|p1a: Mandibuzz|Defog|p2a: Gliscor
|-sideend|p1: God Rolo|Stealth Rock|[from] move: Defog|[of] p1a: Mandibuzz
|
|-heal|p2a: Gliscor|353\/353 tox|[from] ability: Poison Heal
|turn|26
|
|move|p2a: Gliscor|Stealth Rock|p1a: Mandibuzz
|-sidestart|p1: God Rolo|move: Stealth Rock
|move|p1a: Mandibuzz|Roost|p1a: Mandibuzz
|-heal|p1a: Mandibuzz|423\/423
|
|turn|27
|
|move|p2a: Gliscor|Baton Pass|p2a: Gliscor
|
|switch|p2a: Whimsicott|Whimsicott, F|323\/323
|move|p1a: Mandibuzz|Foul Play|p2a: Whimsicott
|-resisted|p2a: Whimsicott
|-end|p2a: Whimsicott|Substitute
|
|turn|28
|
|move|p2a: Whimsicott|Substitute|p2a: Whimsicott
|-start|p2a: Whimsicott|Substitute
|-damage|p2a: Whimsicott|243\/323
|move|p1a: Mandibuzz|Defog|p2a: Whimsicott
|-sideend|p1: God Rolo|Stealth Rock|[from] move: Defog|[of] p1a: Mandibuzz
|
|-heal|p2a: Whimsicott|263\/323|[from] item: Leftovers
|turn|29
|
|switch|p1a: Chansey|Chansey, F|616\/703
|move|p2a: Whimsicott|Leech Seed|p1a: Chansey
|-start|p1a: Chansey|move: Leech Seed
|
|-heal|p2a: Whimsicott|283\/323|[from] item: Leftovers
|-damage|p1a: Chansey|529\/703|[from] Leech Seed|[of] p2a: Whimsicott
|-heal|p2a: Whimsicott|323\/323|[silent]
|turn|30
|
|switch|p2a: Gliscor|Gliscor, M|353\/353 tox
|move|p1a: Chansey|Wish|p1a: Chansey
|
|-damage|p1a: Chansey|442\/703|[from] Leech Seed|[of] p2a: Gliscor
|turn|31
|
|switch|p1a: Soren|Tornadus-Therian, M, shiny|183\/332
|move|p2a: Gliscor|Substitute|p2a: Gliscor
|-start|p2a: Gliscor|Substitute
|-damage|p2a: Gliscor|265\/353 tox
|
|-heal|p1a: Soren|332\/332|[from] move: Wish|[wisher] Chansey
|-heal|p2a: Gliscor|309\/353 tox|[from] ability: Poison Heal
|turn|32
|
|move|p1a: Soren|Hurricane|p2a: Gliscor
|-end|p2a: Gliscor|Substitute
|move|p2a: Gliscor|Stealth Rock|p1a: Soren
|-sidestart|p1: God Rolo|move: Stealth Rock
|
|-heal|p2a: Gliscor|353\/353 tox|[from] ability: Poison Heal
|turn|33
|
|switch|p2a: Chansey|Chansey, F|496\/704
|move|p1a: Soren|Knock Off|p2a: Chansey
|-damage|p2a: Chansey|400\/704
|-enditem|p2a: Chansey|Eviolite|[from] move: Knock Off|[of] p1a: Soren
|
|turn|34
|
|move|p1a: Soren|Focus Blast|p2a: Chansey|[miss]
|-miss|p1a: Soren|p2a: Chansey
|move|p2a: Chansey|Soft-Boiled|p2a: Chansey
|-heal|p2a: Chansey|704\/704
|
|turn|35
|
|move|p1a: Soren|U-turn|p2a: Chansey
|-damage|p2a: Chansey|608\/704
|
|switch|p1a: Mandibuzz|Mandibuzz, F|423\/423
|-damage|p1a: Mandibuzz|318\/423|[from] Stealth Rock
|move|p2a: Chansey|Wish|p2a: Chansey
|
|turn|36
|
|switch|p2a: Gliscor|Gliscor, M|353\/353 tox
|move|p1a: Mandibuzz|Defog|p2a: Gliscor
|-unboost|p2a: Gliscor|evasion|1
|-sideend|p1: God Rolo|Stealth Rock|[from] move: Defog|[of] p1a: Mandibuzz
|
|turn|37
|
|switch|p1a: Landorus-Therian|Landorus-Therian, M|356\/381
|-ability|p1a: Landorus-Therian|Intimidate|[of] p2a: Gliscor
|-unboost|p2a: Gliscor|atk|1
|move|p2a: Gliscor|Substitute|p2a: Gliscor
|-start|p2a: Gliscor|Substitute
|-damage|p2a: Gliscor|265\/353 tox
|
|-heal|p1a: Landorus-Therian|379\/381|[from] item: Leftovers
|-heal|p2a: Gliscor|309\/353 tox|[from] ability: Poison Heal
|turn|38
|
|move|p2a: Gliscor|Stealth Rock|p1a: Landorus-Therian
|-sidestart|p1: God Rolo|move: Stealth Rock
|move|p1a: Landorus-Therian|Stealth Rock|p2a: Gliscor
|-sidestart|p2: timetock|move: Stealth Rock
|
|-heal|p1a: Landorus-Therian|381\/381|[from] item: Leftovers
|-heal|p2a: Gliscor|353\/353 tox|[from] ability: Poison Heal
|turn|39
|
|move|p2a: Gliscor|Knock Off|p1a: Landorus-Therian
|-damage|p1a: Landorus-Therian|343\/381
|-enditem|p1a: Landorus-Therian|Leftovers|[from] move: Knock Off|[of] p2a: Gliscor
|move|p1a: Landorus-Therian|Hidden Power|p2a: Gliscor
|-end|p2a: Gliscor|Substitute
|
|turn|40
|
|switch|p2a: Slowbro|Slowbro-Mega, F|394\/394
|-damage|p2a: Slowbro|345\/394|[from] Stealth Rock
|move|p1a: Landorus-Therian|U-turn|p2a: Slowbro
|-supereffective|p2a: Slowbro
|-damage|p2a: Slowbro|267\/394
|
|switch|p1a: Soren|Tornadus-Therian, M, shiny|332\/332
|-damage|p1a: Soren|249\/332|[from] Stealth Rock
|
|turn|41
|
|switch|p2a: Chansey|Chansey, F|608\/704
|-damage|p2a: Chansey|520\/704|[from] Stealth Rock
|move|p1a: Soren|Hurricane|p2a: Chansey
|-damage|p2a: Chansey|361\/704
|
|turn|42
|
|move|p1a: Soren|Focus Blast|p2a: Chansey
|-supereffective|p2a: Chansey
|-damage|p2a: Chansey|153\/704
|move|p2a: Chansey|Soft-Boiled|p2a: Chansey
|-heal|p2a: Chansey|505\/704
|
|turn|43
|
|move|p1a: Soren|U-turn|p2a: Chansey
|-damage|p2a: Chansey|408\/704
|
|switch|p1a: Landorus-Therian|Landorus-Therian, M|343\/381
|-damage|p1a: Landorus-Therian|296\/381|[from] Stealth Rock
|-ability|p1a: Landorus-Therian|Intimidate|[of] p2a: Chansey
|-unboost|p2a: Chansey|atk|1
|move|p2a: Chansey|Soft-Boiled|p2a: Chansey
|-heal|p2a: Chansey|704\/704
|
|turn|44
|
|switch|p2a: Slowbro|Slowbro-Mega, F|267\/394
|-damage|p2a: Slowbro|218\/394|[from] Stealth Rock
|move|p1a: Landorus-Therian|U-turn|p2a: Slowbro
|-supereffective|p2a: Slowbro
|-damage|p2a: Slowbro|142\/394
|
|switch|p1a: Soren|Tornadus-Therian, M, shiny|332\/332
|-damage|p1a: Soren|249\/332|[from] Stealth Rock
|
|turn|45
|
|switch|p2a: Tentacruel|Tentacruel, F|364\/364
|-damage|p2a: Tentacruel|319\/364|[from] Stealth Rock
|move|p1a: Soren|Hurricane|p2a: Tentacruel
|-damage|p2a: Tentacruel|175\/364
|-start|p2a: Tentacruel|confusion
|
|-heal|p2a: Tentacruel|197\/364|[from] item: Black Sludge
|turn|46
|
|move|p1a: Soren|Hurricane|p2a: Tentacruel
|-damage|p2a: Tentacruel|70\/364
|-activate|p2a: Tentacruel|confusion
|move|p2a: Tentacruel|Rapid Spin|p1a: Soren
|-damage|p1a: Soren|236\/332
|-sideend|p2: timetock|Stealth Rock|[from] move: Rapid Spin|[of] p2a: Tentacruel
|
|-heal|p2a: Tentacruel|92\/364|[from] item: Black Sludge
|turn|47
|
|switch|p2a: Chansey|Chansey, F|704\/704
|move|p1a: Soren|U-turn|p2a: Chansey
|-damage|p2a: Chansey|611\/704
|
|switch|p1a: Landorus-Therian|Landorus-Therian, M|296\/381
|-damage|p1a: Landorus-Therian|249\/381|[from] Stealth Rock
|-ability|p1a: Landorus-Therian|Intimidate|[of] p2a: Chansey
|-unboost|p2a: Chansey|atk|1
|
|turn|48
|
|move|p1a: Landorus-Therian|Stealth Rock|p2a: Chansey
|-sidestart|p2: timetock|move: Stealth Rock
|move|p2a: Chansey|Wish|p2a: Chansey
|
|turn|49
|
|move|p1a: Landorus-Therian|Earthquake|p2a: Chansey
|-damage|p2a: Chansey|314\/704
|move|p2a: Chansey|Seismic Toss|p1a: Landorus-Therian
|-damage|p1a: Landorus-Therian|149\/381
|
|-heal|p2a: Chansey|666\/704|[from] move: Wish|[wisher] Chansey
|turn|50
|
|move|p1a: Landorus-Therian|U-turn|p2a: Chansey
|-damage|p2a: Chansey|517\/704
|
|switch|p1a: Chansey|Chansey, F|442\/703
|-damage|p1a: Chansey|355\/703|[from] Stealth Rock
|move|p2a: Chansey|Wish|p2a: Chansey
|
|turn|51
|
|switch|p2a: Slowbro|Slowbro-Mega, F|142\/394
|-damage|p2a: Slowbro|93\/394|[from] Stealth Rock
|move|p1a: Chansey|Seismic Toss|p2a: Slowbro
|-damage|p2a: Slowbro|0 fnt
|faint|p2a: Slowbro
|
|
|switch|p2a: Gliscor|Gliscor, M|353\/353 tox
|-damage|p2a: Gliscor|309\/353 tox|[from] Stealth Rock
|turn|52
|
|move|p2a: Gliscor|Substitute|p2a: Gliscor
|-start|p2a: Gliscor|Substitute
|-damage|p2a: Gliscor|221\/353 tox
|move|p1a: Chansey|Soft-Boiled|p1a: Chansey
|-heal|p1a: Chansey|703\/703
|
|-heal|p2a: Gliscor|265\/353 tox|[from] ability: Poison Heal
|turn|53
|
|move|p2a: Gliscor|Knock Off|p1a: Chansey
|-damage|p1a: Chansey|612\/703
|-enditem|p1a: Chansey|Eviolite|[from] move: Knock Off|[of] p2a: Gliscor
|move|p1a: Chansey|Wish|p1a: Chansey
|
|-heal|p2a: Gliscor|309\/353 tox|[from] ability: Poison Heal
|turn|54
|c|★timetock|laggin
|leave|timetock
|player|p2
|join|timetock
|player|p2|timetock|50
|
|switch|p1a: Landorus-Therian|Landorus-Therian, M|149\/381
|-damage|p1a: Landorus-Therian|102\/381|[from] Stealth Rock
|-activate|p2a: Gliscor|Substitute|ability: Intimidate|[of] p1a: Landorus-Therian
|move|p2a: Gliscor|Knock Off|p1a: Landorus-Therian
|-damage|p1a: Landorus-Therian|62\/381
|
|-heal|p1a: Landorus-Therian|381\/381|[from] move: Wish|[wisher] Chansey
|-heal|p2a: Gliscor|353\/353 tox|[from] ability: Poison Heal
|turn|55
|
|move|p2a: Gliscor|Baton Pass|p2a: Gliscor
|
|switch|p2a: Chansey|Chansey, F|517\/704
|-damage|p2a: Chansey|429\/704|[from] Stealth Rock
|move|p1a: Landorus-Therian|Hidden Power|p2a: Chansey
|-crit|p2a: Chansey
|-end|p2a: Chansey|Substitute
|
|turn|56
|
|move|p1a: Landorus-Therian|Earthquake|p2a: Chansey
|-damage|p2a: Chansey|125\/704
|move|p2a: Chansey|Wish|p2a: Chansey
|
|turn|57
|
|switch|p2a: Ditto|Ditto|300\/300
|-damage|p2a: Ditto|263\/300|[from] Stealth Rock
|-transform|p2a: Ditto|p1a: Landorus-Therian
|-ability|p2a: Ditto|Intimidate|[of] p1a: Landorus-Therian
|-unboost|p1a: Landorus-Therian|atk|1
|move|p1a: Landorus-Therian|Earthquake|p2a: Ditto
|-immune|p2a: Ditto|[msg]
|
|-heal|p2a: Ditto|300\/300|[from] move: Wish|[wisher] Chansey
|turn|58
|-message|timetock forfeited.
|
|win|God Rolo
|raw|Ladder updating...
|raw|God Rolo's rating: 1674 &rarr; <strong>1692<\/strong><br \/>(+18 for winning)
|raw|timetock's rating: 1638 &rarr; <strong>1620<\/strong><br \/>(-18 for losing)