|join|Shizou
|join|SOWDY
|player|p1|Shizou|283
|player|p2|SOWDY|210
|gametype|singles
|gen|6
|tier|OU
|rated
|clearpoke
|poke|p1|Tyranitar, F
|poke|p1|Excadrill, M
|poke|p1|Skarmory, M
|poke|p1|Gyarados, M
|poke|p1|Aegislash, M
|poke|p1|Kyurem-Black
|poke|p2|Talonflame, F
|poke|p2|Chansey, F
|poke|p2|Skarmory, F
|poke|p2|Thundurus, M
|poke|p2|Scizor, F
|poke|p2|Venusaur, M
|rule|Swagger Clause: Swagger is banned
|rule|Baton Pass Clause: Limit one Pokémon knowing Baton Pass
|rule|Sleep Clause Mod: Limit one foe put to sleep
|rule|Species Clause: Limit one of each Pokémon
|rule|OHKO Clause: OHKO moves are banned
|rule|Moody Clause: Moody is banned
|rule|Evasion Moves Clause: Evasion moves are banned
|rule|Endless Battle Clause: Forcing endless battles is banned
|rule|HP Percentage Mod: HP is reported as percentages
|teampreview
|
|start
|switch|p1a: Skarmory|Skarmory, M|334\/334
|switch|p2a: Thundurus|Thundurus, M|319\/319
|turn|1
|
|switch|p1a: Aegislash|Aegislash, M|311\/311
|move|p2a: Thundurus|Thunder Wave|p1a: Aegislash
|-status|p1a: Aegislash|par
|
|turn|2
|
|move|p2a: Thundurus|Substitute|p2a: Thundurus
|-start|p2a: Thundurus|Substitute
|-damage|p2a: Thundurus|240\/319
|-formechange|p1a: Aegislash|Aegislash-Blade
|cant|p1a: Aegislash|par
|
|-heal|p2a: Thundurus|259\/319|[from] item: Leftovers
|turn|3
|
|-formechange|p1a: Aegislash|Aegislash
|cant|p1a: Aegislash|par
|move|p2a: Thundurus|Thunderbolt|p1a: Aegislash
|-damage|p1a: Aegislash|208\/311 par
|
|-heal|p2a: Thundurus|278\/319|[from] item: Leftovers
|-heal|p1a: Aegislash|227\/311 par|[from] item: Leftovers
|turn|4
|
|move|p2a: Thundurus|Thunderbolt|p1a: Aegislash
|-damage|p1a: Aegislash|109\/311 par
|-formechange|p1a: Aegislash|Aegislash-Blade
|cant|p1a: Aegislash|par
|
|-heal|p2a: Thundurus|297\/319|[from] item: Leftovers
|-heal|p1a: Aegislash|128\/311 par|[from] item: Leftovers
|turn|5
|chat|SOWDY|omg
|
|-formechange|p1a: Aegislash|Aegislash
|move|p1a: Aegislash|King's Shield|p1a: Aegislash
|-singleturn|p1a: Aegislash|Protect
|move|p2a: Thundurus|Thunderbolt|p1a: Aegislash
|-activate|p1a: Aegislash|Protect
|
|-heal|p2a: Thundurus|316\/319|[from] item: Leftovers
|-heal|p1a: Aegislash|147\/311 par|[from] item: Leftovers
|turn|6
|
|move|p2a: Thundurus|Thunderbolt|p1a: Aegislash
|-damage|p1a: Aegislash|30\/311 par
|-formechange|p1a: Aegislash|Aegislash-Blade
|move|p1a: Aegislash|Shadow Claw|p2a: Thundurus
|-end|p2a: Thundurus|Substitute
|
|-heal|p2a: Thundurus|319\/319|[from] item: Leftovers
|-heal|p1a: Aegislash|49\/311 par|[from] item: Leftovers
|turn|7
|
|switch|p1a: Excadrill|Excadrill, M|362\/362
|-item|p1a: Excadrill|Air Balloon
|move|p2a: Thundurus|Hidden Power|p1a: Excadrill
|-damage|p1a: Excadrill|256\/362
|-enditem|p1a: Excadrill|Air Balloon
|
|turn|8
|
|switch|p1a: Aegislash|Aegislash, M|49\/311 par
|switch|p2a: Skarmory|Skarmory, F|334\/334
|
|-heal|p1a: Aegislash|68\/311 par|[from] item: Leftovers
|turn|9
|
|switch|p2a: Chansey|Chansey, F|642\/642
|move|p1a: Aegislash|Swords Dance|p1a: Aegislash
|-boost|p1a: Aegislash|atk|2
|
|-heal|p1a: Aegislash|87\/311 par|[from] item: Leftovers
|turn|10
|
|switch|p2a: Skarmory|Skarmory, F|334\/334
|-formechange|p1a: Aegislash|Aegislash-Blade
|move|p1a: Aegislash|Iron Head|p2a: Skarmory
|-crit|p2a: Skarmory
|-resisted|p2a: Skarmory
|-damage|p2a: Skarmory|151\/334
|-damage|p1a: Aegislash|36\/311 par|[from] item: Rocky Helmet|[of] p2a: Skarmory
|
|-heal|p1a: Aegislash|55\/311 par|[from] item: Leftovers
|turn|11
|
|move|p2a: Skarmory|Roost|p2a: Skarmory
|-heal|p2a: Skarmory|318\/334
|move|p1a: Aegislash|Shadow Claw|p2a: Skarmory
|-damage|p2a: Skarmory|96\/334
|-damage|p1a: Aegislash|4\/311 par|[from] item: Rocky Helmet|[of] p2a: Skarmory
|
|-heal|p1a: Aegislash|23\/311 par|[from] item: Leftovers
|turn|12
|
|move|p2a: Skarmory|Roost|p2a: Skarmory
|-heal|p2a: Skarmory|263\/334
|move|p1a: Aegislash|Swords Dance|p1a: Aegislash
|-boost|p1a: Aegislash|atk|2
|
|-heal|p1a: Aegislash|42\/311 par|[from] item: Leftovers
|turn|13
|
|-formechange|p1a: Aegislash|Aegislash
|cant|p1a: Aegislash|par
|move|p2a: Skarmory|Brave Bird|p1a: Aegislash
|-resisted|p1a: Aegislash
|-damage|p1a: Aegislash|1\/311 par
|-damage|p2a: Skarmory|249\/334|[from] recoil|[of] p1a: Aegislash
|
|-heal|p1a: Aegislash|20\/311 par|[from] item: Leftovers
|turn|14
|
|switch|p1a: Kyurem-Black|Kyurem-Black|404\/404
|-ability|p1a: Kyurem-Black|Teravolt
|move|p2a: Skarmory|Whirlwind|p1a: Kyurem-Black
|drag|p1a: Aegislash|Aegislash, M|20\/311 par
|
|-heal|p1a: Aegislash|39\/311 par|[from] item: Leftovers
|turn|15
|
|cant|p1a: Aegislash|par
|move|p2a: Skarmory|Roost|p2a: Skarmory
|-heal|p2a: Skarmory|334\/334
|
|-heal|p1a: Aegislash|58\/311 par|[from] item: Leftovers
|turn|16
|
|move|p1a: Aegislash|King's Shield|p1a: Aegislash
|-singleturn|p1a: Aegislash|Protect
|move|p2a: Skarmory|Brave Bird|p1a: Aegislash
|-activate|p1a: Aegislash|Protect
|-unboost|p2a: Skarmory|atk|2
|
|-heal|p1a: Aegislash|77\/311 par|[from] item: Leftovers
|turn|17
|
|switch|p1a: Kyurem-Black|Kyurem-Black|404\/404
|-ability|p1a: Kyurem-Black|Teravolt
|move|p2a: Skarmory|Brave Bird|p1a: Kyurem-Black
|-damage|p1a: Kyurem-Black|346\/404
|-damage|p2a: Skarmory|315\/334|[from] recoil|[of] p1a: Kyurem-Black
|
|-heal|p1a: Kyurem-Black|371\/404|[from] item: Leftovers
|turn|18
|
|switch|p2a: Chansey|Chansey, F|642\/642
|move|p1a: Kyurem-Black|Substitute|p1a: Kyurem-Black
|-start|p1a: Kyurem-Black|Substitute
|-damage|p1a: Kyurem-Black|270\/404
|
|-heal|p1a: Kyurem-Black|295\/404|[from] item: Leftovers
|turn|19
|
|switch|p1a: Aegislash|Aegislash, M|77\/311 par
|move|p2a: Chansey|Stealth Rock|p1a: Aegislash
|-sidestart|p1: Shizou|move: Stealth Rock
|
|-heal|p1a: Aegislash|96\/311 par|[from] item: Leftovers
|turn|20
|
|switch|p2a: Skarmory|Skarmory, F|315\/334
|-formechange|p1a: Aegislash|Aegislash-Blade
|move|p1a: Aegislash|Shadow Claw|p2a: Skarmory
|-damage|p2a: Skarmory|219\/334
|-damage|p1a: Aegislash|45\/311 par|[from] item: Rocky Helmet|[of] p2a: Skarmory
|
|-heal|p1a: Aegislash|64\/311 par|[from] item: Leftovers
|turn|21
|
|-formechange|p1a: Aegislash|Aegislash
|move|p1a: Aegislash|King's Shield|p1a: Aegislash
|-singleturn|p1a: Aegislash|Protect
|move|p2a: Skarmory|Roost|p2a: Skarmory
|-heal|p2a: Skarmory|334\/334
|
|-heal|p1a: Aegislash|83\/311 par|[from] item: Leftovers
|turn|22
|
|switch|p1a: Tyranitar|Tyranitar, F|341\/341
|-damage|p1a: Tyranitar|299\/341|[from] Stealth Rock
|-weather|Sandstorm
|move|p2a: Skarmory|Whirlwind|p1a: Tyranitar
|drag|p1a: Aegislash|Aegislash, M|83\/311 par
|-damage|p1a: Aegislash|64\/311 par|[from] Stealth Rock
|
|-weather|Sandstorm|[upkeep]
|-heal|p1a: Aegislash|83\/311 par|[from] item: Leftovers
|turn|23
|
|move|p1a: Aegislash|King's Shield|p1a: Aegislash
|-singleturn|p1a: Aegislash|Protect
|move|p2a: Skarmory|Whirlwind|p1a: Aegislash
|drag|p1a: Excadrill|Excadrill, M|256\/362
|-damage|p1a: Excadrill|245\/362|[from] Stealth Rock
|
|-weather|Sandstorm|[upkeep]
|turn|24
|
|move|p1a: Excadrill|Rapid Spin|p2a: Skarmory
|-resisted|p2a: Skarmory
|-damage|p2a: Skarmory|323\/334
|-damage|p1a: Excadrill|185\/362|[from] item: Rocky Helmet|[of] p2a: Skarmory
|-sideend|p1: Shizou|Stealth Rock|[from] move: Rapid Spin|[of] p1a: Excadrill
|move|p2a: Skarmory|Brave Bird|p1a: Excadrill
|-resisted|p1a: Excadrill
|-damage|p1a: Excadrill|95\/362
|-damage|p2a: Skarmory|293\/334|[from] recoil|[of] p1a: Excadrill
|
|-weather|Sandstorm|[upkeep]
|turn|25
|
|switch|p1a: Kyurem-Black|Kyurem-Black|295\/404
|-ability|p1a: Kyurem-Black|Teravolt
|move|p2a: Skarmory|Roost|p2a: Skarmory
|-heal|p2a: Skarmory|334\/334
|
|-weather|Sandstorm|[upkeep]
|-damage|p1a: Kyurem-Black|270\/404|[from] sandstorm
|-heal|p1a: Kyurem-Black|295\/404|[from] item: Leftovers
|turn|26
|
|move|p1a: Kyurem-Black|Fusion Bolt|p2a: Skarmory
|-supereffective|p2a: Skarmory
|-damage|p2a: Skarmory|148\/334
|move|p2a: Skarmory|Whirlwind|p1a: Kyurem-Black
|drag|p1a: Gyarados|Gyarados, M|332\/332
|-ability|p1a: Gyarados|Intimidate|[of] p2a: Skarmory
|-unboost|p2a: Skarmory|atk|1
|
|-weather|none
|turn|27
|
|switch|p1a: Aegislash|Aegislash, M|83\/311 par
|move|p2a: Skarmory|Roost|p2a: Skarmory
|-heal|p2a: Skarmory|315\/334
|
|-heal|p1a: Aegislash|102\/311 par|[from] item: Leftovers
|turn|28
|
|move|p1a: Aegislash|King's Shield|p1a: Aegislash
|-singleturn|p1a: Aegislash|Protect
|move|p2a: Skarmory|Whirlwind|p1a: Aegislash
|drag|p1a: Excadrill|Excadrill, M|95\/362
|
|turn|29
|
|switch|p1a: Aegislash|Aegislash, M|102\/311 par
|move|p2a: Skarmory|Brave Bird|p1a: Aegislash
|-resisted|p1a: Aegislash
|-damage|p1a: Aegislash|72\/311 par
|-damage|p2a: Skarmory|305\/334|[from] recoil|[of] p1a: Aegislash
|
|-heal|p1a: Aegislash|91\/311 par|[from] item: Leftovers
|turn|30
|
|move|p1a: Aegislash|Swords Dance|p1a: Aegislash
|-boost|p1a: Aegislash|atk|2
|move|p2a: Skarmory|Whirlwind|p1a: Aegislash
|drag|p1a: Gyarados|Gyarados, M|332\/332
|-ability|p1a: Gyarados|Intimidate|[of] p2a: Skarmory
|-unboost|p2a: Skarmory|atk|1
|
|turn|31
|
|switch|p1a: Kyurem-Black|Kyurem-Black|295\/404
|-ability|p1a: Kyurem-Black|Teravolt
|switch|p2a: Thundurus|Thundurus, M|319\/319
|
|-heal|p1a: Kyurem-Black|320\/404|[from] item: Leftovers
|turn|32
|
|switch|p2a: Skarmory|Skarmory, F|305\/334
|move|p1a: Kyurem-Black|Ice Beam|p2a: Skarmory
|-damage|p2a: Skarmory|175\/334
|
|-heal|p1a: Kyurem-Black|345\/404|[from] item: Leftovers
|turn|33
|
|switch|p1a: Aegislash|Aegislash, M|91\/311 par
|move|p2a: Skarmory|Whirlwind|p1a: Aegislash
|drag|p1a: Tyranitar|Tyranitar, F|299\/341
|-weather|Sandstorm
|
|-weather|Sandstorm|[upkeep]
|turn|34
|
|move|p1a: Tyranitar|Thunder Wave|p2a: Skarmory
|-status|p2a: Skarmory|par
|move|p2a: Skarmory|Whirlwind|p1a: Tyranitar
|drag|p1a: Kyurem-Black|Kyurem-Black|345\/404
|-ability|p1a: Kyurem-Black|Teravolt
|
|-weather|Sandstorm|[upkeep]
|-damage|p1a: Kyurem-Black|320\/404|[from] sandstorm
|-heal|p1a: Kyurem-Black|345\/404|[from] item: Leftovers
|turn|35
|
|move|p1a: Kyurem-Black|Ice Beam|p2a: Skarmory
|-damage|p2a: Skarmory|42\/334 par
|cant|p2a: Skarmory|par
|
|-weather|Sandstorm|[upkeep]
|-damage|p1a: Kyurem-Black|320\/404|[from] sandstorm
|-heal|p1a: Kyurem-Black|345\/404|[from] item: Leftovers
|turn|36
|
|switch|p2a: Chansey|Chansey, F|642\/642
|move|p1a: Kyurem-Black|Ice Beam|p2a: Chansey
|-damage|p2a: Chansey|566\/642
|
|-weather|Sandstorm|[upkeep]
|-damage|p1a: Kyurem-Black|320\/404|[from] sandstorm
|-damage|p2a: Chansey|526\/642|[from] sandstorm
|-heal|p1a: Kyurem-Black|345\/404|[from] item: Leftovers
|turn|37
|
|switch|p1a: Aegislash|Aegislash, M|91\/311 par
|move|p2a: Chansey|Stealth Rock|p1a: Aegislash
|-sidestart|p1: Shizou|move: Stealth Rock
|
|-weather|none
|-heal|p1a: Aegislash|110\/311 par|[from] item: Leftovers
|turn|38
|
|move|p2a: Chansey|Wish|p2a: Chansey
|move|p1a: Aegislash|Swords Dance|p1a: Aegislash
|-boost|p1a: Aegislash|atk|2
|
|-heal|p1a: Aegislash|129\/311 par|[from] item: Leftovers
|turn|39
|
|switch|p2a: Thundurus|Thundurus, M|319\/319
|-formechange|p1a: Aegislash|Aegislash-Blade
|move|p1a: Aegislash|Shadow Claw|p2a: Thundurus
|-damage|p2a: Thundurus|46\/319
|
|-heal|p2a: Thundurus|319\/319|[from] move: Wish|[wisher] Chansey
|-heal|p1a: Aegislash|148\/311 par|[from] item: Leftovers
|turn|40
|
|switch|p1a: Excadrill|Excadrill, M|95\/362
|-damage|p1a: Excadrill|84\/362|[from] Stealth Rock
|move|p2a: Thundurus|Thunderbolt|p1a: Excadrill
|-immune|p1a: Excadrill|[msg]
|
|turn|41
|join|Predator101
|
|move|p1a: Excadrill|Rapid Spin|p2a: Thundurus
|-damage|p2a: Thundurus|291\/319
|-sideend|p1: Shizou|Stealth Rock|[from] move: Rapid Spin|[of] p1a: Excadrill
|move|p2a: Thundurus|Hidden Power|p1a: Excadrill
|-damage|p1a: Excadrill|0 fnt
|faint|p1a: Excadrill
|
|-heal|p2a: Thundurus|310\/319|[from] item: Leftovers
|
|switch|p1a: Kyurem-Black|Kyurem-Black|345\/404
|-ability|p1a: Kyurem-Black|Teravolt
|turn|42
|
|switch|p2a: Chansey|Chansey, F|526\/642
|move|p1a: Kyurem-Black|Ice Beam|p2a: Chansey
|-damage|p2a: Chansey|442\/642
|
|-heal|p1a: Kyurem-Black|370\/404|[from] item: Leftovers
|turn|43
|
|switch|p1a: Aegislash|Aegislash, M|148\/311 par
|move|p2a: Chansey|Stealth Rock|p1a: Aegislash
|-sidestart|p1: Shizou|move: Stealth Rock
|
|-heal|p1a: Aegislash|167\/311 par|[from] item: Leftovers
|turn|44
|
|switch|p2a: Skarmory|Skarmory, F|42\/334 par
|move|p1a: Aegislash|Swords Dance|p1a: Aegislash
|-boost|p1a: Aegislash|atk|2
|
|-heal|p1a: Aegislash|186\/311 par|[from] item: Leftovers
|turn|45
|
|-formechange|p1a: Aegislash|Aegislash-Blade
|cant|p1a: Aegislash|par
|move|p2a: Skarmory|Whirlwind|p1a: Aegislash
|drag|p1a: Kyurem-Black|Kyurem-Black|370\/404
|-damage|p1a: Kyurem-Black|269\/404|[from] Stealth Rock
|-ability|p1a: Kyurem-Black|Teravolt
|
|-heal|p1a: Kyurem-Black|294\/404|[from] item: Leftovers
|turn|46
|leave|Predator101
|
|switch|p1a: Aegislash|Aegislash, M|186\/311 par
|-damage|p1a: Aegislash|167\/311 par|[from] Stealth Rock
|move|p2a: Skarmory|Whirlwind|p1a: Aegislash
|drag|p1a: Gyarados|Gyarados, M|332\/332
|-damage|p1a: Gyarados|249\/332|[from] Stealth Rock
|-ability|p1a: Gyarados|Intimidate|[of] p2a: Skarmory
|-unboost|p2a: Skarmory|atk|1
|
|turn|47
|
|detailschange|p1a: Gyarados|Gyarados-Mega, M
|message|Gyarados has Mega Evolved into Mega Gyarados!
|-ability|p1a: Gyarados|Mold Breaker
|move|p1a: Gyarados|Waterfall|p2a: Skarmory
|-damage|p2a: Skarmory|0 fnt
|-damage|p1a: Gyarados|194\/332|[from] item: Rocky Helmet|[of] p2a: Skarmory
|faint|p2a: Skarmory
|
|
|switch|p2a: Thundurus|Thundurus, M|310\/319
|turn|48
|
|switch|p1a: Tyranitar|Tyranitar, F|299\/341
|-damage|p1a: Tyranitar|257\/341|[from] Stealth Rock
|-weather|Sandstorm
|move|p2a: Thundurus|Thunderbolt|p1a: Tyranitar
|-damage|p1a: Tyranitar|154\/341
|
|-weather|Sandstorm|[upkeep]
|-damage|p2a: Thundurus|291\/319|[from] sandstorm
|-heal|p2a: Thundurus|310\/319|[from] item: Leftovers
|turn|49
|
|switch|p2a: Venusaur|Venusaur, M|336\/336
|move|p1a: Tyranitar|Stealth Rock|p2a: Venusaur
|-sidestart|p2: SOWDY|move: Stealth Rock
|
|-weather|Sandstorm|[upkeep]
|-damage|p2a: Venusaur|315\/336|[from] sandstorm
|turn|50
|
|detailschange|p2a: Venusaur|Venusaur-Mega, M
|message|Venusaur has Mega Evolved into Mega Venusaur!
|move|p1a: Tyranitar|Thunder Wave|p2a: Venusaur
|-status|p2a: Venusaur|par
|move|p2a: Venusaur|Giga Drain|p1a: Tyranitar
|-crit|p1a: Tyranitar
|-supereffective|p1a: Tyranitar
|-damage|p1a: Tyranitar|0 fnt
|-heal|p2a: Venusaur|336\/336 par|[from] drain|[of] p1a: Tyranitar
|faint|p1a: Tyranitar
|
|-weather|Sandstorm|[upkeep]
|-damage|p2a: Venusaur|315\/336 par|[from] sandstorm
|
|switch|p1a: Kyurem-Black|Kyurem-Black|294\/404
|-damage|p1a: Kyurem-Black|193\/404|[from] Stealth Rock
|-ability|p1a: Kyurem-Black|Teravolt
|turn|51
|
|move|p1a: Kyurem-Black|Substitute|p1a: Kyurem-Black
|-start|p1a: Kyurem-Black|Substitute
|-damage|p1a: Kyurem-Black|92\/404
|move|p2a: Venusaur|Earthquake|p1a: Kyurem-Black
|-end|p1a: Kyurem-Black|Substitute
|
|-weather|Sandstorm|[upkeep]
|-damage|p1a: Kyurem-Black|67\/404|[from] sandstorm
|-damage|p2a: Venusaur|294\/336 par|[from] sandstorm
|-heal|p1a: Kyurem-Black|92\/404|[from] item: Leftovers
|turn|52
|
|move|p1a: Kyurem-Black|Ice Beam|p2a: Venusaur
|-supereffective|p2a: Venusaur
|-damage|p2a: Venusaur|40\/336 par
|cant|p2a: Venusaur|par
|
|-weather|none
|-heal|p1a: Kyurem-Black|117\/404|[from] item: Leftovers
|turn|53
|
|move|p1a: Kyurem-Black|Earth Power|p2a: Venusaur
|-damage|p2a: Venusaur|0 fnt
|faint|p2a: Venusaur
|
|-heal|p1a: Kyurem-Black|142\/404|[from] item: Leftovers
|
|switch|p2a: Scizor|Scizor, F|332\/332
|-damage|p2a: Scizor|291\/332|[from] Stealth Rock
|turn|54
|
|switch|p1a: Skarmory|Skarmory, M|334\/334
|-damage|p1a: Skarmory|293\/334|[from] Stealth Rock
|switch|p2a: Thundurus|Thundurus, M|310\/319
|-damage|p2a: Thundurus|231\/319|[from] Stealth Rock
|
|-heal|p2a: Thundurus|250\/319|[from] item: Leftovers
|-heal|p1a: Skarmory|313\/334|[from] item: Leftovers
|turn|55
|
|switch|p1a: Kyurem-Black|Kyurem-Black|142\/404
|-damage|p1a: Kyurem-Black|41\/404|[from] Stealth Rock
|-ability|p1a: Kyurem-Black|Teravolt
|move|p2a: Thundurus|Thunderbolt|p1a: Kyurem-Black
|-resisted|p1a: Kyurem-Black
|-damage|p1a: Kyurem-Black|0 fnt
|faint|p1a: Kyurem-Black
|
|-heal|p2a: Thundurus|269\/319|[from] item: Leftovers
|
|switch|p1a: Aegislash|Aegislash, M|167\/311 par
|-damage|p1a: Aegislash|148\/311 par|[from] Stealth Rock
|turn|56
|
|move|p2a: Thundurus|Thunderbolt|p1a: Aegislash
|-damage|p1a: Aegislash|30\/311 par
|cant|p1a: Aegislash|par
|
|-heal|p2a: Thundurus|288\/319|[from] item: Leftovers
|-heal|p1a: Aegislash|49\/311 par|[from] item: Leftovers
|turn|57
|-message|Shizou forfeited.
|
|win|SOWDY
|raw|Ladder updating...
|leave|Shizou
|player|p1
|raw|Shizou's rating: 1663 &rarr; <strong>1640<\/strong><br \/>(-23 for losing)
|raw|SOWDY's rating: 1607 &rarr; <strong>1630<\/strong><br \/>(+23 for winning)