|join|Cancrix
|join|Shizou
|player|p1|Cancrix|92
|player|p2|Shizou|161
|gametype|singles
|gen|6
|tier|OU
|rated
|clearpoke
|poke|p1|Altaria, M
|poke|p1|Haxorus, F
|poke|p1|Latias, F
|poke|p1|Kyurem-Black
|poke|p1|Zygarde
|poke|p1|Hydreigon, F, shiny
|poke|p2|Metagross
|poke|p2|Ferrothorn, M
|poke|p2|Landorus-Therian, M
|poke|p2|Manaphy
|poke|p2|Latias, F
|poke|p2|Heatran, M
|rule|Swagger Clause: Swagger is banned
|rule|Baton Pass Clause: Limit one Pokémon knowing Baton Pass
|rule|Sleep Clause Mod: Limit one foe put to sleep
|rule|Species Clause: Limit one of each Pokémon
|rule|OHKO Clause: OHKO moves are banned
|rule|Moody Clause: Moody is banned
|rule|Evasion Moves Clause: Evasion moves are banned
|rule|Endless Battle Clause: Forcing endless battles is banned
|rule|HP Percentage Mod: HP is shown in percentages
|teampreview
|
|start
|switch|p1a: Hydreigon|Hydreigon, F, shiny|325\/325
|switch|p2a: Ferrothorn|Ferrothorn, M|352\/352
|turn|1
|join|MagnaEldin
|
|move|p2a: Ferrothorn|Protect|p2a: Ferrothorn
|-singleturn|p2a: Ferrothorn|Protect
|move|p1a: Hydreigon|Dark Pulse|p2a: Ferrothorn
|-activate|p2a: Ferrothorn|Protect
|
|turn|2
|
|move|p1a: Hydreigon|Flamethrower|p2a: Ferrothorn
|-supereffective|p2a: Ferrothorn
|-damage|p2a: Ferrothorn|0 fnt
|-damage|p1a: Hydreigon|293\/325|[from] item: Life Orb
|faint|p2a: Ferrothorn
|
|
|switch|p2a: Latias|Latias, F|301\/301
|turn|3
|
|switch|p1a: Kyurem-Black|Kyurem-Black|403\/403
|-ability|p1a: Kyurem-Black|Teravolt
|move|p2a: Latias|Draco Meteor|p1a: Kyurem-Black
|-supereffective|p1a: Kyurem-Black
|-damage|p1a: Kyurem-Black|99\/403
|-unboost|p2a: Latias|spa|2
|-damage|p2a: Latias|271\/301|[from] item: Life Orb
|
|turn|4
|
|switch|p1a: Latias|Latias, F|364\/364
|move|p2a: Latias|Draco Meteor|p1a: Latias
|-supereffective|p1a: Latias
|-damage|p1a: Latias|151\/364
|-unboost|p2a: Latias|spa|2
|-damage|p2a: Latias|241\/301|[from] item: Life Orb
|
|turn|5
|
|switch|p2a: Heatran|Heatran, M|323\/323
|move|p1a: Latias|Light Screen|p1a: Latias
|-sidestart|p1: Cancrix|move: Light Screen
|
|turn|6
|
|switch|p1a: Altaria|Altaria, M|292\/292
|move|p2a: Heatran|Flash Cannon|p1a: Altaria
|-damage|p1a: Altaria|218\/292
|
|turn|7
|
|move|p2a: Heatran|Flash Cannon|p1a: Altaria
|-damage|p1a: Altaria|148\/292
|move|p1a: Altaria|Dragon Dance|p1a: Altaria
|-boost|p1a: Altaria|atk|1
|-boost|p1a: Altaria|spe|1
|
|turn|8
|
|switch|p2a: Metagross|Metagross|301\/301
|move|p1a: Altaria|Earthquake|p2a: Metagross
|-supereffective|p2a: Metagross
|-damage|p2a: Metagross|99\/301
|
|turn|9
|
|switch|p2a: Landorus-Therian|Landorus-Therian, M|382\/382
|-ability|p2a: Landorus-Therian|Intimidate|[of] p1a: Altaria
|-unboost|p1a: Altaria|atk|1
|move|p1a: Altaria|Fire Blast|p2a: Landorus-Therian|[miss]
|-miss|p1a: Altaria|p2a: Landorus-Therian
|
|turn|10
|
|detailschange|p1a: Altaria|Altaria-Mega, M
|-mega|p1a: Altaria|Altaria|Altarianite
|move|p1a: Altaria|Dragon Dance|p1a: Altaria
|-boost|p1a: Altaria|atk|1
|-boost|p1a: Altaria|spe|1
|move|p2a: Landorus-Therian|Stone Edge|p1a: Altaria|[miss]
|-miss|p2a: Landorus-Therian|p1a: Altaria
|
|turn|11
|-message|Shizou forfeited.
|leave|Shizou
|
|win|Cancrix
|raw|Ladder updating...
|player|p2
|raw|Cancrix's rating: 1535 &rarr; <strong>1549<\/strong><br \/>(+14 for winning)
|raw|Shizou's rating: 1417 &rarr; <strong>1403<\/strong><br \/>(-14 for losing)
|leave|MagnaEldin
|c|★Cancrix|Too deep in your head, bro.