|join|Justin5555514
|join|napty
|player|p1|Justin5555514|102
|player|p2|napty|93
|gametype|singles
|gen|6
|tier|OU
|rated
|clearpoke
|poke|p1|Greninja, M, shiny
|poke|p1|Conkeldurr, M, shiny
|poke|p1|Zoroark, M, shiny
|poke|p1|Latias, F
|poke|p1|Espeon, M, shiny
|poke|p1|Scolipede, M, shiny
|poke|p2|Landorus-Therian, M
|poke|p2|Greninja, F
|poke|p2|Gallade, M
|poke|p2|Ferrothorn, F
|poke|p2|Bisharp, F
|poke|p2|Clefable, F
|rule|Swagger Clause: Swagger is banned
|rule|Baton Pass Clause: Limit one Pokémon knowing Baton Pass
|rule|Sleep Clause Mod: Limit one foe put to sleep
|rule|Species Clause: Limit one of each Pokémon
|rule|OHKO Clause: OHKO moves are banned
|rule|Moody Clause: Moody is banned
|rule|Evasion Moves Clause: Evasion moves are banned
|rule|Endless Battle Clause: Forcing endless battles is banned
|rule|HP Percentage Mod: HP is shown in percentages
|teampreview
|
|start
|switch|p1a: Scolipede|Scolipede, M, shiny|261\/261
|switch|p2a: Gallade|Gallade, M|278\/278
|turn|1
|
|detailschange|p2a: Gallade|Gallade-Mega, M
|message|Gallade has Mega Evolved into Mega Gallade!
|move|p1a: Scolipede|Dark Pulse|p2a: Gallade
|-damage|p2a: Gallade|157\/278
|move|p2a: Gallade|Skill Swap|p1a: Scolipede
|-fail|p1a: Scolipede
|
|turn|2
|
|move|p2a: Gallade|Drain Punch|p1a: Scolipede
|-crit|p1a: Scolipede
|-supereffective|p1a: Scolipede
|-enditem|p1a: Scolipede|Focus Sash
|replace|p1a: Zoroark|Zoroark, M, shiny|261\/261
|-damage|p1a: Zoroark|1\/261
|-heal|p2a: Gallade|278\/278|[from] drain|[of] p1a: Zoroark
|move|p1a: Zoroark|Taunt|p2a: Gallade
|-start|p2a: Gallade|move: Taunt
|
|turn|3
|
|move|p2a: Gallade|Drain Punch|p1a: Zoroark
|-supereffective|p1a: Zoroark
|-damage|p1a: Zoroark|0 fnt
|faint|p1a: Zoroark
|
|
|switch|p1a: Scolipede|Scolipede, M, shiny|323\/323
|turn|4
|
|switch|p2a: Landorus-Therian|Landorus-Therian, M|382\/382
|-ability|p2a: Landorus-Therian|Intimidate|[of] p1a: Scolipede
|-unboost|p1a: Scolipede|atk|1
|move|p1a: Scolipede|Iron Defense|p1a: Scolipede
|-boost|p1a: Scolipede|def|2
|
|-boost|p1a: Scolipede|spe|1|[from] ability: Speed Boost
|turn|5
|
|move|p1a: Scolipede|Protect|p1a: Scolipede
|-singleturn|p1a: Scolipede|Protect
|move|p2a: Landorus-Therian|Stealth Rock|p1a: Scolipede
|-sidestart|p1: Justin5555514|move: Stealth Rock
|
|-boost|p1a: Scolipede|spe|1|[from] ability: Speed Boost
|turn|6
|
|move|p1a: Scolipede|Substitute|p1a: Scolipede
|-start|p1a: Scolipede|Substitute
|-damage|p1a: Scolipede|243\/323
|move|p2a: Landorus-Therian|U-turn|p1a: Scolipede
|-resisted|p1a: Scolipede
|-activate|p1a: Scolipede|Substitute|[damage]
|join|aaron671
|
|switch|p2a: Bisharp|Bisharp, F|271\/271
|
|-heal|p1a: Scolipede|263\/323|[from] item: Leftovers
|-boost|p1a: Scolipede|spe|1|[from] ability: Speed Boost
|turn|7
|
|move|p1a: Scolipede|Iron Defense|p1a: Scolipede
|-boost|p1a: Scolipede|def|2
|move|p2a: Bisharp|Swords Dance|p2a: Bisharp
|-boost|p2a: Bisharp|atk|2
|
|-heal|p1a: Scolipede|283\/323|[from] item: Leftovers
|-boost|p1a: Scolipede|spe|1|[from] ability: Speed Boost
|turn|8
|
|move|p1a: Scolipede|Iron Defense|p1a: Scolipede
|-boost|p1a: Scolipede|def|2
|move|p2a: Bisharp|Swords Dance|p2a: Bisharp
|-boost|p2a: Bisharp|atk|2
|
|-heal|p1a: Scolipede|303\/323|[from] item: Leftovers
|-boost|p1a: Scolipede|spe|1|[from] ability: Speed Boost
|turn|9
|
|move|p1a: Scolipede|Baton Pass|p1a: Scolipede
|
|switch|p1a: Latias|Latias, F|364\/364
|-damage|p1a: Latias|319\/364|[from] Stealth Rock
|move|p2a: Bisharp|Swords Dance|p2a: Bisharp
|-boost|p2a: Bisharp|atk|2
|
|turn|10
|
|detailschange|p1a: Latias|Latias-Mega, F
|message|Latias has Mega Evolved into Mega Latias!
|move|p1a: Latias|Surf|p2a: Bisharp
|-damage|p2a: Bisharp|147\/271
|move|p2a: Bisharp|Knock Off|p1a: Latias
|-supereffective|p1a: Latias
|-end|p1a: Latias|Substitute
|
|-heal|p2a: Bisharp|163\/271|[from] item: Leftovers
|turn|11
|
|move|p2a: Bisharp|Sucker Punch|p1a: Latias
|-supereffective|p1a: Latias
|-damage|p1a: Latias|109\/364
|move|p1a: Latias|Surf|p2a: Bisharp
|-damage|p2a: Bisharp|35\/271
|
|-heal|p2a: Bisharp|51\/271|[from] item: Leftovers
|turn|12
|
|move|p1a: Latias|Recover|p1a: Latias
|-heal|p1a: Latias|291\/364
|move|p2a: Bisharp|Knock Off|p1a: Latias
|-supereffective|p1a: Latias
|-damage|p1a: Latias|117\/364
|
|-heal|p2a: Bisharp|67\/271|[from] item: Leftovers
|turn|13
|
|move|p1a: Latias|Recover|p1a: Latias
|-heal|p1a: Latias|299\/364
|move|p2a: Bisharp|Knock Off|p1a: Latias
|-supereffective|p1a: Latias
|-damage|p1a: Latias|153\/364
|
|-heal|p2a: Bisharp|83\/271|[from] item: Leftovers
|turn|14
|
|move|p1a: Latias|Surf|p2a: Bisharp
|-damage|p2a: Bisharp|0 fnt
|faint|p2a: Bisharp
|
|
|switch|p2a: Greninja|Greninja, F|285\/285
|turn|15
|
|move|p1a: Latias|Recover|p1a: Latias
|-heal|p1a: Latias|335\/364
|move|p2a: Greninja|Dark Pulse|p1a: Latias
|-start|p2a: Greninja|typechange|Dark|[from] Protean
|-supereffective|p1a: Latias
|-damage|p1a: Latias|117\/364
|-damage|p2a: Greninja|257\/285|[from] item: Life Orb
|
|turn|16
|
|move|p1a: Latias|Recover|p1a: Latias
|-heal|p1a: Latias|299\/364
|move|p2a: Greninja|Dark Pulse|p1a: Latias
|-supereffective|p1a: Latias
|-damage|p1a: Latias|78\/364
|-damage|p2a: Greninja|229\/285|[from] item: Life Orb
|
|turn|17
|
|move|p1a: Latias|Recover|p1a: Latias
|-heal|p1a: Latias|260\/364
|move|p2a: Greninja|Dark Pulse|p1a: Latias
|-supereffective|p1a: Latias
|-damage|p1a: Latias|42\/364
|-damage|p2a: Greninja|201\/285|[from] item: Life Orb
|
|turn|18
|
|move|p1a: Latias|Recover|p1a: Latias
|-heal|p1a: Latias|224\/364
|move|p2a: Greninja|Dark Pulse|p1a: Latias
|-supereffective|p1a: Latias
|-damage|p1a: Latias|26\/364
|-damage|p2a: Greninja|173\/285|[from] item: Life Orb
|
|turn|19
|
|move|p1a: Latias|Surf|p2a: Greninja
|-damage|p2a: Greninja|26\/285
|move|p2a: Greninja|Dark Pulse|p1a: Latias
|-supereffective|p1a: Latias
|-damage|p1a: Latias|0 fnt
|-damage|p2a: Greninja|0 fnt|[from] item: Life Orb
|faint|p1a: Latias
|faint|p2a: Greninja
|
|c|★napty|you're a goddamn asshole
|
|switch|p1a: Scolipede|Scolipede, M, shiny|303\/323
|switch|p2a: Gallade|Gallade-Mega, M|278\/278
|-damage|p1a: Scolipede|223\/323|[from] Stealth Rock
|turn|20
|
|move|p1a: Scolipede|Protect|p1a: Scolipede
|-singleturn|p1a: Scolipede|Protect
|move|p2a: Gallade|Swords Dance|p2a: Gallade
|-boost|p2a: Gallade|atk|2
|
|-heal|p1a: Scolipede|243\/323|[from] item: Leftovers
|-boost|p1a: Scolipede|spe|1|[from] ability: Speed Boost
|turn|21
|
|move|p1a: Scolipede|Substitute|p1a: Scolipede
|-start|p1a: Scolipede|Substitute
|-damage|p1a: Scolipede|163\/323
|move|p2a: Gallade|Skill Swap|p1a: Scolipede
|-activate|p2a: Gallade|move: Skill Swap|Speed Boost|Inner Focus|[of] p1a: Scolipede
|
|-heal|p1a: Scolipede|183\/323|[from] item: Leftovers
|-boost|p2a: Gallade|spe|1|[from] ability: Speed Boost
|turn|22
|
|move|p1a: Scolipede|Iron Defense|p1a: Scolipede
|-boost|p1a: Scolipede|def|2
|move|p2a: Gallade|Knock Off|p1a: Scolipede
|-end|p1a: Scolipede|Substitute
|
|-heal|p1a: Scolipede|203\/323|[from] item: Leftovers
|-boost|p2a: Gallade|spe|1|[from] ability: Speed Boost
|turn|23
|
|move|p2a: Gallade|Swords Dance|p2a: Gallade
|-boost|p2a: Gallade|atk|2
|move|p1a: Scolipede|Iron Defense|p1a: Scolipede
|-boost|p1a: Scolipede|def|2
|
|-heal|p1a: Scolipede|223\/323|[from] item: Leftovers
|-boost|p2a: Gallade|spe|1|[from] ability: Speed Boost
|turn|24
|
|move|p2a: Gallade|Swords Dance|p2a: Gallade
|-boost|p2a: Gallade|atk|2
|move|p1a: Scolipede|Iron Defense|p1a: Scolipede
|-boost|p1a: Scolipede|def|2
|
|-heal|p1a: Scolipede|243\/323|[from] item: Leftovers
|-boost|p2a: Gallade|spe|1|[from] ability: Speed Boost
|turn|25
|
|move|p2a: Gallade|Knock Off|p1a: Scolipede
|-damage|p1a: Scolipede|87\/323
|-enditem|p1a: Scolipede|Leftovers|[from] move: Knock Off|[of] p2a: Gallade
|move|p1a: Scolipede|Baton Pass|p1a: Scolipede
|
|switch|p1a: Espeon|Espeon, M, shiny|272\/272
|-damage|p1a: Espeon|238\/272|[from] Stealth Rock
|
|-boost|p2a: Gallade|spe|1|[from] ability: Speed Boost
|turn|26
|
|move|p2a: Gallade|Knock Off|p1a: Espeon
|-supereffective|p1a: Espeon
|-damage|p1a: Espeon|0 fnt
|-enditem|p1a: Espeon|Life Orb|[from] move: Knock Off|[of] p2a: Gallade
|faint|p1a: Espeon
|
|-boost|p2a: Gallade|spe|1|[from] ability: Speed Boost
|
|switch|p1a: Conkeldurr|Conkeldurr, M, shiny|414\/414
|-damage|p1a: Conkeldurr|389\/414|[from] Stealth Rock
|turn|27
|
|move|p2a: Gallade|Drain Punch|p1a: Conkeldurr
|-damage|p1a: Conkeldurr|0 fnt
|faint|p1a: Conkeldurr
|
|-message|Justin5555514 forfeited.
|
|win|napty
|raw|Ladder updating...
|raw|Justin5555514's rating: 1444 &rarr; <strong>1427<\/strong><br \/>(-17 for losing)
|raw|napty's rating: 1492 &rarr; <strong>1509<\/strong><br \/>(+17 for winning)