|join|napty
|join|steainer
|player|p1|napty|93
|player|p2|steainer|169
|gametype|singles
|gen|6
|tier|OU
|rated
|clearpoke
|poke|p1|Landorus-Therian, M
|poke|p1|Greninja, M
|poke|p1|Talonflame, M
|poke|p1|Celebi
|poke|p1|Bisharp, M
|poke|p1|Latios, M
|poke|p2|Latias, F
|poke|p2|Conkeldurr, M
|poke|p2|Slowbro, F
|poke|p2|Terrakion
|poke|p2|Garchomp, M
|poke|p2|Ferrothorn, M
|rule|Swagger Clause: Swagger is banned
|rule|Baton Pass Clause: Limit one Pokémon knowing Baton Pass
|rule|Sleep Clause Mod: Limit one foe put to sleep
|rule|Species Clause: Limit one of each Pokémon
|rule|OHKO Clause: OHKO moves are banned
|rule|Moody Clause: Moody is banned
|rule|Evasion Moves Clause: Evasion moves are banned
|rule|Endless Battle Clause: Forcing endless battles is banned
|rule|HP Percentage Mod: HP is shown in percentages
|teampreview
|
|start
|switch|p1a: Talonflame|Talonflame, M|298\/298
|switch|p2a: Latias|Latias, F|342\/342
|turn|1
|
|detailschange|p2a: Latias|Latias-Mega, F
|message|Latias has Mega Evolved into Mega Latias!
|move|p1a: Talonflame|U-turn|p2a: Latias
|-supereffective|p2a: Latias
|-damage|p2a: Latias|180\/342
|
|switch|p1a: Bisharp|Bisharp, M|272\/272
|move|p2a: Latias|Psyshock|p1a: Bisharp
|-immune|p1a: Bisharp|[msg]
|
|turn|2
|
|move|p2a: Latias|Roost|p2a: Latias
|-heal|p2a: Latias|342\/342
|move|p1a: Bisharp|Knock Off|p2a: Latias
|-supereffective|p2a: Latias
|-damage|p2a: Latias|69\/342
|-damage|p1a: Bisharp|245\/272|[from] item: Life Orb
|
|turn|3
|
|switch|p2a: Conkeldurr|Conkeldurr, M|352\/352
|move|p1a: Bisharp|Knock Off|p2a: Conkeldurr
|-resisted|p2a: Conkeldurr
|-damage|p2a: Conkeldurr|229\/352
|-enditem|p2a: Conkeldurr|Assault Vest|[from] move: Knock Off|[of] p1a: Bisharp
|-damage|p1a: Bisharp|218\/272|[from] item: Life Orb
|
|turn|4
|
|switch|p1a: Landorus-Therian|Landorus-Therian, M|382\/382
|-ability|p1a: Landorus-Therian|Intimidate|[of] p2a: Conkeldurr
|-unboost|p2a: Conkeldurr|atk|1
|move|p2a: Conkeldurr|Ice Punch|p1a: Landorus-Therian
|-supereffective|p1a: Landorus-Therian
|-damage|p1a: Landorus-Therian|146\/382
|-damage|p2a: Conkeldurr|171\/352|[from] item: Rocky Helmet|[of] p1a: Landorus-Therian
|
|turn|5
|
|switch|p2a: Latias|Latias-Mega, F|69\/342
|move|p1a: Landorus-Therian|Stealth Rock|p2a: Latias
|-sidestart|p2: steainer|move: Stealth Rock
|
|turn|6
|
|move|p2a: Latias|Draco Meteor|p1a: Landorus-Therian
|-damage|p1a: Landorus-Therian|0 fnt
|-unboost|p2a: Latias|spa|2
|faint|p1a: Landorus-Therian
|
|
|switch|p1a: Celebi|Celebi|404\/404
|turn|7
|
|move|p2a: Latias|Roost|p2a: Latias
|-heal|p2a: Latias|240\/342
|move|p1a: Celebi|Substitute|p1a: Celebi
|-start|p1a: Celebi|Substitute
|-damage|p1a: Celebi|303\/404
|
|-heal|p1a: Celebi|328\/404|[from] item: Leftovers
|turn|8
|
|move|p2a: Latias|Defog|p1a: Celebi
|-sideend|p2: steainer|Stealth Rock|[from] move: Defog|[of] p2a: Latias
|move|p1a: Celebi|Baton Pass|p1a: Celebi
|
|switch|p1a: Bisharp|Bisharp, M|218\/272
|
|turn|9
|
|switch|p2a: Conkeldurr|Conkeldurr, M|171\/352
|move|p1a: Bisharp|Swords Dance|p1a: Bisharp
|-boost|p1a: Bisharp|atk|2
|
|turn|10
|
|switch|p2a: Ferrothorn|Ferrothorn, M|352\/352
|move|p1a: Bisharp|Sucker Punch|p2a: Ferrothorn
|-fail|p2a: Ferrothorn
|
|turn|11
|
|switch|p2a: Latias|Latias-Mega, F|240\/342
|move|p1a: Bisharp|Swords Dance|p1a: Bisharp
|-boost|p1a: Bisharp|atk|2
|
|turn|12
|
|move|p1a: Bisharp|Sucker Punch|p2a: Latias
|-supereffective|p2a: Latias
|-damage|p2a: Latias|0 fnt
|-damage|p1a: Bisharp|191\/272|[from] item: Life Orb
|faint|p2a: Latias
|
|
|switch|p2a: Conkeldurr|Conkeldurr, M|171\/352
|turn|13
|
|move|p1a: Bisharp|Sucker Punch|p2a: Conkeldurr
|-resisted|p2a: Conkeldurr
|-damage|p2a: Conkeldurr|0 fnt
|-damage|p1a: Bisharp|164\/272|[from] item: Life Orb
|faint|p2a: Conkeldurr
|
|-message|steainer forfeited.
|
|win|napty
|raw|Ladder updating...
|leave|steainer
|player|p2
|raw|napty's rating: 1356 &rarr; <strong>1379<\/strong><br \/>(+23 for winning)
|raw|steainer's rating: 1405 &rarr; <strong>1382<\/strong><br \/>(-23 for losing)