|join|QT☆Bugi
|join|napty
|player|p1|QT☆Bugi|279
|player|p2|napty|287
|gametype|singles
|gen|6
|tier|OU
|rated
|clearpoke
|poke|p1|Diggersby, M, shiny
|poke|p1|Crobat, M, shiny
|poke|p1|Blastoise, M
|poke|p1|Bisharp, M
|poke|p1|Medicham, M, shiny
|poke|p1|Sylveon, F
|poke|p2|Landorus-Therian, M
|poke|p2|Starmie
|poke|p2|Bisharp, F
|poke|p2|Gardevoir, M
|poke|p2|Celebi
|poke|p2|Heatran, M
|rule|Swagger Clause: Swagger is banned
|rule|Baton Pass Clause: Limit one Pokémon knowing Baton Pass
|rule|Sleep Clause Mod: Limit one foe put to sleep
|rule|Species Clause: Limit one of each Pokémon
|rule|OHKO Clause: OHKO moves are banned
|rule|Moody Clause: Moody is banned
|rule|Evasion Moves Clause: Evasion moves are banned
|rule|Endless Battle Clause: Forcing endless battles is banned
|rule|HP Percentage Mod: HP is shown in percentages
|teampreview
|
|start
|switch|p1a: Crobat|Crobat, M, shiny|374\/374
|switch|p2a: Landorus-Therian|Landorus-Therian, M|382\/382
|-ability|p2a: Landorus-Therian|Intimidate|[of] p1a: Crobat
|-unboost|p1a: Crobat|atk|1
|turn|1
|
|move|p1a: Crobat|Super Fang|p2a: Landorus-Therian
|-damage|p2a: Landorus-Therian|191\/382
|move|p2a: Landorus-Therian|Knock Off|p1a: Crobat
|-damage|p1a: Crobat|266\/374
|-enditem|p1a: Crobat|Black Sludge|[from] move: Knock Off|[of] p2a: Landorus-Therian
|
|-heal|p2a: Landorus-Therian|214\/382|[from] item: Leftovers
|turn|2
|
|move|p1a: Crobat|Taunt|p2a: Landorus-Therian
|-start|p2a: Landorus-Therian|move: Taunt
|cant|p2a: Landorus-Therian|move: Taunt|Stealth Rock
|
|-heal|p2a: Landorus-Therian|237\/382|[from] item: Leftovers
|turn|3
|join|sm0k3w33d
|
|move|p1a: Crobat|Super Fang|p2a: Landorus-Therian|[miss]
|-miss|p1a: Crobat|p2a: Landorus-Therian
|move|p2a: Landorus-Therian|Knock Off|p1a: Crobat
|-damage|p1a: Crobat|190\/374
|
|-heal|p2a: Landorus-Therian|260\/382|[from] item: Leftovers
|turn|4
|
|move|p1a: Crobat|Super Fang|p2a: Landorus-Therian
|-damage|p2a: Landorus-Therian|130\/382
|move|p2a: Landorus-Therian|Earthquake|p1a: Crobat
|-immune|p1a: Crobat|[msg]
|
|-heal|p2a: Landorus-Therian|153\/382|[from] item: Leftovers
|-end|p2a: Landorus-Therian|move: Taunt
|turn|5
|
|move|p1a: Crobat|Taunt|p2a: Landorus-Therian
|-start|p2a: Landorus-Therian|move: Taunt
|move|p2a: Landorus-Therian|Knock Off|p1a: Crobat
|-damage|p1a: Crobat|118\/374
|
|-heal|p2a: Landorus-Therian|176\/382|[from] item: Leftovers
|turn|6
|
|move|p1a: Crobat|Hypnosis|p2a: Landorus-Therian
|-status|p2a: Landorus-Therian|slp
|cant|p2a: Landorus-Therian|slp
|
|-heal|p2a: Landorus-Therian|199\/382 slp|[from] item: Leftovers
|turn|7
|
|switch|p1a: Diggersby|Diggersby, M, shiny|312\/312
|switch|p2a: Bisharp|Bisharp, F|271\/271
|
|turn|8
|c|★napty|you're a big nerd man
|c|★QT☆Bugi|you too
|c|★QT☆Bugi|:)
|
|switch|p2a: Heatran|Heatran, M|323\/323
|-item|p2a: Heatran|Air Balloon
|move|p1a: Diggersby|Earthquake|p2a: Heatran
|-immune|p2a: Heatran|[msg]
|
|turn|9
|c|★napty|piss off
|
|switch|p1a: Crobat|Crobat, M, shiny|118\/374
|move|p2a: Heatran|Lava Plume|p1a: Crobat
|-damage|p1a: Crobat|0 fnt
|faint|p1a: Crobat
|
|
|switch|p1a: Medicham|Medicham, M, shiny|261\/261
|turn|10
|
|switch|p2a: Starmie|Starmie|261\/261
|detailschange|p1a: Medicham|Medicham-Mega, M, shiny
|-mega|p1a: Medicham|Medicham|Medichamite
|move|p1a: Medicham|High Jump Kick|p2a: Starmie|[miss]
|-miss|p1a: Medicham|p2a: Starmie
|-damage|p1a: Medicham|131\/261|[from] highjumpkick
|
|turn|11
|c|★QT☆Bugi|kkkkk
|c|★napty|glad you misses
|
|switch|p1a: Sylveon|Sylveon, F|394\/394
|move|p2a: Starmie|Scald|p1a: Sylveon
|-damage|p1a: Sylveon|269\/394
|-damage|p2a: Starmie|235\/261|[from] item: Life Orb
|
|-heal|p1a: Sylveon|293\/394|[from] item: Leftovers
|turn|12
|c|★napty|fuckin nerd
|
|move|p2a: Starmie|Psyshock|p1a: Sylveon
|-damage|p1a: Sylveon|124\/394
|-damage|p2a: Starmie|209\/261|[from] item: Life Orb
|move|p1a: Sylveon|Wish|p1a: Sylveon
|
|-heal|p1a: Sylveon|148\/394|[from] item: Leftovers
|turn|13
|
|switch|p2a: Heatran|Heatran, M|323\/323
|-item|p2a: Heatran|Air Balloon
|move|p1a: Sylveon|Protect|p1a: Sylveon
|-fail|p1a: Sylveon
|
|-heal|p1a: Sylveon|345\/394|[from] move: Wish|[wisher] Sylveon
|-heal|p1a: Sylveon|369\/394|[from] item: Leftovers
|turn|14
|
|switch|p1a: Blastoise|Blastoise, M|362\/362
|move|p2a: Heatran|Flash Cannon|p1a: Blastoise
|-resisted|p1a: Blastoise
|-damage|p1a: Blastoise|292\/362
|
|turn|15
|
|switch|p2a: Celebi|Celebi|404\/404
|move|p1a: Blastoise|Scald|p2a: Celebi
|-resisted|p2a: Celebi
|-damage|p2a: Celebi|376\/404
|-status|p2a: Celebi|brn
|
|-heal|p2a: Celebi|401\/404 brn|[from] item: Leftovers
|-damage|p2a: Celebi|351\/404 brn|[from] brn
|turn|16
|
|switch|p1a: Bisharp|Bisharp, M|272\/272
|move|p2a: Celebi|Substitute|p2a: Celebi
|-start|p2a: Celebi|Substitute
|-damage|p2a: Celebi|250\/404 brn
|
|-heal|p2a: Celebi|275\/404 brn|[from] item: Leftovers
|-damage|p2a: Celebi|225\/404 brn|[from] brn
|turn|17
|
|move|p2a: Celebi|Baton Pass|p2a: Celebi
|
|switch|p2a: Bisharp|Bisharp, F|271\/271
|move|p1a: Bisharp|Knock Off|p2a: Bisharp
|-resisted|p2a: Bisharp
|-end|p2a: Bisharp|Substitute
|-damage|p1a: Bisharp|245\/272|[from] item: Life Orb
|
|turn|18
|
|move|p1a: Bisharp|Knock Off|p2a: Bisharp
|-resisted|p2a: Bisharp
|-damage|p2a: Bisharp|144\/271
|-enditem|p2a: Bisharp|Leftovers|[from] move: Knock Off|[of] p1a: Bisharp
|-damage|p1a: Bisharp|218\/272|[from] item: Life Orb
|move|p2a: Bisharp|Knock Off|p1a: Bisharp
|-resisted|p1a: Bisharp
|-damage|p1a: Bisharp|123\/272
|-enditem|p1a: Bisharp|Life Orb|[from] move: Knock Off|[of] p2a: Bisharp
|
|turn|19
|
|move|p2a: Bisharp|Iron Head|p1a: Bisharp
|-resisted|p1a: Bisharp
|-damage|p1a: Bisharp|50\/272
|move|p1a: Bisharp|Iron Head|p2a: Bisharp
|-resisted|p2a: Bisharp
|-damage|p2a: Bisharp|72\/271
|
|turn|20
|
|move|p2a: Bisharp|Iron Head|p1a: Bisharp
|-resisted|p1a: Bisharp
|-damage|p1a: Bisharp|0 fnt
|faint|p1a: Bisharp
|
|
|switch|p1a: Diggersby|Diggersby, M, shiny|312\/312
|turn|21
|
|move|p1a: Diggersby|Quick Attack|p2a: Bisharp
|-resisted|p2a: Bisharp
|-damage|p2a: Bisharp|27\/271
|move|p2a: Bisharp|Sucker Punch|p1a: Diggersby
|-fail|p1a: Diggersby
|
|turn|22
|c|★napty|gay
|
|move|p1a: Diggersby|Quick Attack|p2a: Bisharp
|-resisted|p2a: Bisharp
|-damage|p2a: Bisharp|0 fnt
|faint|p2a: Bisharp
|
|
|switch|p2a: Starmie|Starmie|209\/261
|turn|23
|
|switch|p1a: Blastoise|Blastoise, M|292\/362
|move|p2a: Starmie|Scald|p1a: Blastoise
|-resisted|p1a: Blastoise
|-damage|p1a: Blastoise|223\/362
|-status|p1a: Blastoise|brn
|-damage|p2a: Starmie|183\/261|[from] item: Life Orb
|
|-damage|p1a: Blastoise|178\/362 brn|[from] brn
|-enditem|p1a: Blastoise|Sitrus Berry|[eat]
|-heal|p1a: Blastoise|268\/362 brn|[from] item: Sitrus Berry
|turn|24
|c|★napty|you  are probably the gayer gay ive ever seen
|
|move|p2a: Starmie|Psyshock|p1a: Blastoise
|-damage|p1a: Blastoise|155\/362 brn
|-damage|p2a: Starmie|157\/261|[from] item: Life Orb
|move|p1a: Blastoise|Mirror Coat|p2a: Starmie
|-damage|p2a: Starmie|0 fnt
|faint|p2a: Starmie
|
|-damage|p1a: Blastoise|110\/362 brn|[from] brn
|
|switch|p2a: Celebi|Celebi|225\/404
|turn|25
|
|move|p2a: Celebi|Substitute|p2a: Celebi
|-start|p2a: Celebi|Substitute
|-damage|p2a: Celebi|124\/404
|move|p1a: Blastoise|Ice Beam|p2a: Celebi
|-supereffective|p2a: Celebi
|-activate|p2a: Celebi|Substitute|[damage]
|
|-heal|p2a: Celebi|149\/404|[from] item: Leftovers
|-damage|p1a: Blastoise|65\/362 brn|[from] brn
|turn|26
|
|move|p2a: Celebi|Recover|p2a: Celebi
|-heal|p2a: Celebi|351\/404
|move|p1a: Blastoise|Ice Beam|p2a: Celebi
|-supereffective|p2a: Celebi
|-end|p2a: Celebi|Substitute
|
|-heal|p2a: Celebi|376\/404|[from] item: Leftovers
|-damage|p1a: Blastoise|20\/362 brn|[from] brn
|turn|27
|
|switch|p1a: Sylveon|Sylveon, F|369\/394
|move|p2a: Celebi|Substitute|p2a: Celebi
|-start|p2a: Celebi|Substitute
|-damage|p2a: Celebi|275\/404
|
|-heal|p2a: Celebi|300\/404|[from] item: Leftovers
|-heal|p1a: Sylveon|393\/394|[from] item: Leftovers
|turn|28
|
|move|p2a: Celebi|Baton Pass|p2a: Celebi
|
|switch|p2a: Heatran|Heatran, M|323\/323
|-item|p2a: Heatran|Air Balloon
|move|p1a: Sylveon|Wish|p1a: Sylveon
|
|-heal|p1a: Sylveon|394\/394|[from] item: Leftovers
|turn|29
|
|move|p2a: Heatran|Lava Plume|p1a: Sylveon
|-damage|p1a: Sylveon|270\/394
|move|p1a: Sylveon|Hyper Voice|p2a: Heatran
|-resisted|p2a: Heatran
|-damage|p2a: Heatran|286\/323
|-enditem|p2a: Heatran|Air Balloon
|
|-heal|p1a: Sylveon|394\/394|[from] move: Wish|[wisher] Sylveon
|turn|30
|c|★napty|get a haircut
|c|★napty|you fuckin nerd
|c|★QT☆Bugi|you too sucker :)
|c|★napty|shut up
|c|★QT☆Bugi|thank you kkkkkk
|c|★napty|kkkkkkkkkkkkk
|
|switch|p1a: Blastoise|Blastoise, M|20\/362 brn
|move|p2a: Heatran|Flash Cannon|p1a: Blastoise
|-resisted|p1a: Blastoise
|-damage|p1a: Blastoise|0 fnt
|faint|p1a: Blastoise
|
|
|switch|p1a: Diggersby|Diggersby, M, shiny|312\/312
|turn|31
|
|move|p1a: Diggersby|Return|p2a: Heatran
|-resisted|p2a: Heatran
|-end|p2a: Heatran|Substitute
|move|p2a: Heatran|Lava Plume|p1a: Diggersby
|-damage|p1a: Diggersby|105\/312
|
|turn|32
|
|switch|p2a: Celebi|Celebi|300\/404
|move|p1a: Diggersby|Ice Punch|p2a: Celebi
|-crit|p2a: Celebi
|-supereffective|p2a: Celebi
|-damage|p2a: Celebi|0 fnt
|faint|p2a: Celebi
|
|c|★napty|stupid nerd
|c|★QT☆Bugi|kkkkkkkkkkkkkkkkkkkkk
|c|★QT☆Bugi|kkkkkkkkk
|c|★QT☆Bugi|kkkkkkkkkkkkkkkkkkkkkkk
|
|switch|p2a: Gardevoir|Gardevoir, M|277\/277
|-ability|p2a: Gardevoir|Huge Power|[from] ability: Trace|[of] p1a: Diggersby
|turn|33
|
|switch|p2a: Landorus-Therian|Landorus-Therian, M|199\/382 slp
|-ability|p2a: Landorus-Therian|Intimidate|[of] p1a: Diggersby
|-unboost|p1a: Diggersby|atk|1
|move|p1a: Diggersby|Quick Attack|p2a: Landorus-Therian
|-damage|p2a: Landorus-Therian|151\/382 slp
|
|-heal|p2a: Landorus-Therian|174\/382 slp|[from] item: Leftovers
|turn|34
|c|★napty|you better kill yourself
|
|move|p1a: Diggersby|Ice Punch|p2a: Landorus-Therian
|-supereffective|p2a: Landorus-Therian
|-damage|p2a: Landorus-Therian|0 fnt
|faint|p2a: Landorus-Therian
|
|c|★QT☆Bugi|kkkkkkkkkkkkkkkkkkkkkkkkk
|
|switch|p2a: Gardevoir|Gardevoir, M|277\/277
|-ability|p2a: Gardevoir|Huge Power|[from] ability: Trace|[of] p1a: Diggersby
|turn|35
|c|★QT☆Bugi|kkkkkk
|
|detailschange|p2a: Gardevoir|Gardevoir-Mega, M
|-mega|p2a: Gardevoir|Gardevoir|Gardevoirite
|move|p1a: Diggersby|Quick Attack|p2a: Gardevoir
|-damage|p2a: Gardevoir|186\/277
|move|p2a: Gardevoir|Psyshock|p1a: Diggersby
|-damage|p1a: Diggersby|0 fnt
|faint|p1a: Diggersby
|
|
|switch|p1a: Medicham|Medicham-Mega, M, shiny|131\/261
|turn|36
|
|switch|p2a: Heatran|Heatran, M|286\/323
|move|p1a: Medicham|Fake Out|p2a: Heatran
|-resisted|p2a: Heatran
|-damage|p2a: Heatran|248\/323
|
|turn|37
|
|switch|p2a: Gardevoir|Gardevoir-Mega, M|186\/277
|move|p1a: Medicham|High Jump Kick|p2a: Gardevoir
|-resisted|p2a: Gardevoir
|-damage|p2a: Gardevoir|45\/277
|
|turn|38
|c|★napty|gay
|-message|napty forfeited.
|
|win|QT☆Bugi
|raw|Ladder updating...
|c|★QT☆Bugi|kkkkkkkkkkkkkkkkkkkkkkkkkkkkkkkkkkkkkkkkkkkkkkkkkkkkkkkkkkkkkkkkkkkkkkkkkkkkkkkkkkkkkkkkkkkkkkkkkk
|leave|napty
|player|p2
|raw|QT☆Bugi's rating: 1456 &rarr; <strong>1480<\/strong><br \/>(+24 for winning)
|raw|napty's rating: 1511 &rarr; <strong>1488<\/strong><br \/>(-23 for losing)
|leave|sm0k3w33d