|join|6potato9
|join|PokeHD
|player|p1|6potato9|226
|player|p2|PokeHD|266
|gametype|singles
|gen|6
|tier|OU
|rated
|clearpoke
|poke|p1|Sceptile, M
|poke|p1|Chansey, F
|poke|p1|Ferrothorn, M
|poke|p1|Conkeldurr, F
|poke|p1|Latias, F
|poke|p1|Weavile, F
|poke|p2|Gallade, M
|poke|p2|Scizor, M
|poke|p2|Landorus-Therian, M
|poke|p2|Zapdos
|poke|p2|Rotom-Wash
|poke|p2|Sylveon, F
|rule|Swagger Clause: Swagger is banned
|rule|Baton Pass Clause: Limit one Pokémon knowing Baton Pass
|rule|Sleep Clause Mod: Limit one foe put to sleep
|rule|Species Clause: Limit one of each Pokémon
|rule|OHKO Clause: OHKO moves are banned
|rule|Moody Clause: Moody is banned
|rule|Evasion Moves Clause: Evasion moves are banned
|rule|Endless Battle Clause: Forcing endless battles is banned
|rule|HP Percentage Mod: HP is shown in percentages
|teampreview
|
|start
|switch|p1a: Sceptile|Sceptile, M|282\/282
|switch|p2a: Zapdos|Zapdos|384\/384
|-ability|p2a: Zapdos|Pressure
|turn|1
|
|detailschange|p1a: Sceptile|Sceptile-Mega, M
|message|Sceptile has Mega Evolved into Mega Sceptile!
|move|p1a: Sceptile|Dragon Pulse|p2a: Zapdos
|-damage|p2a: Zapdos|194\/384
|move|p2a: Zapdos|Roar|p1a: Sceptile
|drag|p1a: Conkeldurr|Conkeldurr, F|414\/414
|
|-heal|p2a: Zapdos|218\/384|[from] item: Leftovers
|turn|2
|
|move|p2a: Zapdos|Discharge|p1a: Conkeldurr
|-damage|p1a: Conkeldurr|302\/414
|move|p1a: Conkeldurr|Knock Off|p2a: Zapdos
|-damage|p2a: Zapdos|116\/384
|-enditem|p2a: Zapdos|Leftovers|[from] move: Knock Off|[of] p1a: Conkeldurr
|
|turn|3
|
|move|p2a: Zapdos|Roost|p2a: Zapdos
|-heal|p2a: Zapdos|308\/384
|move|p1a: Conkeldurr|Ice Punch|p2a: Zapdos
|-damage|p2a: Zapdos|219\/384
|
|turn|4
|
|switch|p2a: Rotom-Wash|Rotom-Wash|304\/304
|move|p1a: Conkeldurr|Drain Punch|p2a: Rotom-Wash
|-damage|p2a: Rotom-Wash|202\/304
|-heal|p1a: Conkeldurr|353\/414|[from] drain|[of] p2a: Rotom-Wash
|
|-heal|p2a: Rotom-Wash|221\/304|[from] item: Leftovers
|turn|5
|
|move|p2a: Rotom-Wash|Hydro Pump|p1a: Conkeldurr
|-crit|p1a: Conkeldurr
|-damage|p1a: Conkeldurr|157\/414
|move|p1a: Conkeldurr|Knock Off|p2a: Rotom-Wash
|-damage|p2a: Rotom-Wash|128\/304
|-enditem|p2a: Rotom-Wash|Leftovers|[from] move: Knock Off|[of] p1a: Conkeldurr
|
|turn|6
|
|switch|p1a: Sceptile|Sceptile-Mega, M|282\/282
|move|p2a: Rotom-Wash|Hydro Pump|p1a: Sceptile|[miss]
|-miss|p2a: Rotom-Wash|p1a: Sceptile
|
|turn|7
|
|move|p1a: Sceptile|Giga Drain|p2a: Rotom-Wash
|-supereffective|p2a: Rotom-Wash
|-damage|p2a: Rotom-Wash|0 fnt
|faint|p2a: Rotom-Wash
|
|
|switch|p2a: Scizor|Scizor, M|344\/344
|turn|8
|
|switch|p1a: Ferrothorn|Ferrothorn, M|352\/352
|move|p2a: Scizor|U-turn|p1a: Ferrothorn
|-damage|p1a: Ferrothorn|232\/352
|-damage|p2a: Scizor|301\/344|[from] ability: Iron Barbs|[of] p1a: Ferrothorn
|-damage|p2a: Scizor|244\/344|[from] item: Rocky Helmet|[of] p1a: Ferrothorn
|
|switch|p2a: Gallade|Gallade, M|278\/278
|
|turn|9
|
|detailschange|p2a: Gallade|Gallade-Mega, M
|message|Gallade has Mega Evolved into Mega Gallade!
|move|p2a: Gallade|Close Combat|p1a: Ferrothorn
|-supereffective|p1a: Ferrothorn
|-damage|p1a: Ferrothorn|0 fnt
|-damage|p2a: Gallade|244\/278|[from] ability: Iron Barbs|[of] p1a: Ferrothorn
|-damage|p2a: Gallade|198\/278|[from] item: Rocky Helmet|[of] p1a: Ferrothorn
|-unboost|p2a: Gallade|def|1
|-unboost|p2a: Gallade|spd|1
|faint|p1a: Ferrothorn
|
|
|switch|p1a: Sceptile|Sceptile-Mega, M|282\/282
|turn|10
|
|switch|p2a: Sylveon|Sylveon, F|394\/394
|move|p1a: Sceptile|Dragon Pulse|p2a: Sylveon
|-immune|p2a: Sylveon|[msg]
|
|turn|11
|
|switch|p1a: Chansey|Chansey, F|704\/704
|move|p2a: Sylveon|Wish|p2a: Sylveon
|
|turn|12
|
|switch|p2a: Scizor|Scizor, M|244\/344
|move|p1a: Chansey|Toxic|p2a: Scizor
|-fail|p2a: Scizor
|
|-heal|p2a: Scizor|344\/344|[from] move: Wish|[wisher] Sylveon
|turn|13
|
|switch|p1a: Conkeldurr|Conkeldurr, F|157\/414
|move|p2a: Scizor|Knock Off|p1a: Conkeldurr
|-resisted|p1a: Conkeldurr
|-damage|p1a: Conkeldurr|58\/414
|-enditem|p1a: Conkeldurr|Assault Vest|[from] move: Knock Off|[of] p2a: Scizor
|
|turn|14
|
|move|p2a: Scizor|Knock Off|p1a: Conkeldurr
|-resisted|p1a: Conkeldurr
|-damage|p1a: Conkeldurr|0 fnt
|faint|p1a: Conkeldurr
|
|
|switch|p1a: Weavile|Weavile, F|282\/282
|-ability|p1a: Weavile|Pressure
|turn|15
|
|switch|p2a: Zapdos|Zapdos|219\/384
|-ability|p2a: Zapdos|Pressure
|move|p1a: Weavile|Knock Off|p2a: Zapdos
|-damage|p2a: Zapdos|134\/384
|
|turn|16
|
|switch|p2a: Scizor|Scizor, M|344\/344
|move|p1a: Weavile|Ice Shard|p2a: Scizor
|-resisted|p2a: Scizor
|-damage|p2a: Scizor|307\/344
|
|turn|17
|
|switch|p1a: Sceptile|Sceptile-Mega, M|282\/282
|move|p2a: Scizor|Bullet Punch|p1a: Sceptile
|-damage|p1a: Sceptile|41\/282
|
|turn|18
|
|switch|p1a: Chansey|Chansey, F|704\/704
|move|p2a: Scizor|Bullet Punch|p1a: Chansey
|-damage|p1a: Chansey|454\/704
|
|turn|19
|
|move|p2a: Scizor|Bullet Punch|p1a: Chansey
|-damage|p1a: Chansey|225\/704
|move|p1a: Chansey|Wish|p1a: Chansey
|
|turn|20
|
|move|p1a: Chansey|Protect|p1a: Chansey
|-singleturn|p1a: Chansey|Protect
|move|p2a: Scizor|Bullet Punch|p1a: Chansey
|-activate|p1a: Chansey|Protect
|
|-heal|p1a: Chansey|577\/704|[from] move: Wish|[wisher] Chansey
|turn|21
|
|switch|p2a: Gallade|Gallade-Mega, M|198\/278
|move|p1a: Chansey|Wish|p1a: Chansey
|
|turn|22
|
|switch|p1a: Latias|Latias, F|302\/302
|move|p2a: Gallade|Knock Off|p1a: Latias
|-supereffective|p1a: Latias
|-damage|p1a: Latias|0 fnt
|-enditem|p1a: Latias|Life Orb|[from] move: Knock Off|[of] p2a: Gallade
|faint|p1a: Latias
|
|
|switch|p1a: Sceptile|Sceptile-Mega, M|41\/282
|turn|23
|c|★6potato9|fuck
|c|★6potato9|the mixclick
|
|switch|p2a: Sylveon|Sylveon, F|394\/394
|move|p1a: Sceptile|Giga Drain|p2a: Sylveon
|-damage|p2a: Sylveon|300\/394
|-heal|p1a: Sceptile|88\/282|[from] drain|[of] p2a: Sylveon
|
|-heal|p2a: Sylveon|324\/394|[from] item: Leftovers
|turn|24
|
|switch|p1a: Chansey|Chansey, F|577\/704
|move|p2a: Sylveon|Hyper Voice|p1a: Chansey
|-damage|p1a: Chansey|477\/704
|
|-heal|p2a: Sylveon|348\/394|[from] item: Leftovers
|turn|25
|
|move|p2a: Sylveon|Wish|p2a: Sylveon
|move|p1a: Chansey|Wish|p1a: Chansey
|
|-heal|p2a: Sylveon|372\/394|[from] item: Leftovers
|turn|26
|
|move|p2a: Sylveon|Hyper Voice|p1a: Chansey
|-damage|p1a: Chansey|389\/704
|move|p1a: Chansey|Toxic|p2a: Sylveon
|-status|p2a: Sylveon|tox
|
|-heal|p2a: Sylveon|394\/394 tox|[from] move: Wish|[wisher] Sylveon
|-heal|p1a: Chansey|704\/704|[from] move: Wish|[wisher] Chansey
|-damage|p2a: Sylveon|370\/394 tox|[from] psn
|turn|27
|
|switch|p2a: Scizor|Scizor, M|307\/344
|move|p1a: Chansey|Wish|p1a: Chansey
|
|turn|28
|
|switch|p1a: Weavile|Weavile, F|282\/282
|-ability|p1a: Weavile|Pressure
|move|p2a: Scizor|Knock Off|p1a: Weavile
|-crit|p1a: Weavile
|-resisted|p1a: Weavile
|-damage|p1a: Weavile|94\/282
|-enditem|p1a: Weavile|Focus Sash|[from] move: Knock Off|[of] p2a: Scizor
|
|-heal|p1a: Weavile|282\/282|[from] move: Wish|[wisher] Chansey
|turn|29
|
|switch|p2a: Zapdos|Zapdos|134\/384
|-ability|p2a: Zapdos|Pressure
|move|p1a: Weavile|Knock Off|p2a: Zapdos
|-damage|p2a: Zapdos|53\/384
|
|turn|30
|
|move|p1a: Weavile|Knock Off|p2a: Zapdos
|-damage|p2a: Zapdos|0 fnt
|faint|p2a: Zapdos
|
|
|switch|p2a: Gallade|Gallade-Mega, M|198\/278
|turn|31
|
|move|p1a: Weavile|Knock Off|p2a: Gallade
|-damage|p2a: Gallade|83\/278
|move|p2a: Gallade|Close Combat|p1a: Weavile
|-supereffective|p1a: Weavile
|-damage|p1a: Weavile|0 fnt
|-unboost|p2a: Gallade|def|1
|-unboost|p2a: Gallade|spd|1
|faint|p1a: Weavile
|
|
|switch|p1a: Sceptile|Sceptile-Mega, M|88\/282
|turn|32
|
|switch|p2a: Sylveon|Sylveon, F|370\/394 tox
|move|p1a: Sceptile|Giga Drain|p2a: Sylveon
|-damage|p2a: Sylveon|288\/394 tox
|-heal|p1a: Sceptile|129\/282|[from] drain|[of] p2a: Sylveon
|
|-heal|p2a: Sylveon|312\/394 tox|[from] item: Leftovers
|-damage|p2a: Sylveon|288\/394 tox|[from] psn
|turn|33
|
|switch|p2a: Scizor|Scizor, M|307\/344
|move|p1a: Sceptile|Giga Drain|p2a: Scizor
|-resisted|p2a: Scizor
|-damage|p2a: Scizor|265\/344
|-heal|p1a: Sceptile|150\/282|[from] drain|[of] p2a: Scizor
|
|turn|34
|
|switch|p1a: Chansey|Chansey, F|704\/704
|move|p2a: Scizor|U-turn|p1a: Chansey
|-damage|p1a: Chansey|415\/704
|
|switch|p2a: Gallade|Gallade-Mega, M|83\/278
|
|turn|35
|
|move|p2a: Gallade|Close Combat|p1a: Chansey
|-supereffective|p1a: Chansey
|-damage|p1a: Chansey|0 fnt
|-unboost|p2a: Gallade|def|1
|-unboost|p2a: Gallade|spd|1
|faint|p1a: Chansey
|
|
|switch|p1a: Sceptile|Sceptile-Mega, M|150\/282
|turn|36
|
|move|p1a: Sceptile|Focus Blast|p2a: Gallade
|-resisted|p2a: Gallade
|-damage|p2a: Gallade|0 fnt
|faint|p2a: Gallade
|
|
|switch|p2a: Sylveon|Sylveon, F|288\/394 tox
|turn|37
|
|move|p1a: Sceptile|Giga Drain|p2a: Sylveon
|-damage|p2a: Sylveon|204\/394 tox
|-heal|p1a: Sceptile|192\/282|[from] drain|[of] p2a: Sylveon
|move|p2a: Sylveon|Hyper Voice|p1a: Sceptile
|-supereffective|p1a: Sceptile
|-damage|p1a: Sceptile|0 fnt
|faint|p1a: Sceptile
|
|win|PokeHD
|raw|Ladder updating...
|raw|6potato9's rating: 1337 &rarr; <strong>1319<\/strong><br \/>(-18 for losing)
|raw|PokeHD's rating: 1364 &rarr; <strong>1383<\/strong><br \/>(+19 for winning)
|c|★6potato9|gg
|leave|6potato9
|player|p1
|c|★PokeHD|gg