|join|kratos
|join|PokeHD
|player|p1|kratos|2
|player|p2|PokeHD|2
|gametype|singles
|gen|6
|tier|OU
|rated
|clearpoke
|poke|p1|Gliscor, M
|poke|p1|Rotom-Wash
|poke|p1|Diancie
|poke|p1|Blissey, F
|poke|p1|Manaphy
|poke|p1|Mew
|poke|p2|Gallade, M
|poke|p2|Scizor, M
|poke|p2|Landorus-Therian, M
|poke|p2|Zapdos
|poke|p2|Rotom-Wash
|poke|p2|Sylveon, F
|rule|Swagger Clause: Swagger is banned
|rule|Baton Pass Clause: Limit one Pokémon knowing Baton Pass
|rule|Sleep Clause Mod: Limit one foe put to sleep
|rule|Species Clause: Limit one of each Pokémon
|rule|OHKO Clause: OHKO moves are banned
|rule|Moody Clause: Moody is banned
|rule|Evasion Moves Clause: Evasion moves are banned
|rule|Endless Battle Clause: Forcing endless battles is banned
|rule|HP Percentage Mod: HP is shown in percentages
|teampreview
|
|start
|switch|p1a: Rotom-Wash|Rotom-Wash|241\/241
|switch|p2a: Landorus-Therian|Landorus-Therian, M|319\/319
|-ability|p2a: Landorus-Therian|Intimidate|[of] p1a: Rotom-Wash
|-unboost|p1a: Rotom-Wash|atk|1
|turn|1
|
|move|p2a: Landorus-Therian|U-turn|p1a: Rotom-Wash
|-damage|p1a: Rotom-Wash|154\/241
|
|switch|p2a: Sylveon|Sylveon, F|394\/394
|move|p1a: Rotom-Wash|Will-O-Wisp|p2a: Sylveon
|-status|p2a: Sylveon|brn
|
|-damage|p2a: Sylveon|345\/394 brn|[from] brn
|turn|2
|
|switch|p1a: Blissey|Blissey, F|714\/714
|move|p2a: Sylveon|Heal Bell|p2a: Sylveon
|-cureteam|p2a: Sylveon|[from] move: HealBell
|
|-heal|p2a: Sylveon|369\/394|[from] item: Leftovers
|turn|3
|
|move|p2a: Sylveon|Wish|p2a: Sylveon
|move|p1a: Blissey|Stealth Rock|p2a: Sylveon
|-sidestart|p2: PokeHD|move: Stealth Rock
|
|-heal|p2a: Sylveon|393\/394|[from] item: Leftovers
|turn|4
|
|switch|p2a: Scizor|Scizor, M|344\/344
|-damage|p2a: Scizor|301\/344|[from] Stealth Rock
|move|p1a: Blissey|Toxic|p2a: Scizor
|-fail|p2a: Scizor
|
|-heal|p2a: Scizor|344\/344|[from] move: Wish|[wisher] Sylveon
|turn|5
|
|switch|p1a: Manaphy|Manaphy|404\/404
|move|p2a: Scizor|Knock Off|p1a: Manaphy
|-damage|p1a: Manaphy|211\/404
|-enditem|p1a: Manaphy|Leftovers|[from] move: Knock Off|[of] p2a: Scizor
|
|turn|6
|
|switch|p2a: Zapdos|Zapdos|384\/384
|-damage|p2a: Zapdos|288\/384|[from] Stealth Rock
|-ability|p2a: Zapdos|Pressure
|move|p1a: Manaphy|Scald|p2a: Zapdos
|-damage|p2a: Zapdos|183\/384
|
|-heal|p2a: Zapdos|207\/384|[from] item: Leftovers
|turn|7
|
|switch|p1a: Blissey|Blissey, F|714\/714
|move|p2a: Zapdos|Roost|p2a: Zapdos
|-heal|p2a: Zapdos|384\/384
|
|turn|8
|
|move|p2a: Zapdos|Defog|p1a: Blissey
|-unboost|p1a: Blissey|evasion|1
|-sideend|p2: PokeHD|Stealth Rock|[from] move: Defog|[of] p2a: Zapdos
|move|p1a: Blissey|Toxic|p2a: Zapdos|[miss]
|-miss|p1a: Blissey|p2a: Zapdos
|
|turn|9
|
|switch|p2a: Scizor|Scizor, M|344\/344
|move|p1a: Blissey|Stealth Rock|p2a: Scizor
|-sidestart|p2: PokeHD|move: Stealth Rock
|
|turn|10
|
|switch|p1a: Manaphy|Manaphy|211\/404
|move|p2a: Scizor|Knock Off|p1a: Manaphy
|-damage|p1a: Manaphy|85\/404
|
|turn|11
|
|move|p1a: Manaphy|Scald|p2a: Scizor
|-damage|p2a: Scizor|227\/344
|move|p2a: Scizor|Knock Off|p1a: Manaphy
|-damage|p1a: Manaphy|0 fnt
|faint|p1a: Manaphy
|
|
|switch|p1a: Rotom-Wash|Rotom-Wash|154\/241
|turn|12
|
|switch|p2a: Sylveon|Sylveon, F|393\/394
|-damage|p2a: Sylveon|344\/394|[from] Stealth Rock
|move|p1a: Rotom-Wash|Will-O-Wisp|p2a: Sylveon
|-status|p2a: Sylveon|brn
|
|-heal|p2a: Sylveon|368\/394 brn|[from] item: Leftovers
|-damage|p2a: Sylveon|319\/394 brn|[from] brn
|turn|13
|
|switch|p1a: Mew|Mew|403\/403
|move|p2a: Sylveon|Heal Bell|p2a: Sylveon
|-cureteam|p2a: Sylveon|[from] move: HealBell
|
|-heal|p2a: Sylveon|343\/394|[from] item: Leftovers
|turn|14
|
|move|p1a: Mew|Swords Dance|p1a: Mew
|-boost|p1a: Mew|atk|2
|move|p2a: Sylveon|Wish|p2a: Sylveon
|
|-heal|p2a: Sylveon|367\/394|[from] item: Leftovers
|turn|15
|
|move|p1a: Mew|Scald|p2a: Sylveon
|-damage|p2a: Sylveon|334\/394
|-status|p2a: Sylveon|brn
|move|p2a: Sylveon|Hyper Voice|p1a: Mew
|-damage|p1a: Mew|285\/403
|
|-heal|p2a: Sylveon|394\/394 brn|[from] move: Wish|[wisher] Sylveon
|-heal|p1a: Mew|310\/403|[from] item: Leftovers
|-damage|p2a: Sylveon|345\/394 brn|[from] brn
|turn|16
|
|move|p1a: Mew|Swords Dance|p1a: Mew
|-boost|p1a: Mew|atk|2
|move|p2a: Sylveon|Hyper Voice|p1a: Mew
|-damage|p1a: Mew|195\/403
|
|-heal|p1a: Mew|220\/403|[from] item: Leftovers
|-heal|p2a: Sylveon|369\/394 brn|[from] item: Leftovers
|-damage|p2a: Sylveon|320\/394 brn|[from] brn
|turn|17
|
|switch|p2a: Landorus-Therian|Landorus-Therian, M|319\/319
|-damage|p2a: Landorus-Therian|280\/319|[from] Stealth Rock
|-ability|p2a: Landorus-Therian|Intimidate|[of] p1a: Mew
|-unboost|p1a: Mew|atk|1
|move|p1a: Mew|Drain Punch|p2a: Landorus-Therian
|-resisted|p2a: Landorus-Therian
|-damage|p2a: Landorus-Therian|207\/319
|-heal|p1a: Mew|257\/403|[from] drain|[of] p2a: Landorus-Therian
|
|-heal|p1a: Mew|282\/403|[from] item: Leftovers
|turn|18
|
|switch|p1a: Gliscor|Gliscor, M|354\/354
|move|p2a: Landorus-Therian|Knock Off|p1a: Gliscor
|-damage|p1a: Gliscor|266\/354
|-enditem|p1a: Gliscor|Toxic Orb|[from] move: Knock Off|[of] p2a: Landorus-Therian
|
|turn|19
|
|switch|p2a: Scizor|Scizor, M|227\/344
|-damage|p2a: Scizor|184\/344|[from] Stealth Rock
|move|p1a: Gliscor|Substitute|p1a: Gliscor
|-start|p1a: Gliscor|Substitute
|-damage|p1a: Gliscor|178\/354
|
|turn|20
|
|move|p2a: Scizor|Bullet Punch|p1a: Gliscor
|-end|p1a: Gliscor|Substitute
|move|p1a: Gliscor|Earthquake|p2a: Scizor
|-damage|p2a: Scizor|61\/344
|
|turn|21
|
|move|p2a: Scizor|Bullet Punch|p1a: Gliscor
|-damage|p1a: Gliscor|61\/354
|move|p1a: Gliscor|Earthquake|p2a: Scizor
|-damage|p2a: Scizor|0 fnt
|faint|p2a: Scizor
|
|
|switch|p2a: Landorus-Therian|Landorus-Therian, M|207\/319
|-damage|p2a: Landorus-Therian|168\/319|[from] Stealth Rock
|-ability|p2a: Landorus-Therian|Intimidate|[of] p1a: Gliscor
|-unboost|p1a: Gliscor|atk|1
|turn|22
|
|switch|p1a: Rotom-Wash|Rotom-Wash|154\/241
|move|p2a: Landorus-Therian|U-turn|p1a: Rotom-Wash
|-damage|p1a: Rotom-Wash|72\/241
|
|switch|p2a: Zapdos|Zapdos|384\/384
|-damage|p2a: Zapdos|288\/384|[from] Stealth Rock
|-ability|p2a: Zapdos|Pressure
|
|-heal|p2a: Zapdos|312\/384|[from] item: Leftovers
|turn|23
|
|switch|p1a: Blissey|Blissey, F|714\/714
|move|p2a: Zapdos|Defog|p1a: Blissey
|-unboost|p1a: Blissey|evasion|1
|-sideend|p2: PokeHD|Stealth Rock|[from] move: Defog|[of] p2a: Zapdos
|
|-heal|p2a: Zapdos|336\/384|[from] item: Leftovers
|turn|24
|
|move|p2a: Zapdos|Discharge|p1a: Blissey
|-damage|p1a: Blissey|633\/714
|move|p1a: Blissey|Toxic|p2a: Zapdos
|-status|p2a: Zapdos|tox
|
|-heal|p2a: Zapdos|360\/384 tox|[from] item: Leftovers
|-heal|p1a: Blissey|677\/714|[from] item: Leftovers
|-damage|p2a: Zapdos|336\/384 tox|[from] psn
|turn|25
|
|switch|p2a: Landorus-Therian|Landorus-Therian, M|168\/319
|-ability|p2a: Landorus-Therian|Intimidate|[of] p1a: Blissey
|-unboost|p1a: Blissey|atk|1
|move|p1a: Blissey|Stealth Rock|p2a: Landorus-Therian
|-sidestart|p2: PokeHD|move: Stealth Rock
|
|-heal|p1a: Blissey|714\/714|[from] item: Leftovers
|turn|26
|
|move|p2a: Landorus-Therian|Knock Off|p1a: Blissey
|-damage|p1a: Blissey|489\/714
|-enditem|p1a: Blissey|Leftovers|[from] move: Knock Off|[of] p2a: Landorus-Therian
|move|p1a: Blissey|Toxic|p2a: Landorus-Therian
|-status|p2a: Landorus-Therian|tox
|
|-damage|p2a: Landorus-Therian|149\/319 tox|[from] psn
|turn|27
|
|switch|p2a: Sylveon|Sylveon, F|320\/394 brn
|-damage|p2a: Sylveon|271\/394 brn|[from] Stealth Rock
|move|p1a: Blissey|Wish|p1a: Blissey
|
|-heal|p2a: Sylveon|295\/394 brn|[from] item: Leftovers
|-damage|p2a: Sylveon|246\/394 brn|[from] brn
|turn|28
|
|switch|p1a: Rotom-Wash|Rotom-Wash|72\/241
|move|p2a: Sylveon|Hyper Voice|p1a: Rotom-Wash
|-damage|p1a: Rotom-Wash|0 fnt
|faint|p1a: Rotom-Wash
|
|-heal|p2a: Sylveon|270\/394 brn|[from] item: Leftovers
|-damage|p2a: Sylveon|221\/394 brn|[from] brn
|
|switch|p1a: Diancie|Diancie|241\/241
|turn|29
|
|detailschange|p1a: Diancie|Diancie-Mega
|message|Diancie has Mega Evolved into Mega Diancie!
|move|p1a: Diancie|Diamond Storm|p2a: Sylveon
|-damage|p2a: Sylveon|0 fnt
|faint|p2a: Sylveon
|
|
|switch|p2a: Landorus-Therian|Landorus-Therian, M|149\/319 tox
|-damage|p2a: Landorus-Therian|110\/319 tox|[from] Stealth Rock
|-ability|p2a: Landorus-Therian|Intimidate|[of] p1a: Diancie
|-unboost|p1a: Diancie|atk|1
|turn|30
|
|switch|p1a: Gliscor|Gliscor, M|61\/354
|move|p2a: Landorus-Therian|Earthquake|p1a: Gliscor
|-immune|p1a: Gliscor|[msg]
|
|-damage|p2a: Landorus-Therian|91\/319 tox|[from] psn
|turn|31
|
|switch|p2a: Rotom-Wash|Rotom-Wash|304\/304
|-damage|p2a: Rotom-Wash|266\/304|[from] Stealth Rock
|move|p1a: Gliscor|Toxic|p2a: Rotom-Wash|[miss]
|-miss|p1a: Gliscor|p2a: Rotom-Wash
|
|-heal|p2a: Rotom-Wash|285\/304|[from] item: Leftovers
|turn|32
|
|switch|p1a: Blissey|Blissey, F|489\/714
|move|p2a: Rotom-Wash|Will-O-Wisp|p1a: Blissey
|-status|p1a: Blissey|brn
|
|-heal|p2a: Rotom-Wash|304\/304|[from] item: Leftovers
|-damage|p1a: Blissey|400\/714 brn|[from] brn
|turn|33
|
|move|p2a: Rotom-Wash|Volt Switch|p1a: Blissey
|-damage|p1a: Blissey|333\/714 brn
|
|switch|p2a: Gallade|Gallade, M|278\/278
|-damage|p2a: Gallade|261\/278|[from] Stealth Rock
|move|p1a: Blissey|Toxic|p2a: Gallade
|-status|p2a: Gallade|tox
|
|-damage|p2a: Gallade|244\/278 tox|[from] psn
|-damage|p1a: Blissey|244\/714 brn|[from] brn
|turn|34
|
|switch|p1a: Gliscor|Gliscor, M|61\/354
|detailschange|p2a: Gallade|Gallade-Mega, M
|message|Gallade has Mega Evolved into Mega Gallade!
|move|p2a: Gallade|Psycho Cut|p1a: Gliscor
|-damage|p1a: Gliscor|0 fnt
|faint|p1a: Gliscor
|
|-damage|p2a: Gallade|210\/278 tox|[from] psn
|
|switch|p1a: Diancie|Diancie-Mega|241\/241
|turn|35
|
|move|p2a: Gallade|Close Combat|p1a: Diancie
|-damage|p1a: Diancie|0 fnt
|-unboost|p2a: Gallade|def|1
|-unboost|p2a: Gallade|spd|1
|faint|p1a: Diancie
|
|-damage|p2a: Gallade|159\/278 tox|[from] psn
|
|switch|p1a: Mew|Mew|282\/403
|turn|36
|
|move|p2a: Gallade|Knock Off|p1a: Mew
|-crit|p1a: Mew
|-supereffective|p1a: Mew
|-damage|p1a: Mew|0 fnt
|-enditem|p1a: Mew|Leftovers|[from] move: Knock Off|[of] p2a: Gallade
|faint|p1a: Mew
|
|-damage|p2a: Gallade|91\/278 tox|[from] psn
|
|switch|p1a: Blissey|Blissey, F|244\/714
|turn|37
|
|move|p2a: Gallade|Close Combat|p1a: Blissey
|-supereffective|p1a: Blissey
|-damage|p1a: Blissey|0 fnt
|-unboost|p2a: Gallade|def|1
|-unboost|p2a: Gallade|spd|1
|faint|p1a: Blissey
|
|win|PokeHD
|raw|Ladder updating...
|raw|kratos's rating: 1330 &rarr; <strong>1312<\/strong><br \/>(-18 for losing)
|raw|PokeHD's rating: 1373 &rarr; <strong>1390<\/strong><br \/>(+17 for winning)
|leave|kratos
|player|p1