|join|PokeHD
|join|Jomei
|player|p1|PokeHD|101
|player|p2|Jomei|62
|gametype|singles
|gen|6
|tier|OU
|rated
|clearpoke
|poke|p1|Sableye, M
|poke|p1|Excadrill, F
|poke|p1|Manaphy
|poke|p1|Gliscor, M
|poke|p1|Talonflame, F
|poke|p1|Clefable, M
|poke|p2|Metagross
|poke|p2|Tornadus-Therian, M
|poke|p2|Keldeo
|poke|p2|Landorus-Therian, M
|poke|p2|Bisharp, F
|poke|p2|Garchomp, F
|rule|Swagger Clause: Swagger is banned
|rule|Baton Pass Clause: Limit one Pokémon knowing Baton Pass
|rule|Sleep Clause Mod: Limit one foe put to sleep
|rule|Species Clause: Limit one of each Pokémon
|rule|OHKO Clause: OHKO moves are banned
|rule|Moody Clause: Moody is banned
|rule|Evasion Moves Clause: Evasion moves are banned
|rule|Endless Battle Clause: Forcing endless battles is banned
|rule|HP Percentage Mod: HP is shown in percentages
|teampreview
|
|start
|switch|p1a: Sableye|Sableye, M|303\/303
|switch|p2a: Pluto|Tornadus-Therian, M|299\/299
|turn|1
|
|detailschange|p1a: Sableye|Sableye-Mega, M
|-mega|p1a: Sableye|Sableye|Sablenite
|move|p2a: Pluto|Hurricane|p1a: Sableye
|-damage|p1a: Sableye|159\/303
|-damage|p2a: Pluto|270\/299|[from] item: Life Orb
|move|p1a: Sableye|Knock Off|p2a: Pluto
|-damage|p2a: Pluto|129\/299
|-enditem|p2a: Pluto|Life Orb|[from] move: Knock Off|[of] p1a: Sableye
|
|turn|2
|
|move|p2a: Pluto|U-turn|p1a: Sableye
|-damage|p1a: Sableye|115\/303
|
|switch|p2a: Ofuro|Keldeo|323\/323
|move|p1a: Sableye|Recover|p1a: Sableye
|-heal|p1a: Sableye|267\/303
|
|turn|3
|
|switch|p1a: Manaphy|Manaphy|403\/403
|move|p2a: Ofuro|Calm Mind|p2a: Ofuro
|-boost|p2a: Ofuro|spa|1
|-boost|p2a: Ofuro|spd|1
|
|turn|4
|
|move|p2a: Ofuro|Secret Sword|p1a: Manaphy
|-damage|p1a: Manaphy|180\/403
|move|p1a: Manaphy|U-turn|p2a: Ofuro
|-resisted|p2a: Ofuro
|-damage|p2a: Ofuro|292\/323
|
|switch|p1a: Talonflame|Talonflame, F|345\/345
|
|turn|5
|
|switch|p2a: Arararara|Landorus-Therian, M|382\/382
|-ability|p2a: Arararara|Intimidate|[of] p1a: Talonflame
|-unboost|p1a: Talonflame|atk|1
|move|p1a: Talonflame|Will-O-Wisp|p2a: Arararara|[miss]
|-miss|p1a: Talonflame|p2a: Arararara
|
|turn|6
|
|switch|p1a: Gliscor|Gliscor, M|353\/353
|move|p2a: Arararara|Stone Edge|p1a: Gliscor
|-damage|p1a: Gliscor|270\/353
|
|-status|p1a: Gliscor|tox|[from] item: Toxic Orb
|turn|7
|
|switch|p1a: Sableye|Sableye-Mega, M|267\/303
|move|p2a: Arararara|Stealth Rock|p1a: Sableye
|move|p1a: Sableye|Stealth Rock|p2a: Arararara|[from]Magic Bounce
|-sidestart|p2: Jomei|move: Stealth Rock
|
|turn|8
|
|move|p2a: Arararara|Earthquake|p1a: Sableye
|-damage|p1a: Sableye|98\/303
|move|p1a: Sableye|Will-O-Wisp|p2a: Arararara
|-status|p2a: Arararara|brn
|
|-damage|p2a: Arararara|335\/382 brn|[from] brn
|turn|9
|
|switch|p1a: Gliscor|Gliscor, M|270\/353 tox
|move|p2a: Arararara|Earthquake|p1a: Gliscor
|-immune|p1a: Gliscor|[msg]
|
|-heal|p2a: Arararara|358\/382 brn|[from] item: Leftovers
|-heal|p1a: Gliscor|314\/353 tox|[from] ability: Poison Heal
|-damage|p2a: Arararara|311\/382 brn|[from] brn
|turn|10
|
|move|p1a: Gliscor|Taunt|p2a: Arararara
|-start|p2a: Arararara|move: Taunt
|cant|p2a: Arararara|move: Taunt|Stealth Rock
|
|-heal|p2a: Arararara|334\/382 brn|[from] item: Leftovers
|-heal|p1a: Gliscor|353\/353 tox|[from] ability: Poison Heal
|-damage|p2a: Arararara|287\/382 brn|[from] brn
|turn|11
|
|switch|p2a: Ofuro|Keldeo|292\/323
|-damage|p2a: Ofuro|272\/323|[from] Stealth Rock
|move|p1a: Gliscor|Earthquake|p2a: Ofuro
|-damage|p2a: Ofuro|146\/323
|
|turn|12
|
|switch|p1a: Clefable|Clefable, M|393\/393
|move|p2a: Ofuro|Hydro Pump|p1a: Clefable
|-damage|p1a: Clefable|116\/393
|
|-heal|p1a: Clefable|140\/393|[from] item: Leftovers
|turn|13
|
|move|p2a: Ofuro|Hydro Pump|p1a: Clefable
|-damage|p1a: Clefable|0 fnt
|faint|p1a: Clefable
|
|
|switch|p1a: Talonflame|Talonflame, F|345\/345
|turn|14
|
|switch|p2a: Arararara|Landorus-Therian, M|287\/382 brn
|-damage|p2a: Arararara|240\/382 brn|[from] Stealth Rock
|-ability|p2a: Arararara|Intimidate|[of] p1a: Talonflame
|-unboost|p1a: Talonflame|atk|1
|move|p1a: Talonflame|Brave Bird|p2a: Arararara
|-damage|p2a: Arararara|125\/382 brn
|-damage|p1a: Talonflame|307\/345|[from] recoil|[of] p2a: Arararara
|
|-heal|p1a: Talonflame|328\/345|[from] item: Leftovers
|-heal|p2a: Arararara|148\/382 brn|[from] item: Leftovers
|-damage|p2a: Arararara|101\/382 brn|[from] brn
|turn|15
|
|switch|p1a: Gliscor|Gliscor, M|353\/353 tox
|move|p2a: Arararara|Stealth Rock|p1a: Gliscor
|-sidestart|p1: PokeHD|move: Stealth Rock
|
|-heal|p2a: Arararara|124\/382 brn|[from] item: Leftovers
|-damage|p2a: Arararara|77\/382 brn|[from] brn
|turn|16
|
|switch|p2a: Pluto|Tornadus-Therian, M|228\/299
|-damage|p2a: Pluto|154\/299|[from] Stealth Rock
|move|p1a: Gliscor|Earthquake|p2a: Pluto
|-immune|p2a: Pluto|[msg]
|
|turn|17
|
|switch|p1a: Excadrill|Excadrill, F|424\/424
|-damage|p1a: Excadrill|411\/424|[from] Stealth Rock
|-ability|p1a: Excadrill|Mold Breaker
|move|p2a: Pluto|Hurricane|p1a: Excadrill|[miss]
|-miss|p2a: Pluto|p1a: Excadrill
|
|-heal|p1a: Excadrill|424\/424|[from] item: Leftovers
|turn|18
|
|move|p2a: Pluto|Heat Wave|p1a: Excadrill
|-supereffective|p1a: Excadrill
|-damage|p1a: Excadrill|244\/424
|move|p1a: Excadrill|Rapid Spin|p2a: Pluto
|-damage|p2a: Pluto|126\/299
|-sideend|p1: PokeHD|Stealth Rock|[from] move: Rapid Spin|[of] p1a: Excadrill
|
|-heal|p1a: Excadrill|270\/424|[from] item: Leftovers
|turn|19
|
|move|p2a: Pluto|U-turn|p1a: Excadrill
|-resisted|p1a: Excadrill
|-damage|p1a: Excadrill|228\/424
|
|switch|p2a: Arararara|Landorus-Therian, M|77\/382 brn
|-damage|p2a: Arararara|30\/382 brn|[from] Stealth Rock
|-ability|p2a: Arararara|Intimidate|[of] p1a: Excadrill
|-unboost|p1a: Excadrill|atk|1
|move|p1a: Excadrill|Toxic|p2a: Arararara
|-fail|p2a: Arararara
|
|-heal|p2a: Arararara|53\/382 brn|[from] item: Leftovers
|-heal|p1a: Excadrill|254\/424|[from] item: Leftovers
|-damage|p2a: Arararara|6\/382 brn|[from] brn
|turn|20
|
|move|p2a: Arararara|Knock Off|p1a: Excadrill
|-damage|p1a: Excadrill|148\/424
|-enditem|p1a: Excadrill|Leftovers|[from] move: Knock Off|[of] p2a: Arararara
|move|p1a: Excadrill|Rapid Spin|p2a: Arararara
|-damage|p2a: Arararara|0 fnt
|faint|p2a: Arararara
|
|
|switch|p2a: Ofuro|Keldeo|146\/323
|-damage|p2a: Ofuro|126\/323|[from] Stealth Rock
|turn|21
|
|move|p2a: Ofuro|Hydro Pump|p1a: Excadrill
|-supereffective|p1a: Excadrill
|-damage|p1a: Excadrill|0 fnt
|faint|p1a: Excadrill
|
|
|switch|p1a: Talonflame|Talonflame, F|328\/345
|turn|22
|
|switch|p2a: Fuwafuwa|Bisharp, F|271\/271
|-damage|p2a: Fuwafuwa|255\/271|[from] Stealth Rock
|move|p1a: Talonflame|Brave Bird|p2a: Fuwafuwa
|-crit|p2a: Fuwafuwa
|-resisted|p2a: Fuwafuwa
|-damage|p2a: Fuwafuwa|136\/271
|-damage|p1a: Talonflame|289\/345|[from] recoil|[of] p2a: Fuwafuwa
|
|-heal|p1a: Talonflame|310\/345|[from] item: Leftovers
|turn|23
|
|move|p1a: Talonflame|Will-O-Wisp|p2a: Fuwafuwa
|-status|p2a: Fuwafuwa|brn
|move|p2a: Fuwafuwa|Knock Off|p1a: Talonflame
|-damage|p1a: Talonflame|158\/345
|-enditem|p1a: Talonflame|Leftovers|[from] move: Knock Off|[of] p2a: Fuwafuwa
|-damage|p2a: Fuwafuwa|109\/271 brn|[from] item: Life Orb
|
|-damage|p2a: Fuwafuwa|76\/271 brn|[from] brn
|turn|24
|
|move|p1a: Talonflame|Roost|p1a: Talonflame
|-heal|p1a: Talonflame|331\/345
|move|p2a: Fuwafuwa|Knock Off|p1a: Talonflame
|-crit|p1a: Talonflame
|-damage|p1a: Talonflame|183\/345
|-damage|p2a: Fuwafuwa|49\/271 brn|[from] item: Life Orb
|
|-damage|p2a: Fuwafuwa|16\/271 brn|[from] brn
|turn|25
|
|move|p1a: Talonflame|Roost|p1a: Talonflame
|-heal|p1a: Talonflame|345\/345
|move|p2a: Fuwafuwa|Knock Off|p1a: Talonflame
|-damage|p1a: Talonflame|251\/345
|-damage|p2a: Fuwafuwa|0 fnt|[from] item: Life Orb
|faint|p2a: Fuwafuwa
|
|
|switch|p2a: Knifehead|Garchomp, F|357\/357
|-damage|p2a: Knifehead|335\/357|[from] Stealth Rock
|turn|26
|
|switch|p1a: Gliscor|Gliscor, M|353\/353 tox
|move|p2a: Knifehead|Outrage|p1a: Gliscor
|-damage|p1a: Gliscor|215\/353 tox
|
|-heal|p1a: Gliscor|259\/353 tox|[from] ability: Poison Heal
|turn|27
|
|move|p2a: Knifehead|Outrage|p1a: Gliscor
|-damage|p1a: Gliscor|123\/353 tox
|move|p1a: Gliscor|Earthquake|p2a: Knifehead
|-damage|p2a: Knifehead|212\/357
|
|-end|p2a: Knifehead|rampage
|-start|p2a: Knifehead|confusion
|-heal|p1a: Gliscor|167\/353 tox|[from] ability: Poison Heal
|turn|28
|
|switch|p2a: Pluto|Tornadus-Therian, M|225\/299
|-damage|p2a: Pluto|151\/299|[from] Stealth Rock
|move|p1a: Gliscor|U-turn|p2a: Pluto
|-resisted|p2a: Pluto
|-damage|p2a: Pluto|119\/299
|
|switch|p1a: Talonflame|Talonflame, F|251\/345
|
|turn|29
|
|move|p1a: Talonflame|Brave Bird|p2a: Pluto
|-damage|p2a: Pluto|0 fnt
|-damage|p1a: Talonflame|212\/345|[from] recoil|[of] p2a: Pluto
|faint|p2a: Pluto
|
|
|switch|p2a: Knifehead|Garchomp, F|212\/357
|-damage|p2a: Knifehead|190\/357|[from] Stealth Rock
|turn|30
|
|switch|p1a: Sableye|Sableye-Mega, M|98\/303
|move|p2a: Knifehead|Outrage|p1a: Sableye
|-damage|p1a: Sableye|0 fnt
|faint|p1a: Sableye
|
|
|switch|p1a: Gliscor|Gliscor, M|167\/353 tox
|turn|31
|
|move|p2a: Knifehead|Outrage|p1a: Gliscor
|-damage|p1a: Gliscor|40\/353 tox
|move|p1a: Gliscor|Earthquake|p2a: Knifehead
|-damage|p2a: Knifehead|72\/357
|
|-end|p2a: Knifehead|rampage
|-start|p2a: Knifehead|confusion
|-heal|p1a: Gliscor|84\/353 tox|[from] ability: Poison Heal
|turn|32
|
|-activate|p2a: Knifehead|confusion
|-damage|p2a: Knifehead|20\/357|[from] confusion
|move|p1a: Gliscor|U-turn|p2a: Knifehead
|-damage|p2a: Knifehead|0 fnt
|-damage|p1a: Gliscor|40\/353 tox|[from] ability: Rough Skin|[of] p2a: Knifehead
|faint|p2a: Knifehead
|
|switch|p1a: Talonflame|Talonflame, F|212\/345
|
|
|switch|p2a: Akagi|Metagross|301\/301
|-damage|p2a: Akagi|283\/301|[from] Stealth Rock
|turn|33
|
|detailschange|p2a: Akagi|Metagross-Mega
|-mega|p2a: Akagi|Metagross|Metagrossite
|move|p1a: Talonflame|Will-O-Wisp|p2a: Akagi
|-status|p2a: Akagi|brn
|move|p2a: Akagi|Zen Headbutt|p1a: Talonflame
|-damage|p1a: Talonflame|71\/345
|
|-damage|p2a: Akagi|246\/301 brn|[from] brn
|turn|34
|
|move|p1a: Talonflame|Roost|p1a: Talonflame
|-heal|p1a: Talonflame|244\/345
|move|p2a: Akagi|Earthquake|p1a: Talonflame
|-supereffective|p1a: Talonflame
|-damage|p1a: Talonflame|58\/345
|
|-damage|p2a: Akagi|209\/301 brn|[from] brn
|turn|35
|
|switch|p1a: Gliscor|Gliscor, M|40\/353 tox
|move|p2a: Akagi|Zen Headbutt|p1a: Gliscor
|-damage|p1a: Gliscor|0 fnt
|faint|p1a: Gliscor
|
|-damage|p2a: Akagi|172\/301 brn|[from] brn
|
|switch|p1a: Manaphy|Manaphy|180\/403
|turn|36
|
|switch|p2a: Ofuro|Keldeo|126\/323
|-damage|p2a: Ofuro|106\/323|[from] Stealth Rock
|move|p1a: Manaphy|Scald|p2a: Ofuro
|-crit|p2a: Ofuro
|-resisted|p2a: Ofuro
|-damage|p2a: Ofuro|28\/323
|
|-heal|p1a: Manaphy|205\/403|[from] item: Leftovers
|turn|37
|
|move|p2a: Ofuro|Secret Sword|p1a: Manaphy
|-damage|p1a: Manaphy|40\/403
|move|p1a: Manaphy|Scald|p2a: Ofuro
|-resisted|p2a: Ofuro
|-damage|p2a: Ofuro|0 fnt
|faint|p2a: Ofuro
|
|-heal|p1a: Manaphy|65\/403|[from] item: Leftovers
|
|switch|p2a: Akagi|Metagross-Mega|172\/301 brn
|-damage|p2a: Akagi|154\/301 brn|[from] Stealth Rock
|turn|38
|
|move|p2a: Akagi|Zen Headbutt|p1a: Manaphy
|-damage|p1a: Manaphy|0 fnt
|faint|p1a: Manaphy
|
|-damage|p2a: Akagi|117\/301 brn|[from] brn
|
|switch|p1a: Talonflame|Talonflame, F|58\/345
|turn|39
|
|move|p1a: Talonflame|Roost|p1a: Talonflame
|-heal|p1a: Talonflame|231\/345
|move|p2a: Akagi|Zen Headbutt|p1a: Talonflame
|-damage|p1a: Talonflame|104\/345
|
|-damage|p2a: Akagi|80\/301 brn|[from] brn
|turn|40
|
|move|p1a: Talonflame|Roost|p1a: Talonflame
|-heal|p1a: Talonflame|277\/345
|move|p2a: Akagi|Earthquake|p1a: Talonflame
|-supereffective|p1a: Talonflame
|-damage|p1a: Talonflame|113\/345
|
|-damage|p2a: Akagi|43\/301 brn|[from] brn
|turn|41
|
|move|p1a: Talonflame|Brave Bird|p2a: Akagi
|-resisted|p2a: Akagi
|-damage|p2a: Akagi|0 fnt
|-damage|p1a: Talonflame|99\/345|[from] recoil|[of] p2a: Akagi
|faint|p2a: Akagi
|
|win|PokeHD
|raw|Ladder updating...
|raw|PokeHD's rating: 1546 &rarr; <strong>1567<\/strong><br \/>(+21 for winning)
|raw|Jomei's rating: 1572 &rarr; <strong>1551<\/strong><br \/>(-21 for losing)
|leave|Jomei