|join|I ABR I
|join|Turducken64
|player|p1|I ABR I|291
|player|p2|Turducken64|10
|gametype|singles
|gen|6
|tier|OU
|rated
|clearpoke
|poke|p1|Politoed, M
|poke|p1|Kingdra, M
|poke|p1|Seismitoad, M
|poke|p1|Terrakion
|poke|p1|Gardevoir, F
|poke|p1|Jirachi
|poke|p2|Zapdos
|poke|p2|Heatran, F
|poke|p2|Alomomola, M
|poke|p2|Amoonguss, M
|poke|p2|Bronzong
|poke|p2|Altaria, F
|rule|Swagger Clause: Swagger is banned
|rule|Baton Pass Clause: Limit one Pokémon knowing Baton Pass
|rule|Sleep Clause Mod: Limit one foe put to sleep
|rule|Species Clause: Limit one of each Pokémon
|rule|OHKO Clause: OHKO moves are banned
|rule|Moody Clause: Moody is banned
|rule|Evasion Moves Clause: Evasion moves are banned
|rule|Endless Battle Clause: Forcing endless battles is banned
|rule|HP Percentage Mod: HP is shown in percentages
|teampreview
|join|Squirrelll
|
|start
|switch|p1a: Terrakion|Terrakion|323\/323
|switch|p2a: Altaria|Altaria, F|353\/353
|-ability|p2a: Altaria|Cloud Nine
|turn|1
|c|★I ABR I|is this actually a team
|
|detailschange|p2a: Altaria|Altaria-Mega, F
|message|Altaria has Mega Evolved into Mega Altaria!
|move|p1a: Terrakion|Stealth Rock|p2a: Altaria
|-sidestart|p2: Turducken64|move: Stealth Rock
|move|p2a: Altaria|Return|p1a: Terrakion
|-supereffective|p1a: Terrakion
|-enditem|p1a: Terrakion|Focus Sash
|-damage|p1a: Terrakion|1\/323
|
|turn|2
|c|★Turducken64|?
|
|switch|p1a: Politoed|Politoed, M|383\/383
|-weather|RainDance
|move|p2a: Altaria|Return|p1a: Politoed
|-damage|p1a: Politoed|185\/383
|
|-weather|RainDance|[upkeep]
|turn|3
|
|switch|p1a: Jirachi|Jirachi|341\/341
|move|p2a: Altaria|Return|p1a: Jirachi
|-resisted|p1a: Jirachi
|-damage|p1a: Jirachi|263\/341
|
|-weather|RainDance|[upkeep]
|turn|4
|
|switch|p2a: Zapdos|Zapdos|383\/383
|-damage|p2a: Zapdos|288\/383|[from] Stealth Rock
|-ability|p2a: Zapdos|Pressure
|move|p1a: Jirachi|U-turn|p2a: Zapdos
|-resisted|p2a: Zapdos
|-damage|p2a: Zapdos|259\/383
|
|switch|p1a: Kingdra|Kingdra, M|301\/301
|
|-weather|RainDance|[upkeep]
|-heal|p2a: Zapdos|282\/383|[from] item: Leftovers
|turn|5
|
|switch|p2a: Altaria|Altaria-Mega, F|353\/353
|-damage|p2a: Altaria|309\/353|[from] Stealth Rock
|move|p1a: Kingdra|Surf|p2a: Altaria
|-resisted|p2a: Altaria
|-damage|p2a: Altaria|174\/353
|
|-weather|RainDance|[upkeep]
|turn|6
|
|switch|p1a: Jirachi|Jirachi|263\/341
|move|p2a: Altaria|Roost|p2a: Altaria
|-heal|p2a: Altaria|351\/353
|
|-weather|RainDance|[upkeep]
|turn|7
|
|move|p1a: Jirachi|Iron Head|p2a: Altaria
|-supereffective|p2a: Altaria
|-damage|p2a: Altaria|187\/353
|move|p2a: Altaria|Earthquake|p1a: Jirachi
|-supereffective|p1a: Jirachi
|-damage|p1a: Jirachi|79\/341
|
|-weather|RainDance|[upkeep]
|turn|8
|
|switch|p2a: Bronzong|Bronzong|337\/337
|-damage|p2a: Bronzong|316\/337|[from] Stealth Rock
|move|p1a: Jirachi|Iron Head|p2a: Bronzong
|-resisted|p2a: Bronzong
|-damage|p2a: Bronzong|267\/337
|
|-weather|RainDance|[upkeep]
|-heal|p2a: Bronzong|288\/337|[from] item: Leftovers
|turn|9
|
|switch|p1a: Kingdra|Kingdra, M|301\/301
|move|p2a: Bronzong|Toxic|p1a: Kingdra
|-status|p1a: Kingdra|tox
|
|-weather|none
|-heal|p2a: Bronzong|309\/337|[from] item: Leftovers
|-damage|p1a: Kingdra|283\/301 tox|[from] psn
|turn|10
|
|switch|p1a: Politoed|Politoed, M|185\/383
|-weather|RainDance
|switch|p2a: Alomomola|Alomomola, M|533\/533
|-damage|p2a: Alomomola|467\/533|[from] Stealth Rock
|
|-weather|RainDance|[upkeep]
|-heal|p2a: Alomomola|500\/533|[from] item: Leftovers
|turn|11
|
|move|p1a: Politoed|Toxic|p2a: Alomomola
|-status|p2a: Alomomola|tox
|move|p2a: Alomomola|Wish|p2a: Alomomola
|
|-weather|RainDance|[upkeep]
|-heal|p2a: Alomomola|533\/533 tox|[from] item: Leftovers
|-damage|p2a: Alomomola|500\/533 tox|[from] psn
|turn|12
|
|switch|p1a: Kingdra|Kingdra, M|283\/301 tox
|switch|p2a: Altaria|Altaria-Mega, F|187\/353
|-damage|p2a: Altaria|143\/353|[from] Stealth Rock
|
|-weather|RainDance|[upkeep]
|-heal|p2a: Altaria|353\/353|[from] move: Wish|[wisher] Alomomola
|-damage|p1a: Kingdra|265\/301 tox|[from] psn
|turn|13
|
|switch|p1a: Terrakion|Terrakion|1\/323
|move|p2a: Altaria|Earthquake|p1a: Terrakion
|-supereffective|p1a: Terrakion
|-damage|p1a: Terrakion|0 fnt
|faint|p1a: Terrakion
|
|-weather|RainDance|[upkeep]
|
|switch|p1a: Gardevoir|Gardevoir, F|277\/277
|-ability|p1a: Gardevoir|Pixilate|[from] ability: Trace|[of] p2a: Altaria
|turn|14
|
|switch|p2a: Bronzong|Bronzong|309\/337
|-damage|p2a: Bronzong|288\/337|[from] Stealth Rock
|detailschange|p1a: Gardevoir|Gardevoir-Mega, F
|message|Gardevoir has Mega Evolved into Mega Gardevoir!
|move|p1a: Gardevoir|Hyper Voice|p2a: Bronzong
|-resisted|p2a: Bronzong
|-damage|p2a: Bronzong|205\/337
|
|-weather|RainDance|[upkeep]
|-heal|p2a: Bronzong|226\/337|[from] item: Leftovers
|turn|15
|
|move|p1a: Gardevoir|Will-O-Wisp|p2a: Bronzong
|-status|p2a: Bronzong|brn
|move|p2a: Bronzong|Toxic|p1a: Gardevoir
|-status|p1a: Gardevoir|tox
|
|-weather|RainDance|[upkeep]
|-heal|p2a: Bronzong|247\/337 brn|[from] item: Leftovers
|-damage|p1a: Gardevoir|260\/277 tox|[from] psn
|-damage|p2a: Bronzong|205\/337 brn|[from] brn
|turn|16
|
|switch|p1a: Seismitoad|Seismitoad, M|351\/351
|switch|p2a: Heatran|Heatran, F|385\/385
|-damage|p2a: Heatran|337\/385|[from] Stealth Rock
|
|-weather|RainDance|[upkeep]
|-heal|p2a: Heatran|361\/385|[from] item: Leftovers
|turn|17
|
|switch|p2a: Amoonguss|Amoonguss, M|431\/431
|-damage|p2a: Amoonguss|378\/431|[from] Stealth Rock
|move|p1a: Seismitoad|Surf|p2a: Amoonguss
|-crit|p2a: Amoonguss
|-resisted|p2a: Amoonguss
|-damage|p2a: Amoonguss|173\/431
|-damage|p1a: Seismitoad|316\/351|[from] item: Life Orb
|
|-weather|none
|-heal|p2a: Amoonguss|199\/431|[from] item: Black Sludge
|turn|18
|
|switch|p2a: Alomomola|Alomomola, M|533\/533 tox
|-damage|p2a: Alomomola|467\/533 tox|[from] Stealth Rock
|move|p1a: Seismitoad|Earth Power|p2a: Alomomola
|-damage|p2a: Alomomola|259\/533 tox
|-damage|p1a: Seismitoad|281\/351|[from] item: Life Orb
|
|-heal|p2a: Alomomola|292\/533 tox|[from] item: Leftovers
|-damage|p2a: Alomomola|259\/533 tox|[from] psn
|turn|19
|
|switch|p1a: Politoed|Politoed, M|185\/383
|-weather|RainDance
|switch|p2a: Amoonguss|Amoonguss, M|342\/431
|-damage|p2a: Amoonguss|289\/431|[from] Stealth Rock
|
|-weather|RainDance|[upkeep]
|-heal|p2a: Amoonguss|315\/431|[from] item: Black Sludge
|turn|20
|
|switch|p1a: Jirachi|Jirachi|79\/341
|move|p2a: Amoonguss|Spore|p1a: Jirachi
|-status|p1a: Jirachi|slp
|
|-weather|RainDance|[upkeep]
|-heal|p2a: Amoonguss|341\/431|[from] item: Black Sludge
|turn|21
|
|cant|p1a: Jirachi|slp
|move|p2a: Amoonguss|Giga Drain|p1a: Jirachi
|-resisted|p1a: Jirachi
|-damage|p1a: Jirachi|34\/341 slp
|-heal|p2a: Amoonguss|364\/431|[from] drain|[of] p1a: Jirachi
|
|-weather|RainDance|[upkeep]
|-heal|p2a: Amoonguss|390\/431|[from] item: Black Sludge
|turn|22
|
|switch|p1a: Kingdra|Kingdra, M|265\/301 tox
|move|p2a: Amoonguss|Giga Drain|p1a: Kingdra
|-damage|p1a: Kingdra|190\/301 tox
|-heal|p2a: Amoonguss|428\/431|[from] drain|[of] p1a: Kingdra
|
|-weather|RainDance|[upkeep]
|-heal|p2a: Amoonguss|431\/431|[from] item: Black Sludge
|-damage|p1a: Kingdra|172\/301 tox|[from] psn
|turn|23
|
|switch|p2a: Altaria|Altaria-Mega, F|353\/353
|-damage|p2a: Altaria|309\/353|[from] Stealth Rock
|move|p1a: Kingdra|Dragon Pulse|p2a: Altaria
|-immune|p2a: Altaria|[msg]
|
|-weather|RainDance|[upkeep]
|-damage|p1a: Kingdra|136\/301 tox|[from] psn
|turn|24
|
|switch|p1a: Jirachi|Jirachi|34\/341 slp
|move|p2a: Altaria|Return|p1a: Jirachi
|-resisted|p1a: Jirachi
|-damage|p1a: Jirachi|0 fnt
|faint|p1a: Jirachi
|
|-weather|RainDance|[upkeep]
|
|switch|p1a: Gardevoir|Gardevoir-Mega, F|260\/277 tox
|turn|25
|
|switch|p2a: Heatran|Heatran, F|361\/385
|-damage|p2a: Heatran|313\/385|[from] Stealth Rock
|move|p1a: Gardevoir|Hyper Voice|p2a: Heatran
|-resisted|p2a: Heatran
|-damage|p2a: Heatran|264\/385
|
|-weather|RainDance|[upkeep]
|-heal|p2a: Heatran|288\/385|[from] item: Leftovers
|-damage|p1a: Gardevoir|243\/277 tox|[from] psn
|turn|26
|
|move|p1a: Gardevoir|Psyshock|p2a: Heatran
|-resisted|p2a: Heatran
|-damage|p2a: Heatran|213\/385
|move|p2a: Heatran|Lava Plume|p1a: Gardevoir
|-damage|p1a: Gardevoir|195\/277 tox
|
|-weather|none
|-heal|p2a: Heatran|237\/385|[from] item: Leftovers
|-damage|p1a: Gardevoir|161\/277 tox|[from] psn
|turn|27
|
|switch|p1a: Politoed|Politoed, M|185\/383
|-weather|RainDance
|move|p2a: Heatran|Lava Plume|p1a: Politoed
|-resisted|p1a: Politoed
|-damage|p1a: Politoed|161\/383
|
|-weather|RainDance|[upkeep]
|-heal|p2a: Heatran|261\/385|[from] item: Leftovers
|turn|28
|join|scotti
|c|★Turducken64|scotti...
|c|★I ABR I|rain is so awful v stall
|c|★Turducken64|!!
|c|★I ABR I|fuck garde
|
|switch|p2a: Altaria|Altaria-Mega, F|309\/353
|-damage|p2a: Altaria|265\/353|[from] Stealth Rock
|move|p1a: Politoed|Scald|p2a: Altaria
|-resisted|p2a: Altaria
|-damage|p2a: Altaria|200\/353
|-status|p2a: Altaria|brn
|
|-weather|RainDance|[upkeep]
|-damage|p2a: Altaria|156\/353 brn|[from] brn
|turn|29
|
|switch|p1a: Gardevoir|Gardevoir-Mega, F|161\/277 tox
|move|p2a: Altaria|Heal Bell|p2a: Altaria
|-cureteam|p2a: Altaria|[from] move: HealBell
|
|-weather|RainDance|[upkeep]
|-damage|p1a: Gardevoir|144\/277 tox|[from] psn
|turn|30
|
|switch|p1a: Seismitoad|Seismitoad, M|281\/351
|switch|p2a: Heatran|Heatran, F|261\/385
|-damage|p2a: Heatran|213\/385|[from] Stealth Rock
|
|-weather|RainDance|[upkeep]
|-heal|p2a: Heatran|237\/385|[from] item: Leftovers
|turn|31
|c| Squirrelll|yeah this is just a 6-0 match up damn near
|
|switch|p2a: Zapdos|Zapdos|282\/383
|-damage|p2a: Zapdos|187\/383|[from] Stealth Rock
|-ability|p2a: Zapdos|Pressure
|move|p1a: Seismitoad|Earth Power|p2a: Zapdos
|-immune|p2a: Zapdos|[msg]
|
|-weather|RainDance|[upkeep]
|-heal|p2a: Zapdos|210\/383|[from] item: Leftovers
|turn|32
|c| scotti|wait
|c| scotti|mah bro
|c| scotti|turducken
|
|switch|p2a: Alomomola|Alomomola, M|436\/533
|-damage|p2a: Alomomola|370\/533|[from] Stealth Rock
|move|p1a: Seismitoad|Surf|p2a: Alomomola
|-resisted|p2a: Alomomola
|-damage|p2a: Alomomola|217\/533
|-damage|p1a: Seismitoad|246\/351|[from] item: Life Orb
|
|-weather|RainDance|[upkeep]
|-heal|p2a: Alomomola|250\/533|[from] item: Leftovers
|turn|33
|
|move|p1a: Seismitoad|Knock Off|p2a: Alomomola
|-damage|p2a: Alomomola|149\/533
|-enditem|p2a: Alomomola|Leftovers|[from] move: Knock Off|[of] p1a: Seismitoad
|-damage|p1a: Seismitoad|211\/351|[from] item: Life Orb
|move|p2a: Alomomola|Toxic|p1a: Seismitoad
|-status|p1a: Seismitoad|tox
|
|-weather|RainDance|[upkeep]
|-damage|p1a: Seismitoad|190\/351 tox|[from] psn
|turn|34
|c| scotti|i clicked on the match and went afk lel
|join|IAmGingy
|c|★I ABR I|ye i cant do this
|c|★I ABR I|im dropping garde
|c|★Turducken64|who am i playing?
|c|★I ABR I|lemme find something else
|c|★Turducken64|mega hera
|-message|I ABR I forfeited.
|leave|I ABR I
|
|win|Turducken64
|raw|Ladder updating...
|c| IAmGingy|some
|player|p1
|c| scotti|your playing this man
|c| IAmGingy|random]
|c|★Turducken64|lol
|c| scotti|lel
|raw|I ABR I's rating: 1446 &rarr; <strong>1427<\/strong><br \/>(-19 for losing)
|raw|Turducken64's rating: 1479 &rarr; <strong>1497<\/strong><br \/>(+18 for winning)
|c| IAmGingy|also i think
|c| IAmGingy|ur stall
|c| IAmGingy|looks pretty fine
|leave|Squirrelll
|c|★Turducken64|i may rmt after exam
|c|★Turducken64|s
|leave|IAmGingy
|leave|Turducken64
|player|p2
|join|kullhadd hekk