|join|I ABR I
|join|wishful thinking 1
|player|p1|I ABR I|291
|player|p2|wishful thinking 1|1
|gametype|singles
|gen|6
|tier|OU
|rated
|clearpoke
|poke|p1|Politoed, M
|poke|p1|Metagross
|poke|p1|Kabutops, M
|poke|p1|Kingdra, M
|poke|p1|Latias, F
|poke|p1|Garchomp, M
|poke|p2|Gardevoir, F
|poke|p2|Diggersby, F
|poke|p2|Rotom-Wash
|poke|p2|Empoleon, F
|poke|p2|Landorus-Therian, M
|poke|p2|Talonflame, M
|rule|Swagger Clause: Swagger is banned
|rule|Baton Pass Clause: Limit one Pokémon knowing Baton Pass
|rule|Sleep Clause Mod: Limit one foe put to sleep
|rule|Species Clause: Limit one of each Pokémon
|rule|OHKO Clause: OHKO moves are banned
|rule|Moody Clause: Moody is banned
|rule|Evasion Moves Clause: Evasion moves are banned
|rule|Endless Battle Clause: Forcing endless battles is banned
|rule|HP Percentage Mod: HP is shown in percentages
|teampreview
|
|start
|switch|p1a: Garchomp|Garchomp, M|357\/357
|switch|p2a: Gardevoir|Gardevoir, F|277\/277
|-ability|p2a: Gardevoir|Rough Skin|[from] ability: Trace|[of] p1a: Garchomp
|turn|1
|
|detailschange|p2a: Gardevoir|Gardevoir-Mega, F
|-mega|p2a: Gardevoir|Gardevoir|Gardevoirite
|move|p1a: Garchomp|Stealth Rock|p2a: Gardevoir
|-sidestart|p2: wishful thinking 1|move: Stealth Rock
|move|p2a: Gardevoir|Hyper Voice|p1a: Garchomp
|-supereffective|p1a: Garchomp
|-damage|p1a: Garchomp|0 fnt
|faint|p1a: Garchomp
|
|
|switch|p1a: Metagross|Metagross|301\/301
|turn|2
|
|switch|p2a: Rotom-Wash|Rotom-Wash|304\/304
|-damage|p2a: Rotom-Wash|266\/304|[from] Stealth Rock
|detailschange|p1a: Metagross|Metagross-Mega
|-mega|p1a: Metagross|Metagross|Metagrossite
|move|p1a: Metagross|Thunder Punch|p2a: Rotom-Wash
|-damage|p2a: Rotom-Wash|171\/304
|
|-heal|p2a: Rotom-Wash|190\/304|[from] item: Leftovers
|turn|3
|
|move|p1a: Metagross|Zen Headbutt|p2a: Rotom-Wash
|-damage|p2a: Rotom-Wash|54\/304
|move|p2a: Rotom-Wash|Pain Split|p1a: Metagross
|-sethp|p1a: Metagross|177\/301|p2a: Rotom-Wash|177\/304|[from] move: Pain Split
|
|-heal|p2a: Rotom-Wash|196\/304|[from] item: Leftovers
|turn|4
|
|move|p1a: Metagross|Zen Headbutt|p2a: Rotom-Wash
|-damage|p2a: Rotom-Wash|58\/304
|move|p2a: Rotom-Wash|Volt Switch|p1a: Metagross
|-damage|p1a: Metagross|101\/301
|
|switch|p2a: Landorus-Therian|Landorus-Therian, M|319\/319
|-damage|p2a: Landorus-Therian|280\/319|[from] Stealth Rock
|-ability|p2a: Landorus-Therian|Intimidate|[of] p1a: Metagross
|-unboost|p1a: Metagross|atk|1
|
|turn|5
|
|switch|p1a: Latias|Latias, F|319\/319
|move|p2a: Landorus-Therian|Knock Off|p1a: Latias
|-supereffective|p1a: Latias
|-damage|p1a: Latias|33\/319
|-enditem|p1a: Latias|Life Orb|[from] move: Knock Off|[of] p2a: Landorus-Therian
|
|turn|6
|
|move|p2a: Landorus-Therian|Knock Off|p1a: Latias
|-supereffective|p1a: Latias
|-damage|p1a: Latias|0 fnt
|faint|p1a: Latias
|
|
|switch|p1a: Politoed|Politoed, M|383\/383
|-weather|RainDance
|turn|7
|
|switch|p1a: Metagross|Metagross-Mega|101\/301
|move|p2a: Landorus-Therian|Knock Off|p1a: Metagross
|-supereffective|p1a: Metagross
|-damage|p1a: Metagross|0 fnt
|faint|p1a: Metagross
|
|-weather|RainDance|[upkeep]
|
|switch|p1a: Kabutops|Kabutops, M|261\/261
|turn|8
|
|switch|p2a: Rotom-Wash|Rotom-Wash|58\/304
|-damage|p2a: Rotom-Wash|20\/304|[from] Stealth Rock
|move|p1a: Kabutops|Waterfall|p2a: Rotom-Wash
|-resisted|p2a: Rotom-Wash
|-damage|p2a: Rotom-Wash|0 fnt
|-damage|p1a: Kabutops|235\/261|[from] item: Life Orb
|faint|p2a: Rotom-Wash
|
|-weather|RainDance|[upkeep]
|
|switch|p2a: Landorus-Therian|Landorus-Therian, M|280\/319
|-damage|p2a: Landorus-Therian|241\/319|[from] Stealth Rock
|-ability|p2a: Landorus-Therian|Intimidate|[of] p1a: Kabutops
|-unboost|p1a: Kabutops|atk|1
|turn|9
|
|switch|p2a: Empoleon|Empoleon, F|372\/372
|-damage|p2a: Empoleon|349\/372|[from] Stealth Rock
|move|p1a: Kabutops|Waterfall|p2a: Empoleon
|-resisted|p2a: Empoleon
|-damage|p2a: Empoleon|255\/372
|-damage|p1a: Kabutops|209\/261|[from] item: Life Orb
|
|-weather|RainDance|[upkeep]
|-heal|p2a: Empoleon|278\/372|[from] item: Leftovers
|turn|10
|
|switch|p2a: Landorus-Therian|Landorus-Therian, M|241\/319
|-damage|p2a: Landorus-Therian|202\/319|[from] Stealth Rock
|-ability|p2a: Landorus-Therian|Intimidate|[of] p1a: Kabutops
|-unboost|p1a: Kabutops|atk|1
|move|p1a: Kabutops|Low Kick|p2a: Landorus-Therian
|-resisted|p2a: Landorus-Therian
|-damage|p2a: Landorus-Therian|171\/319
|-damage|p1a: Kabutops|183\/261|[from] item: Life Orb
|
|-weather|RainDance|[upkeep]
|turn|11
|
|move|p1a: Kabutops|Waterfall|p2a: Landorus-Therian
|-supereffective|p2a: Landorus-Therian
|-damage|p2a: Landorus-Therian|0 fnt
|-damage|p1a: Kabutops|157\/261|[from] item: Life Orb
|faint|p2a: Landorus-Therian
|
|-weather|RainDance|[upkeep]
|
|switch|p2a: Empoleon|Empoleon, F|278\/372
|-damage|p2a: Empoleon|255\/372|[from] Stealth Rock
|turn|12
|
|switch|p1a: Kingdra|Kingdra, M|291\/291
|move|p2a: Empoleon|Scald|p1a: Kingdra
|-resisted|p1a: Kingdra
|-damage|p1a: Kingdra|248\/291
|
|-weather|RainDance|[upkeep]
|-heal|p2a: Empoleon|278\/372|[from] item: Leftovers
|turn|13
|
|move|p1a: Kingdra|Hydro Pump|p2a: Empoleon
|-resisted|p2a: Empoleon
|-damage|p2a: Empoleon|155\/372
|-damage|p1a: Kingdra|219\/291|[from] item: Life Orb
|move|p2a: Empoleon|Defog|p1a: Kingdra
|-unboost|p1a: Kingdra|evasion|1
|-sideend|p2: wishful thinking 1|Stealth Rock|[from] move: Defog|[of] p2a: Empoleon
|
|-weather|RainDance|[upkeep]
|-heal|p2a: Empoleon|178\/372|[from] item: Leftovers
|turn|14
|
|move|p1a: Kingdra|Waterfall|p2a: Empoleon
|-resisted|p2a: Empoleon
|-damage|p2a: Empoleon|82\/372
|-damage|p1a: Kingdra|190\/291|[from] item: Life Orb
|move|p2a: Empoleon|Knock Off|p1a: Kingdra
|-damage|p1a: Kingdra|136\/291
|-enditem|p1a: Kingdra|Life Orb|[from] move: Knock Off|[of] p2a: Empoleon
|
|-weather|none
|-heal|p2a: Empoleon|105\/372|[from] item: Leftovers
|turn|15
|
|switch|p1a: Politoed|Politoed, M|383\/383
|-weather|RainDance
|switch|p2a: Gardevoir|Gardevoir-Mega, F|277\/277
|
|-weather|RainDance|[upkeep]
|turn|16
|
|move|p2a: Gardevoir|Substitute|p2a: Gardevoir
|-start|p2a: Gardevoir|Substitute
|-damage|p2a: Gardevoir|208\/277
|move|p1a: Politoed|Scald|p2a: Gardevoir
|-end|p2a: Gardevoir|Substitute
|
|-weather|RainDance|[upkeep]
|turn|17
|
|move|p2a: Gardevoir|Substitute|p2a: Gardevoir
|-start|p2a: Gardevoir|Substitute
|-damage|p2a: Gardevoir|139\/277
|move|p1a: Politoed|Scald|p2a: Gardevoir
|-end|p2a: Gardevoir|Substitute
|
|-weather|RainDance|[upkeep]
|turn|18
|
|switch|p1a: Kingdra|Kingdra, M|136\/291
|move|p2a: Gardevoir|Hyper Voice|p1a: Kingdra
|-supereffective|p1a: Kingdra
|-damage|p1a: Kingdra|0 fnt
|faint|p1a: Kingdra
|
|-weather|RainDance|[upkeep]
|
|switch|p1a: Kabutops|Kabutops, M|157\/261
|turn|19
|
|move|p1a: Kabutops|Waterfall|p2a: Gardevoir
|-damage|p2a: Gardevoir|0 fnt
|-damage|p1a: Kabutops|131\/261|[from] item: Life Orb
|faint|p2a: Gardevoir
|
|-weather|RainDance|[upkeep]
|
|switch|p2a: Talonflame|Talonflame, M|297\/297
|turn|20
|
|move|p1a: Kabutops|Aqua Jet|p2a: Talonflame
|-supereffective|p2a: Talonflame
|-damage|p2a: Talonflame|0 fnt
|-damage|p1a: Kabutops|105\/261|[from] item: Life Orb
|faint|p2a: Talonflame
|
|-weather|RainDance|[upkeep]
|-message|wishful thinking 1 forfeited.
|
|win|I ABR I
|raw|Ladder updating...
|leave|wishful thinking 1
|player|p2
|raw|I ABR I's rating: 1667 &rarr; <strong>1683<\/strong><br \/>(+16 for winning)
|raw|wishful thinking 1's rating: 1602 &rarr; <strong>1586<\/strong><br \/>(-16 for losing)