|join|taposek
|join|PikachuCandy
|player|p1|taposek|52
|player|p2|PikachuCandy|155
|gametype|singles
|gen|6
|tier|OU
|rated
|clearpoke
|poke|p1|Gengar, F
|poke|p1|Arcanine, F
|poke|p1|Togekiss, M
|poke|p1|Raikou
|poke|p1|Lucario, F
|poke|p1|Gyarados, F
|poke|p2|Landorus-Therian, M
|poke|p2|Mandibuzz, F
|poke|p2|Wobbuffet, M, shiny
|poke|p2|Garchomp, M, shiny
|poke|p2|Kyurem-Black, shiny
|poke|p2|Gardevoir, F, shiny
|rule|Swagger Clause: Swagger is banned
|rule|Baton Pass Clause: Limit one Pokémon knowing Baton Pass
|rule|Sleep Clause Mod: Limit one foe put to sleep
|rule|Species Clause: Limit one of each Pokémon
|rule|OHKO Clause: OHKO moves are banned
|rule|Moody Clause: Moody is banned
|rule|Evasion Moves Clause: Evasion moves are banned
|rule|Endless Battle Clause: Forcing endless battles is banned
|rule|HP Percentage Mod: HP is shown in percentages
|teampreview
|c|★PikachuCandy|hey it's you again
|
|start
|switch|p1a: Gengar|Gengar, F|262\/262
|switch|p2a: WishTail|Landorus-Therian, M|319\/319
|-ability|p2a: WishTail|Intimidate|[of] p1a: Gengar
|-unboost|p1a: Gengar|atk|1
|turn|1
|
|move|p2a: WishTail|Knock Off|p1a: Gengar
|-supereffective|p1a: Gengar
|-enditem|p1a: Gengar|Focus Sash
|-damage|p1a: Gengar|1\/262
|move|p1a: Gengar|Hypnosis|p2a: WishTail
|-status|p2a: WishTail|slp
|
|turn|2
|
|cant|p2a: WishTail|slp
|move|p1a: Gengar|Shadow Ball|p2a: WishTail
|-damage|p2a: WishTail|156\/319 slp
|-unboost|p2a: WishTail|spd|1
|
|turn|3
|
|-curestatus|p2a: WishTail|slp
|move|p2a: WishTail|Knock Off|p1a: Gengar
|-supereffective|p1a: Gengar
|-damage|p1a: Gengar|0 fnt
|faint|p1a: Gengar
|
|
|switch|p1a: Gyarados|Gyarados, F|331\/331
|-ability|p1a: Gyarados|Intimidate|[of] p2a: WishTail
|-unboost|p2a: WishTail|atk|1
|turn|4
|
|switch|p2a: Wiz BITG|Mandibuzz, F|424\/424
|switch|p1a: Raikou|Raikou|322\/322
|-ability|p1a: Raikou|Pressure
|
|turn|5
|
|switch|p2a: BubbleTea|Wobbuffet, M, shiny|584\/584
|move|p1a: Raikou|Substitute|p1a: Raikou
|-start|p1a: Raikou|Substitute
|-damage|p1a: Raikou|242\/322
|
|-heal|p1a: Raikou|262\/322|[from] item: Leftovers
|turn|6
|
|move|p1a: Raikou|Calm Mind|p1a: Raikou
|-boost|p1a: Raikou|spa|1
|-boost|p1a: Raikou|spd|1
|move|p2a: BubbleTea|Encore|p1a: Raikou
|-start|p1a: Raikou|Encore
|
|-heal|p1a: Raikou|282\/322|[from] item: Leftovers
|turn|7
|
|switch|p2a: Torpedo|Garchomp, M, shiny|357\/357
|move|p1a: Raikou|Calm Mind|p1a: Raikou
|-boost|p1a: Raikou|spa|1
|-boost|p1a: Raikou|spd|1
|
|-heal|p1a: Raikou|302\/322|[from] item: Leftovers
|turn|8
|
|move|p1a: Raikou|Calm Mind|p1a: Raikou
|-boost|p1a: Raikou|spa|1
|-boost|p1a: Raikou|spd|1
|move|p2a: Torpedo|Earthquake|p1a: Raikou
|-supereffective|p1a: Raikou
|-end|p1a: Raikou|Substitute
|
|-heal|p1a: Raikou|322\/322|[from] item: Leftovers
|turn|9
|
|switch|p1a: Togekiss|Togekiss, M|329\/329
|move|p2a: Torpedo|Swords Dance|p2a: Torpedo
|-boost|p2a: Torpedo|atk|2
|
|turn|10
|
|move|p2a: Torpedo|Swords Dance|p2a: Torpedo
|-boost|p2a: Torpedo|atk|2
|move|p1a: Togekiss|Air Slash|p2a: Torpedo
|-damage|p2a: Torpedo|188\/357
|
|turn|11
|
|move|p2a: Torpedo|Fire Fang|p1a: Togekiss
|-damage|p1a: Togekiss|110\/329
|-status|p1a: Togekiss|brn
|cant|p1a: Togekiss|flinch
|
|-heal|p1a: Togekiss|130\/329 brn|[from] item: Leftovers
|-damage|p1a: Togekiss|89\/329 brn|[from] brn
|turn|12
|c|★taposek|rght
|c|★taposek|right
|c|★PikachuCandy|hmm
|
|move|p2a: Torpedo|Fire Fang|p1a: Togekiss
|-damage|p1a: Togekiss|0 fnt
|faint|p1a: Togekiss
|
|c|★PikachuCandy|!dt fire fang
|c|~|\/data-move Fire Fang
|raw|<font size="1"><font color=#585858>Priority:<\/font> 0&nbsp;|&ThickSpace;<font color=#585858><font color=black>&#10003; Secondary effect<\/font><\/font>&nbsp;|&ThickSpace;<font color=#585858><font color=black>&#10003; Contact<\/font><\/font>&nbsp;|&ThickSpace;<font color=#585858><font color=black>&#10003; Blocked by Protect<\/font><\/font>&nbsp;|&ThickSpace;<font color=#585858><font color=black>&#10003; Bite<\/font><\/font>&nbsp;|&ThickSpace;<font color=#585858>Target:<\/font> One Adjacent Pokemon<\/font>
|
|switch|p1a: Raikou|Raikou|322\/322
|-ability|p1a: Raikou|Pressure
|turn|13
|c|★PikachuCandy|no one ever believes me
|c|★taposek|so 1\/100 times it happens every time
|c|★taposek|sweet
|c|★PikachuCandy|well they do happen
|
|switch|p2a: BubbleTea|Wobbuffet, M, shiny|584\/584
|move|p1a: Raikou|Hidden Power|p2a: BubbleTea
|-damage|p2a: BubbleTea|518\/584
|
|-heal|p2a: BubbleTea|554\/584|[from] item: Leftovers
|turn|14
|
|move|p1a: Raikou|Substitute|p1a: Raikou
|-start|p1a: Raikou|Substitute
|-damage|p1a: Raikou|242\/322
|move|p2a: BubbleTea|Mirror Coat|p1a: Raikou
|-fail|p1a: Raikou
|
|-heal|p1a: Raikou|262\/322|[from] item: Leftovers
|-heal|p2a: BubbleTea|584\/584|[from] item: Leftovers
|turn|15
|c|★PikachuCandy|right
|
|move|p1a: Raikou|Calm Mind|p1a: Raikou
|-boost|p1a: Raikou|spa|1
|-boost|p1a: Raikou|spd|1
|move|p2a: BubbleTea|Encore|p1a: Raikou
|-start|p1a: Raikou|Encore
|
|-heal|p1a: Raikou|282\/322|[from] item: Leftovers
|turn|16
|c|★PikachuCandy|back to square 1
|
|switch|p2a: DustFairy|Gardevoir, F, shiny|301\/301
|move|p1a: Raikou|Calm Mind|p1a: Raikou
|-boost|p1a: Raikou|spa|1
|-boost|p1a: Raikou|spd|1
|
|-heal|p1a: Raikou|302\/322|[from] item: Leftovers
|turn|17
|
|detailschange|p2a: DustFairy|Gardevoir-Mega, F, shiny
|-mega|p2a: DustFairy|Gardevoir|Gardevoirite
|move|p1a: Raikou|Calm Mind|p1a: Raikou
|-boost|p1a: Raikou|spa|1
|-boost|p1a: Raikou|spd|1
|move|p2a: DustFairy|Substitute|p2a: DustFairy
|-start|p2a: DustFairy|Substitute
|-damage|p2a: DustFairy|226\/301
|
|-heal|p1a: Raikou|322\/322|[from] item: Leftovers
|turn|18
|
|move|p1a: Raikou|Calm Mind|p1a: Raikou
|-boost|p1a: Raikou|spa|1
|-boost|p1a: Raikou|spd|1
|move|p2a: DustFairy|Psyshock|p1a: Raikou
|-end|p1a: Raikou|Substitute
|
|-end|p1a: Raikou|Encore
|turn|19
|
|move|p1a: Raikou|Thunderbolt|p2a: DustFairy
|-end|p2a: DustFairy|Substitute
|move|p2a: DustFairy|Psyshock|p1a: Raikou
|-crit|p1a: Raikou
|-damage|p1a: Raikou|0 fnt
|faint|p1a: Raikou
|
|c|★taposek|lol
|c|★PikachuCandy|ok.
|c|★taposek|goddamn
|-message|taposek forfeited.
|leave|taposek
|
|win|PikachuCandy
|raw|Ladder updating...
|player|p1
|raw|taposek's rating: 1456 &rarr; <strong>1440<\/strong><br \/>(-16 for losing)
|raw|PikachuCandy's rating: 1523 &rarr; <strong>1539<\/strong><br \/>(+16 for winning)