|join|spec n
|join|Smokey-B
|player|p1|spec n|92
|player|p2|Smokey-B|126
|gametype|singles
|gen|6
|tier|OU
|rated
|clearpoke
|poke|p1|Breloom, F
|poke|p1|Slowbro, F
|poke|p1|Heatran, F
|poke|p1|Gardevoir, F
|poke|p1|Rotom-Wash
|poke|p1|Scizor, M
|poke|p2|Venusaur, M
|poke|p2|Landorus-Therian, M
|poke|p2|Rotom-Wash
|poke|p2|Thundurus, M
|poke|p2|Heatran, F
|poke|p2|Clefable, M
|rule|Swagger Clause: Swagger is banned
|rule|Baton Pass Clause: Limit one Pokémon knowing Baton Pass
|rule|Sleep Clause Mod: Limit one foe put to sleep
|rule|Species Clause: Limit one of each Pokémon
|rule|OHKO Clause: OHKO moves are banned
|rule|Moody Clause: Moody is banned
|rule|Evasion Moves Clause: Evasion moves are banned
|rule|Endless Battle Clause: Forcing endless battles is banned
|rule|HP Percentage Mod: HP is shown in percentages
|teampreview
|
|start
|switch|p1a: Rotom-Wash|Rotom-Wash|298\/298
|switch|p2a: Rotom-Wash|Rotom-Wash|304\/304
|turn|1
|
|move|p1a: Rotom-Wash|Trick|p2a: Rotom-Wash
|-activate|p1a: Rotom-Wash|move: Trick|[of] p2a: Rotom-Wash
|-item|p2a: Rotom-Wash|Choice Scarf|[from] move: Trick
|-item|p1a: Rotom-Wash|Choice Scarf|[from] move: Trick
|move|p2a: Rotom-Wash|Trick|p1a: Rotom-Wash
|-activate|p2a: Rotom-Wash|move: Trick|[of] p1a: Rotom-Wash
|-item|p1a: Rotom-Wash|Choice Scarf|[from] move: Trick
|-item|p2a: Rotom-Wash|Choice Scarf|[from] move: Trick
|
|turn|2
|c|★Smokey-B|LOL
|c|★Smokey-B|great minds think alike
|c|★spec n|probably
|
|move|p1a: Rotom-Wash|Volt Switch|p2a: Rotom-Wash
|-damage|p2a: Rotom-Wash|198\/304
|c|★Smokey-B|>:P
|
|switch|p1a: Heatran|Heatran, F|386\/386
|move|p2a: Rotom-Wash|Will-O-Wisp|p1a: Heatran
|-start|p1a: Heatran|ability: Flash Fire
|
|turn|3
|c|★Smokey-B|fuck ur smart
|c|★Smokey-B|its like fighting myself
|
|switch|p2a: Clefable|Clefable, M|394\/394
|move|p1a: Heatran|Stealth Rock|p2a: Clefable
|-sidestart|p2: Smokey-B|move: Stealth Rock
|
|turn|4
|
|move|p1a: Heatran|Lava Plume|p2a: Clefable
|-damage|p2a: Clefable|195\/394
|move|p2a: Clefable|Stealth Rock|p1a: Heatran
|-sidestart|p1: spec n|move: Stealth Rock
|
|-heal|p2a: Clefable|219\/394|[from] item: Leftovers
|turn|5
|
|switch|p1a: Rotom-Wash|Rotom-Wash|298\/298
|-damage|p1a: Rotom-Wash|261\/298|[from] Stealth Rock
|move|p2a: Clefable|Soft-Boiled|p2a: Clefable
|-heal|p2a: Clefable|394\/394
|
|turn|6
|
|switch|p2a: Venusaur|Venusaur, M|322\/322
|-damage|p2a: Venusaur|282\/322|[from] Stealth Rock
|move|p1a: Rotom-Wash|Volt Switch|p2a: Venusaur
|-resisted|p2a: Venusaur
|-damage|p2a: Venusaur|228\/322
|
|switch|p1a: Gardevoir|Gardevoir, F|277\/277
|-damage|p1a: Gardevoir|243\/277|[from] Stealth Rock
|-ability|p1a: Gardevoir|Chlorophyll|[from] ability: Trace|[of] p2a: Venusaur
|
|turn|7
|
|detailschange|p1a: Gardevoir|Gardevoir-Mega, F
|-mega|p1a: Gardevoir|Gardevoir|Gardevoirite
|detailschange|p2a: Venusaur|Venusaur-Mega, M
|-mega|p2a: Venusaur|Venusaur|Venusaurite
|move|p1a: Gardevoir|Psyshock|p2a: Venusaur
|-supereffective|p2a: Venusaur
|-damage|p2a: Venusaur|0 fnt
|faint|p2a: Venusaur
|
|
|switch|p2a: Landorus-Therian|Landorus-Therian, M|330\/330
|-damage|p2a: Landorus-Therian|289\/330|[from] Stealth Rock
|-ability|p2a: Landorus-Therian|Intimidate|[of] p1a: Gardevoir
|-unboost|p1a: Gardevoir|atk|1
|turn|8
|
|switch|p1a: Slowbro|Slowbro, F|394\/394
|-damage|p1a: Slowbro|345\/394|[from] Stealth Rock
|move|p2a: Landorus-Therian|U-turn|p1a: Slowbro
|-supereffective|p1a: Slowbro
|-damage|p1a: Slowbro|211\/394
|
|switch|p2a: Thundurus|Thundurus, M|300\/300
|-damage|p2a: Thundurus|225\/300|[from] Stealth Rock
|
|-heal|p2a: Thundurus|243\/300|[from] item: Leftovers
|-heal|p1a: Slowbro|235\/394|[from] item: Leftovers
|turn|9
|
|switch|p1a: Rotom-Wash|Rotom-Wash|261\/298
|-damage|p1a: Rotom-Wash|224\/298|[from] Stealth Rock
|move|p2a: Thundurus|Thunderbolt|p1a: Rotom-Wash
|-damage|p1a: Rotom-Wash|79\/298
|
|-heal|p2a: Thundurus|261\/300|[from] item: Leftovers
|turn|10
|
|move|p2a: Thundurus|Taunt|p1a: Rotom-Wash
|-start|p1a: Rotom-Wash|move: Taunt
|move|p1a: Rotom-Wash|Volt Switch|p2a: Thundurus
|-damage|p2a: Thundurus|108\/300
|
|switch|p1a: Scizor|Scizor, M|344\/344
|-damage|p1a: Scizor|301\/344|[from] Stealth Rock
|
|-heal|p2a: Thundurus|126\/300|[from] item: Leftovers
|-heal|p1a: Scizor|322\/344|[from] item: Leftovers
|turn|11
|
|move|p2a: Thundurus|Thunderbolt|p1a: Scizor
|-damage|p1a: Scizor|135\/344
|-status|p1a: Scizor|par
|cant|p1a: Scizor|par
|
|-heal|p2a: Thundurus|144\/300|[from] item: Leftovers
|-heal|p1a: Scizor|156\/344 par|[from] item: Leftovers
|turn|12
|c|★spec n|great
|
|move|p1a: Scizor|Bullet Punch|p2a: Thundurus
|-resisted|p2a: Thundurus
|-damage|p2a: Thundurus|60\/300
|move|p2a: Thundurus|Thunderbolt|p1a: Scizor
|-damage|p1a: Scizor|0 fnt
|faint|p1a: Scizor
|
|-heal|p2a: Thundurus|78\/300|[from] item: Leftovers
|
|switch|p1a: Breloom|Breloom, F|261\/261
|-damage|p1a: Breloom|245\/261|[from] Stealth Rock
|turn|13
|
|switch|p2a: Landorus-Therian|Landorus-Therian, M|289\/330
|-damage|p2a: Landorus-Therian|248\/330|[from] Stealth Rock
|-ability|p2a: Landorus-Therian|Intimidate|[of] p1a: Breloom
|-unboost|p1a: Breloom|atk|1
|move|p1a: Breloom|Mach Punch|p2a: Landorus-Therian
|-resisted|p2a: Landorus-Therian
|-damage|p2a: Landorus-Therian|193\/330
|-damage|p1a: Breloom|219\/261|[from] item: Life Orb
|
|turn|14
|
|switch|p1a: Slowbro|Slowbro, F|366\/394
|-damage|p1a: Slowbro|317\/394|[from] Stealth Rock
|move|p2a: Landorus-Therian|U-turn|p1a: Slowbro
|-supereffective|p1a: Slowbro
|-damage|p1a: Slowbro|171\/394
|
|switch|p2a: Rotom-Wash|Rotom-Wash|198\/304
|-damage|p2a: Rotom-Wash|160\/304|[from] Stealth Rock
|
|-heal|p1a: Slowbro|195\/394|[from] item: Leftovers
|turn|15
|
|switch|p1a: Rotom-Wash|Rotom-Wash|79\/298
|-damage|p1a: Rotom-Wash|42\/298|[from] Stealth Rock
|move|p2a: Rotom-Wash|Volt Switch|p1a: Rotom-Wash
|-damage|p1a: Rotom-Wash|0 fnt
|faint|p1a: Rotom-Wash
|
|switch|p2a: Landorus-Therian|Landorus-Therian, M|193\/330
|-damage|p2a: Landorus-Therian|152\/330|[from] Stealth Rock
|
|
|switch|p1a: Slowbro|Slowbro, F|326\/394
|-damage|p1a: Slowbro|277\/394|[from] Stealth Rock
|turn|16
|
|move|p2a: Landorus-Therian|U-turn|p1a: Slowbro
|-supereffective|p1a: Slowbro
|-damage|p1a: Slowbro|151\/394
|
|switch|p2a: Rotom-Wash|Rotom-Wash|160\/304
|-damage|p2a: Rotom-Wash|122\/304|[from] Stealth Rock
|move|p1a: Slowbro|Scald|p2a: Rotom-Wash
|-resisted|p2a: Rotom-Wash
|-damage|p2a: Rotom-Wash|81\/304
|
|-heal|p1a: Slowbro|175\/394|[from] item: Leftovers
|turn|17
|
|switch|p1a: Heatran|Heatran, F|386\/386
|-damage|p1a: Heatran|338\/386|[from] Stealth Rock
|move|p2a: Rotom-Wash|Volt Switch|p1a: Heatran
|-damage|p1a: Heatran|274\/386
|
|switch|p2a: Landorus-Therian|Landorus-Therian, M|152\/330
|-damage|p2a: Landorus-Therian|111\/330|[from] Stealth Rock
|-ability|p2a: Landorus-Therian|Intimidate|[of] p1a: Heatran
|-unboost|p1a: Heatran|atk|1
|
|-heal|p1a: Heatran|298\/386|[from] item: Leftovers
|turn|18
|
|switch|p1a: Slowbro|Slowbro, F|306\/394
|-damage|p1a: Slowbro|257\/394|[from] Stealth Rock
|move|p2a: Landorus-Therian|Earthquake|p1a: Slowbro
|-damage|p1a: Slowbro|109\/394
|
|-heal|p1a: Slowbro|133\/394|[from] item: Leftovers
|turn|19
|
|switch|p1a: Heatran|Heatran, F|298\/386
|-damage|p1a: Heatran|250\/386|[from] Stealth Rock
|move|p2a: Landorus-Therian|Earthquake|p1a: Heatran
|-supereffective|p1a: Heatran
|-damage|p1a: Heatran|0 fnt
|faint|p1a: Heatran
|
|
|switch|p1a: Slowbro|Slowbro, F|264\/394
|-damage|p1a: Slowbro|215\/394|[from] Stealth Rock
|turn|20
|
|switch|p2a: Rotom-Wash|Rotom-Wash|81\/304
|-damage|p2a: Rotom-Wash|43\/304|[from] Stealth Rock
|move|p1a: Slowbro|Slack Off|p1a: Slowbro
|-heal|p1a: Slowbro|394\/394
|
|turn|21
|
|switch|p1a: Gardevoir|Gardevoir-Mega, F|243\/277
|-damage|p1a: Gardevoir|209\/277|[from] Stealth Rock
|move|p2a: Rotom-Wash|Will-O-Wisp|p1a: Gardevoir|[miss]
|-miss|p2a: Rotom-Wash|p1a: Gardevoir
|
|turn|22
|
|switch|p2a: Heatran|Heatran, F|323\/323
|-damage|p2a: Heatran|283\/323|[from] Stealth Rock
|move|p1a: Gardevoir|Focus Blast|p2a: Heatran
|-supereffective|p2a: Heatran
|-damage|p2a: Heatran|0 fnt
|faint|p2a: Heatran
|
|c|★spec n|one sec
|
|switch|p2a: Landorus-Therian|Landorus-Therian, M|111\/330
|-damage|p2a: Landorus-Therian|70\/330|[from] Stealth Rock
|-ability|p2a: Landorus-Therian|Intimidate|[of] p1a: Gardevoir
|-unboost|p1a: Gardevoir|atk|1
|turn|23
|c|★Smokey-B|k
|
|switch|p1a: Slowbro|Slowbro, F|394\/394
|-damage|p1a: Slowbro|345\/394|[from] Stealth Rock
|move|p2a: Landorus-Therian|U-turn|p1a: Slowbro
|-supereffective|p1a: Slowbro
|-damage|p1a: Slowbro|217\/394
|
|switch|p2a: Thundurus|Thundurus, M|78\/300
|-damage|p2a: Thundurus|3\/300|[from] Stealth Rock
|
|-heal|p2a: Thundurus|21\/300|[from] item: Leftovers
|-heal|p1a: Slowbro|241\/394|[from] item: Leftovers
|turn|24
|
|move|p2a: Thundurus|Thunderbolt|p1a: Slowbro
|-supereffective|p1a: Slowbro
|-damage|p1a: Slowbro|0 fnt
|faint|p1a: Slowbro
|
|-heal|p2a: Thundurus|39\/300|[from] item: Leftovers
|
|switch|p1a: Breloom|Breloom, F|219\/261
|-damage|p1a: Breloom|203\/261|[from] Stealth Rock
|turn|25
|
|move|p2a: Thundurus|Taunt|p1a: Breloom
|-start|p1a: Breloom|move: Taunt
|move|p1a: Breloom|Mach Punch|p2a: Thundurus
|-resisted|p2a: Thundurus
|-damage|p2a: Thundurus|0 fnt
|-damage|p1a: Breloom|177\/261|[from] item: Life Orb
|faint|p2a: Thundurus
|
|
|switch|p2a: Clefable|Clefable, M|394\/394
|turn|26
|
|switch|p1a: Gardevoir|Gardevoir-Mega, F|209\/277
|-damage|p1a: Gardevoir|175\/277|[from] Stealth Rock
|move|p2a: Clefable|Moonblast|p1a: Gardevoir
|-damage|p1a: Gardevoir|96\/277
|
|turn|27
|
|move|p1a: Gardevoir|Hyper Voice|p2a: Clefable
|-damage|p2a: Clefable|117\/394
|move|p2a: Clefable|Moonblast|p1a: Gardevoir
|-damage|p1a: Gardevoir|17\/277
|
|-heal|p2a: Clefable|141\/394|[from] item: Leftovers
|turn|28
|
|move|p1a: Gardevoir|Hyper Voice|p2a: Clefable
|-damage|p2a: Clefable|0 fnt
|faint|p2a: Clefable
|
|
|switch|p2a: Landorus-Therian|Landorus-Therian, M|70\/330
|-damage|p2a: Landorus-Therian|29\/330|[from] Stealth Rock
|-ability|p2a: Landorus-Therian|Intimidate|[of] p1a: Gardevoir
|-unboost|p1a: Gardevoir|atk|1
|turn|29
|c|★Smokey-B|think i shouldof kept em alive lol
|c|★spec n|yep
|c|★Smokey-B|dang
|
|move|p2a: Landorus-Therian|U-turn|p1a: Gardevoir
|-damage|p1a: Gardevoir|0 fnt
|faint|p1a: Gardevoir
|c|★Smokey-B|gg
|
|switch|p2a: Rotom-Wash|Rotom-Wash|43\/304
|-damage|p2a: Rotom-Wash|5\/304|[from] Stealth Rock
|
|c|★spec n|gg
|
|switch|p1a: Breloom|Breloom, F|177\/261
|-damage|p1a: Breloom|161\/261|[from] Stealth Rock
|turn|30
|
|move|p1a: Breloom|Mach Punch|p2a: Rotom-Wash
|-damage|p2a: Rotom-Wash|0 fnt
|-damage|p1a: Breloom|135\/261|[from] item: Life Orb
|faint|p2a: Rotom-Wash
|
|
|switch|p2a: Landorus-Therian|Landorus-Therian, M|29\/330
|-damage|p2a: Landorus-Therian|0 fnt|[from] Stealth Rock
|faint|p2a: Landorus-Therian
|
|win|spec n
|raw|Ladder updating...
|raw|spec n's rating: 1443 &rarr; <strong>1466<\/strong><br \/>(+23 for winning)
|raw|Smokey-B's rating: 1499 &rarr; <strong>1475<\/strong><br \/>(-24 for losing)
|leave|Smokey-B
|player|p2
|join|bkj