|join|SlurpuffIzFood
|join|spec n
|player|p1|SlurpuffIzFood|172
|player|p2|spec n|92
|gametype|singles
|gen|6
|tier|OU
|rated
|clearpoke
|poke|p1|Sableye, M
|poke|p1|Clefable, F
|poke|p1|Talonflame, M
|poke|p1|Keldeo
|poke|p1|Skarmory, F
|poke|p1|Breloom, M
|poke|p2|Breloom, F
|poke|p2|Slowbro, F
|poke|p2|Heatran, M
|poke|p2|Gardevoir, M
|poke|p2|Rotom-Wash
|poke|p2|Scizor, F
|rule|Swagger Clause: Swagger is banned
|rule|Baton Pass Clause: Limit one Pokémon knowing Baton Pass
|rule|Sleep Clause Mod: Limit one foe put to sleep
|rule|Species Clause: Limit one of each Pokémon
|rule|OHKO Clause: OHKO moves are banned
|rule|Moody Clause: Moody is banned
|rule|Evasion Moves Clause: Evasion moves are banned
|rule|Endless Battle Clause: Forcing endless battles is banned
|rule|HP Percentage Mod: HP is shown in percentages
|teampreview
|
|start
|switch|p1a: Sableye|Sableye, M|304\/304
|switch|p2a: Rotom-Wash|Rotom-Wash|298\/298
|turn|1
|
|move|p1a: Sableye|Will-O-Wisp|p2a: Rotom-Wash|[miss]
|-miss|p1a: Sableye|p2a: Rotom-Wash
|move|p2a: Rotom-Wash|Volt Switch|p1a: Sableye
|-damage|p1a: Sableye|135\/304
|
|switch|p2a: Heatran|Heatran, M|386\/386
|
|turn|2
|
|detailschange|p1a: Sableye|Sableye-Mega, M
|-mega|p1a: Sableye|Sableye|Sablenite
|move|p1a: Sableye|Recover|p1a: Sableye
|-heal|p1a: Sableye|287\/304
|move|p2a: Heatran|Lava Plume|p1a: Sableye
|-damage|p1a: Sableye|178\/304
|
|turn|3
|
|switch|p2a: Rotom-Wash|Rotom-Wash|298\/298
|switch|p1a: Talonflame|Talonflame, M|359\/359
|
|turn|4
|
|switch|p1a: Breloom|Breloom, M|261\/261
|move|p2a: Rotom-Wash|Volt Switch|p1a: Breloom
|-resisted|p1a: Breloom
|-damage|p1a: Breloom|177\/261
|
|switch|p2a: Gardevoir|Gardevoir, M|277\/277
|-ability|p2a: Gardevoir|Technician|[from] ability: Trace|[of] p1a: Breloom
|
|turn|5
|
|switch|p1a: Talonflame|Talonflame, M|359\/359
|detailschange|p2a: Gardevoir|Gardevoir-Mega, M
|-mega|p2a: Gardevoir|Gardevoir|Gardevoirite
|move|p2a: Gardevoir|Hyper Voice|p1a: Talonflame
|-resisted|p1a: Talonflame
|-damage|p1a: Talonflame|253\/359
|
|-heal|p1a: Talonflame|275\/359|[from] item: Leftovers
|turn|6
|
|switch|p2a: Heatran|Heatran, M|386\/386
|move|p1a: Talonflame|Will-O-Wisp|p2a: Heatran
|-start|p2a: Heatran|ability: Flash Fire
|
|-heal|p1a: Talonflame|297\/359|[from] item: Leftovers
|turn|7
|
|move|p1a: Talonflame|Taunt|p2a: Heatran
|-start|p2a: Heatran|move: Taunt
|move|p2a: Heatran|Lava Plume|p1a: Talonflame
|-resisted|p1a: Talonflame
|-damage|p1a: Talonflame|209\/359
|
|-heal|p1a: Talonflame|231\/359|[from] item: Leftovers
|turn|8
|
|switch|p2a: Rotom-Wash|Rotom-Wash|298\/298
|move|p1a: Talonflame|Brave Bird|p2a: Rotom-Wash
|-resisted|p2a: Rotom-Wash
|-damage|p2a: Rotom-Wash|239\/298
|-damage|p1a: Talonflame|212\/359|[from] recoil|[of] p2a: Rotom-Wash
|
|-heal|p1a: Talonflame|234\/359|[from] item: Leftovers
|turn|9
|
|move|p1a: Talonflame|Roost|p1a: Talonflame
|-heal|p1a: Talonflame|359\/359
|move|p2a: Rotom-Wash|Volt Switch|p1a: Talonflame
|-damage|p1a: Talonflame|247\/359
|
|switch|p2a: Slowbro|Slowbro, F|394\/394
|
|-heal|p1a: Talonflame|269\/359|[from] item: Leftovers
|turn|10
|
|move|p1a: Talonflame|Will-O-Wisp|p2a: Slowbro|[miss]
|-miss|p1a: Talonflame|p2a: Slowbro
|move|p2a: Slowbro|Scald|p1a: Talonflame
|-supereffective|p1a: Talonflame
|-damage|p1a: Talonflame|89\/359
|
|-heal|p1a: Talonflame|111\/359|[from] item: Leftovers
|turn|11
|
|move|p1a: Talonflame|Roost|p1a: Talonflame
|-heal|p1a: Talonflame|291\/359
|move|p2a: Slowbro|Scald|p1a: Talonflame
|-supereffective|p1a: Talonflame
|-damage|p1a: Talonflame|111\/359
|
|-heal|p1a: Talonflame|133\/359|[from] item: Leftovers
|turn|12
|
|move|p1a: Talonflame|Roost|p1a: Talonflame
|-heal|p1a: Talonflame|313\/359
|move|p2a: Slowbro|Thunder Wave|p1a: Talonflame
|-status|p1a: Talonflame|par
|
|-heal|p1a: Talonflame|335\/359 par|[from] item: Leftovers
|turn|13
|
|move|p2a: Slowbro|Scald|p1a: Talonflame
|-supereffective|p1a: Talonflame
|-damage|p1a: Talonflame|153\/359 par
|move|p1a: Talonflame|Will-O-Wisp|p2a: Slowbro
|-status|p2a: Slowbro|brn
|
|-heal|p1a: Talonflame|175\/359 par|[from] item: Leftovers
|-damage|p2a: Slowbro|345\/394 brn|[from] brn
|turn|14
|
|switch|p1a: Clefable|Clefable, F|394\/394
|move|p2a: Slowbro|Scald|p1a: Clefable
|-damage|p1a: Clefable|286\/394
|-status|p1a: Clefable|brn
|
|-heal|p1a: Clefable|310\/394 brn|[from] item: Leftovers
|-heal|p2a: Slowbro|369\/394 brn|[from] item: Leftovers
|-damage|p2a: Slowbro|320\/394 brn|[from] brn
|turn|15
|
|switch|p2a: Rotom-Wash|Rotom-Wash|239\/298
|move|p1a: Clefable|Calm Mind|p1a: Clefable
|-boost|p1a: Clefable|spa|1
|-boost|p1a: Clefable|spd|1
|
|-heal|p1a: Clefable|334\/394 brn|[from] item: Leftovers
|turn|16
|
|switch|p1a: Sableye|Sableye-Mega, M|178\/304
|move|p2a: Rotom-Wash|Trick|p1a: Sableye
|-fail|p1a: Sableye
|
|turn|17
|
|switch|p2a: Gardevoir|Gardevoir-Mega, M|277\/277
|move|p1a: Sableye|Dark Pulse|p2a: Gardevoir
|-damage|p2a: Gardevoir|211\/277
|
|turn|18
|
|switch|p1a: Talonflame|Talonflame, M|175\/359 par
|move|p2a: Gardevoir|Hyper Voice|p1a: Talonflame
|-resisted|p1a: Talonflame
|-damage|p1a: Talonflame|58\/359 par
|
|-heal|p1a: Talonflame|80\/359 par|[from] item: Leftovers
|turn|19
|
|switch|p2a: Heatran|Heatran, M|386\/386
|move|p1a: Talonflame|Roost|p1a: Talonflame
|-heal|p1a: Talonflame|260\/359 par
|
|-heal|p1a: Talonflame|282\/359 par|[from] item: Leftovers
|turn|20
|
|move|p2a: Heatran|Lava Plume|p1a: Talonflame
|-resisted|p1a: Talonflame
|-damage|p1a: Talonflame|224\/359 par
|move|p1a: Talonflame|Taunt|p2a: Heatran
|-start|p2a: Heatran|move: Taunt
|
|-heal|p1a: Talonflame|246\/359 par|[from] item: Leftovers
|turn|21
|
|switch|p2a: Slowbro|Slowbro, F|394\/394 brn
|switch|p1a: Keldeo|Keldeo|323\/323
|
|-damage|p2a: Slowbro|345\/394 brn|[from] brn
|turn|22
|
|switch|p1a: Clefable|Clefable, F|334\/394 brn
|switch|p2a: Gardevoir|Gardevoir-Mega, M|211\/277
|
|-heal|p1a: Clefable|358\/394 brn|[from] item: Leftovers
|turn|23
|
|switch|p1a: Talonflame|Talonflame, M|246\/359 par
|move|p2a: Gardevoir|Hyper Voice|p1a: Talonflame
|-resisted|p1a: Talonflame
|-damage|p1a: Talonflame|132\/359 par
|
|-heal|p1a: Talonflame|154\/359 par|[from] item: Leftovers
|turn|24
|
|move|p1a: Talonflame|Roost|p1a: Talonflame
|-heal|p1a: Talonflame|334\/359 par
|move|p2a: Gardevoir|Psyshock|p1a: Talonflame
|-damage|p1a: Talonflame|105\/359 par
|
|-heal|p1a: Talonflame|127\/359 par|[from] item: Leftovers
|turn|25
|
|switch|p2a: Rotom-Wash|Rotom-Wash|239\/298
|move|p1a: Talonflame|Roost|p1a: Talonflame
|-heal|p1a: Talonflame|307\/359 par
|
|-heal|p1a: Talonflame|329\/359 par|[from] item: Leftovers
|turn|26
|
|switch|p1a: Keldeo|Keldeo|323\/323
|move|p2a: Rotom-Wash|Volt Switch|p1a: Keldeo
|-supereffective|p1a: Keldeo
|-damage|p1a: Keldeo|77\/323
|
|switch|p2a: Gardevoir|Gardevoir-Mega, M|211\/277
|
|turn|27
|
|switch|p2a: Slowbro|Slowbro, F|394\/394 brn
|move|p1a: Keldeo|Hydro Pump|p2a: Slowbro
|-resisted|p2a: Slowbro
|-damage|p2a: Slowbro|229\/394 brn
|
|-heal|p2a: Slowbro|253\/394 brn|[from] item: Leftovers
|-damage|p2a: Slowbro|204\/394 brn|[from] brn
|turn|28
|
|switch|p1a: Clefable|Clefable, F|358\/394 brn
|move|p2a: Slowbro|Slack Off|p2a: Slowbro
|-heal|p2a: Slowbro|394\/394 brn
|
|-heal|p1a: Clefable|382\/394 brn|[from] item: Leftovers
|-damage|p2a: Slowbro|345\/394 brn|[from] brn
|turn|29
|
|switch|p2a: Rotom-Wash|Rotom-Wash|239\/298
|move|p1a: Clefable|Calm Mind|p1a: Clefable
|-boost|p1a: Clefable|spa|1
|-boost|p1a: Clefable|spd|1
|
|-heal|p1a: Clefable|394\/394 brn|[from] item: Leftovers
|turn|30
|
|switch|p1a: Keldeo|Keldeo|77\/323
|move|p2a: Rotom-Wash|Volt Switch|p1a: Keldeo
|-supereffective|p1a: Keldeo
|-damage|p1a: Keldeo|0 fnt
|faint|p1a: Keldeo
|
|switch|p2a: Gardevoir|Gardevoir-Mega, M|211\/277
|
|
|switch|p1a: Skarmory|Skarmory, F|333\/333
|turn|31
|
|switch|p2a: Scizor|Scizor, F|344\/344
|move|p1a: Skarmory|Stealth Rock|p2a: Scizor
|-sidestart|p2: spec n|move: Stealth Rock
|
|turn|32
|
|switch|p1a: Sableye|Sableye-Mega, M|178\/304
|move|p2a: Scizor|Knock Off|p1a: Sableye
|-damage|p1a: Sableye|123\/304
|
|turn|33
|
|move|p2a: Scizor|Defog|p1a: Sableye
|move|p1a: Sableye|Defog|p2a: Scizor|[from]Magic Bounce
|-unboost|p2a: Scizor|evasion|1
|-sideend|p2: spec n|Stealth Rock|[from] move: Defog|[of] p2a: Scizor
|move|p1a: Sableye|Recover|p1a: Sableye
|-heal|p1a: Sableye|275\/304
|
|turn|34
|
|move|p2a: Scizor|U-turn|p1a: Sableye
|-damage|p1a: Sableye|191\/304
|
|switch|p2a: Heatran|Heatran, M|386\/386
|move|p1a: Sableye|Will-O-Wisp|p2a: Heatran
|-start|p2a: Heatran|ability: Flash Fire
|
|turn|35
|
|move|p2a: Heatran|Lava Plume|p1a: Sableye
|-damage|p1a: Sableye|19\/304
|move|p1a: Sableye|Dark Pulse|p2a: Heatran
|-damage|p2a: Heatran|326\/386
|
|-heal|p2a: Heatran|350\/386|[from] item: Leftovers
|turn|36
|
|move|p2a: Heatran|Lava Plume|p1a: Sableye
|-damage|p1a: Sableye|0 fnt
|faint|p1a: Sableye
|
|-heal|p2a: Heatran|374\/386|[from] item: Leftovers
|
|switch|p1a: Breloom|Breloom, M|177\/261
|turn|37
|
|switch|p2a: Rotom-Wash|Rotom-Wash|239\/298
|move|p1a: Breloom|Mach Punch|p2a: Rotom-Wash
|-damage|p2a: Rotom-Wash|95\/298
|-damage|p1a: Breloom|151\/261|[from] item: Life Orb
|
|turn|38
|
|switch|p2a: Breloom|Breloom, F|261\/261
|move|p1a: Breloom|Mach Punch|p2a: Breloom
|-damage|p2a: Breloom|96\/261
|-damage|p1a: Breloom|125\/261|[from] item: Life Orb
|
|turn|39
|
|move|p1a: Breloom|Mach Punch|p2a: Breloom
|-damage|p2a: Breloom|0 fnt
|-damage|p1a: Breloom|99\/261|[from] item: Life Orb
|faint|p2a: Breloom
|
|
|switch|p2a: Scizor|Scizor, F|344\/344
|turn|40
|
|switch|p1a: Skarmory|Skarmory, F|333\/333
|move|p2a: Scizor|Bullet Punch|p1a: Skarmory
|-resisted|p1a: Skarmory
|-damage|p1a: Skarmory|298\/333
|
|turn|41
|
|switch|p2a: Heatran|Heatran, M|374\/386
|move|p1a: Skarmory|Stealth Rock|p2a: Heatran
|-sidestart|p2: spec n|move: Stealth Rock
|
|-heal|p2a: Heatran|386\/386|[from] item: Leftovers
|turn|42
|
|switch|p1a: Talonflame|Talonflame, M|329\/359 par
|move|p2a: Heatran|Stealth Rock|p1a: Talonflame
|-sidestart|p1: SlurpuffIzFood|move: Stealth Rock
|
|-heal|p1a: Talonflame|351\/359 par|[from] item: Leftovers
|turn|43
|
|move|p2a: Heatran|Lava Plume|p1a: Talonflame
|-resisted|p1a: Talonflame
|-damage|p1a: Talonflame|297\/359 par
|cant|p1a: Talonflame|par
|
|-heal|p1a: Talonflame|319\/359 par|[from] item: Leftovers
|turn|44
|
|switch|p2a: Rotom-Wash|Rotom-Wash|95\/298
|-damage|p2a: Rotom-Wash|58\/298|[from] Stealth Rock
|move|p1a: Talonflame|Taunt|p2a: Rotom-Wash
|-start|p2a: Rotom-Wash|move: Taunt
|
|-heal|p1a: Talonflame|341\/359 par|[from] item: Leftovers
|turn|45
|
|move|p1a: Talonflame|Roost|p1a: Talonflame
|-heal|p1a: Talonflame|359\/359 par
|move|p2a: Rotom-Wash|Volt Switch|p1a: Talonflame
|-crit|p1a: Talonflame
|-damage|p1a: Talonflame|208\/359 par
|
|switch|p2a: Slowbro|Slowbro, F|394\/394 brn
|-damage|p2a: Slowbro|345\/394 brn|[from] Stealth Rock
|
|-heal|p2a: Slowbro|369\/394 brn|[from] item: Leftovers
|-heal|p1a: Talonflame|230\/359 par|[from] item: Leftovers
|-damage|p2a: Slowbro|320\/394 brn|[from] brn
|turn|46
|
|switch|p2a: Scizor|Scizor, F|344\/344
|-damage|p2a: Scizor|301\/344|[from] Stealth Rock
|switch|p1a: Clefable|Clefable, F|394\/394 brn
|
|-heal|p2a: Scizor|322\/344|[from] item: Leftovers
|turn|47
|
|switch|p1a: Skarmory|Skarmory, F|298\/333
|-damage|p1a: Skarmory|257\/333|[from] Stealth Rock
|move|p2a: Scizor|Defog|p1a: Skarmory
|-unboost|p1a: Skarmory|evasion|1
|-sideend|p1: SlurpuffIzFood|Stealth Rock|[from] move: Defog|[of] p1a: Skarmory
|-sideend|p2: spec n|Stealth Rock|[from] move: Defog|[of] p2a: Scizor
|
|-heal|p2a: Scizor|343\/344|[from] item: Leftovers
|turn|48
|
|switch|p2a: Rotom-Wash|Rotom-Wash|58\/298
|move|p1a: Skarmory|Stealth Rock|p2a: Rotom-Wash
|-sidestart|p2: spec n|move: Stealth Rock
|
|turn|49
|
|switch|p1a: Talonflame|Talonflame, M|230\/359 par
|move|p2a: Rotom-Wash|Trick|p1a: Talonflame
|-activate|p2a: Rotom-Wash|move: Trick|[of] p1a: Talonflame
|-item|p1a: Talonflame|Choice Scarf|[from] move: Trick
|-item|p2a: Rotom-Wash|Leftovers|[from] move: Trick
|
|-heal|p2a: Rotom-Wash|76\/298|[from] item: Leftovers
|turn|50
|
|move|p2a: Rotom-Wash|Volt Switch|p1a: Talonflame
|-supereffective|p1a: Talonflame
|-damage|p1a: Talonflame|32\/359 par
|
|switch|p2a: Heatran|Heatran, M|386\/386
|-damage|p2a: Heatran|338\/386|[from] Stealth Rock
|move|p1a: Talonflame|Will-O-Wisp|p2a: Heatran
|-start|p2a: Heatran|ability: Flash Fire
|
|-heal|p2a: Heatran|362\/386|[from] item: Leftovers
|turn|51
|
|move|p2a: Heatran|Stealth Rock|p1a: Talonflame
|-sidestart|p1: SlurpuffIzFood|move: Stealth Rock
|cant|p1a: Talonflame|par
|
|-heal|p2a: Heatran|386\/386|[from] item: Leftovers
|turn|52
|
|move|p2a: Heatran|Lava Plume|p1a: Talonflame
|-resisted|p1a: Talonflame
|-damage|p1a: Talonflame|0 fnt
|faint|p1a: Talonflame
|
|
|switch|p1a: Breloom|Breloom, M|99\/261
|-damage|p1a: Breloom|83\/261|[from] Stealth Rock
|turn|53
|
|switch|p2a: Rotom-Wash|Rotom-Wash|76\/298
|-damage|p2a: Rotom-Wash|39\/298|[from] Stealth Rock
|move|p1a: Breloom|Spore|p2a: Rotom-Wash
|-status|p2a: Rotom-Wash|slp
|
|-heal|p2a: Rotom-Wash|57\/298 slp|[from] item: Leftovers
|turn|54
|
|switch|p2a: Scizor|Scizor, F|343\/344
|-damage|p2a: Scizor|300\/344|[from] Stealth Rock
|move|p1a: Breloom|Mach Punch|p2a: Scizor
|-damage|p2a: Scizor|152\/344
|-damage|p1a: Breloom|57\/261|[from] item: Life Orb
|
|-heal|p2a: Scizor|173\/344|[from] item: Leftovers
|turn|55
|
|move|p1a: Breloom|Mach Punch|p2a: Scizor
|-crit|p2a: Scizor
|-damage|p2a: Scizor|0 fnt
|-damage|p1a: Breloom|31\/261|[from] item: Life Orb
|faint|p2a: Scizor
|
|
|switch|p2a: Gardevoir|Gardevoir-Mega, M|211\/277
|-damage|p2a: Gardevoir|177\/277|[from] Stealth Rock
|turn|56
|
|move|p1a: Breloom|Mach Punch|p2a: Gardevoir
|-resisted|p2a: Gardevoir
|-damage|p2a: Gardevoir|132\/277
|-damage|p1a: Breloom|5\/261|[from] item: Life Orb
|move|p2a: Gardevoir|Hyper Voice|p1a: Breloom
|-supereffective|p1a: Breloom
|-damage|p1a: Breloom|0 fnt
|faint|p1a: Breloom
|
|
|switch|p1a: Skarmory|Skarmory, F|257\/333
|-damage|p1a: Skarmory|216\/333|[from] Stealth Rock
|turn|57
|
|switch|p2a: Heatran|Heatran, M|386\/386
|-damage|p2a: Heatran|338\/386|[from] Stealth Rock
|move|p1a: Skarmory|Roost|p1a: Skarmory
|-heal|p1a: Skarmory|333\/333
|
|-heal|p2a: Heatran|362\/386|[from] item: Leftovers
|turn|58
|
|move|p2a: Heatran|Lava Plume|p1a: Skarmory
|-supereffective|p1a: Skarmory
|-activate|p1a: Skarmory|Sturdy
|-damage|p1a: Skarmory|1\/333
|-status|p1a: Skarmory|brn
|move|p1a: Skarmory|Stealth Rock|p2a: Heatran
|-fail|p2a: Heatran
|
|-heal|p2a: Heatran|386\/386|[from] item: Leftovers
|-damage|p1a: Skarmory|0 fnt|[from] brn
|faint|p1a: Skarmory
|
|switch|p1a: Clefable|Clefable, F|394\/394 brn
|turn|59
|
|switch|p2a: Gardevoir|Gardevoir-Mega, M|132\/277
|-damage|p2a: Gardevoir|98\/277|[from] Stealth Rock
|move|p1a: Clefable|Calm Mind|p1a: Clefable
|-boost|p1a: Clefable|spa|1
|-boost|p1a: Clefable|spd|1
|
|turn|60
|
|move|p2a: Gardevoir|Hyper Voice|p1a: Clefable
|-damage|p1a: Clefable|225\/394 brn
|move|p1a: Clefable|Moonblast|p2a: Gardevoir
|-damage|p2a: Gardevoir|0 fnt
|faint|p2a: Gardevoir
|
|-heal|p1a: Clefable|249\/394 brn|[from] item: Leftovers
|
|switch|p2a: Heatran|Heatran, M|386\/386
|-damage|p2a: Heatran|338\/386|[from] Stealth Rock
|turn|61
|
|move|p2a: Heatran|Lava Plume|p1a: Clefable
|-damage|p1a: Clefable|153\/394 brn
|move|p1a: Clefable|Soft-Boiled|p1a: Clefable
|-heal|p1a: Clefable|350\/394 brn
|
|-heal|p2a: Heatran|362\/386|[from] item: Leftovers
|-heal|p1a: Clefable|374\/394 brn|[from] item: Leftovers
|turn|62
|
|move|p2a: Heatran|Lava Plume|p1a: Clefable
|-damage|p1a: Clefable|271\/394 brn
|move|p1a: Clefable|Calm Mind|p1a: Clefable
|-boost|p1a: Clefable|spa|1
|-boost|p1a: Clefable|spd|1
|
|-heal|p2a: Heatran|386\/386|[from] item: Leftovers
|-heal|p1a: Clefable|295\/394 brn|[from] item: Leftovers
|turn|63
|
|move|p2a: Heatran|Protect|p2a: Heatran
|-singleturn|p2a: Heatran|Protect
|move|p1a: Clefable|Calm Mind|p1a: Clefable
|-boost|p1a: Clefable|spa|1
|-boost|p1a: Clefable|spd|1
|
|-heal|p1a: Clefable|319\/394 brn|[from] item: Leftovers
|turn|64
|
|move|p2a: Heatran|Toxic|p1a: Clefable
|-fail|p1a: Clefable
|move|p1a: Clefable|Calm Mind|p1a: Clefable
|-boost|p1a: Clefable|spa|1
|-boost|p1a: Clefable|spd|1
|
|-heal|p1a: Clefable|343\/394 brn|[from] item: Leftovers
|turn|65
|
|move|p2a: Heatran|Stealth Rock|p1a: Clefable
|-fail|p1a: Clefable
|move|p1a: Clefable|Calm Mind|p1a: Clefable
|-boost|p1a: Clefable|spa|1
|-boost|p1a: Clefable|spd|1
|
|-heal|p1a: Clefable|367\/394 brn|[from] item: Leftovers
|turn|66
|c|★spec n|i probably will win in 70 turns since i have more pp
|
|move|p2a: Heatran|Protect|p2a: Heatran
|-singleturn|p2a: Heatran|Protect
|move|p1a: Clefable|Calm Mind|p1a: Clefable
|-boost|p1a: Clefable|spa|1
|-boost|p1a: Clefable|spd|1
|
|-heal|p1a: Clefable|391\/394 brn|[from] item: Leftovers
|turn|67
|c|★spec n|can cut this?
|
|move|p2a: Heatran|Protect|p2a: Heatran
|-singleturn|p2a: Heatran|Protect
|move|p1a: Clefable|Stored Power|p2a: Heatran
|-activate|p2a: Heatran|Protect
|
|-heal|p1a: Clefable|394\/394 brn|[from] item: Leftovers
|turn|68
|
|move|p2a: Heatran|Lava Plume|p1a: Clefable
|-damage|p1a: Clefable|360\/394 brn
|move|p1a: Clefable|Stored Power|p2a: Heatran
|-resisted|p2a: Heatran
|-damage|p2a: Heatran|107\/386
|
|-heal|p2a: Heatran|131\/386|[from] item: Leftovers
|-heal|p1a: Clefable|384\/394 brn|[from] item: Leftovers
|turn|69
|c|★SlurpuffIzFood|yea
|c|★SlurpuffIzFood|we should cut this
|c|★spec n|oh no flame thrower
|c|★spec n|what a shitty set
|-message|spec n forfeited.
|
|win|SlurpuffIzFood
|raw|Ladder updating...
|leave|spec n
|player|p2
|raw|SlurpuffIzFood's rating: 1466 &rarr; <strong>1486<\/strong><br \/>(+20 for winning)
|raw|spec n's rating: 1458 &rarr; <strong>1438<\/strong><br \/>(-20 for losing)