|join|spec n
|join|Seakeal
|player|p1|spec n|140
|player|p2|Seakeal|94
|gametype|singles
|gen|6
|tier|OU
|rated
|clearpoke
|poke|p1|Talonflame, M
|poke|p1|Clefable, F
|poke|p1|Rotom-Wash
|poke|p1|Heatran, M
|poke|p1|Scizor, M
|poke|p1|Medicham, F
|poke|p2|Skarmory, M, shiny
|poke|p2|Chansey, F, shiny
|poke|p2|Scizor, M, shiny
|poke|p2|Medicham, F, shiny
|poke|p2|Gliscor, M, shiny
|poke|p2|Rotom-Wash
|rule|Swagger Clause: Swagger is banned
|rule|Baton Pass Clause: Limit one Pokémon knowing Baton Pass
|rule|Sleep Clause Mod: Limit one foe put to sleep
|rule|Species Clause: Limit one of each Pokémon
|rule|OHKO Clause: OHKO moves are banned
|rule|Moody Clause: Moody is banned
|rule|Evasion Moves Clause: Evasion moves are banned
|rule|Endless Battle Clause: Forcing endless battles is banned
|rule|HP Percentage Mod: HP is shown in percentages
|teampreview
|
|start
|switch|p1a: Rotom-Wash|Rotom-Wash|304\/304
|switch|p2a: Green 2|Chansey, F, shiny|641\/641
|turn|1
|
|move|p1a: Rotom-Wash|Trick|p2a: Green 2
|-activate|p1a: Rotom-Wash|move: Trick|[of] p2a: Green 2
|-item|p2a: Green 2|Choice Scarf|[from] move: Trick
|-item|p1a: Rotom-Wash|Eviolite|[from] move: Trick
|move|p2a: Green 2|Thunder Wave|p1a: Rotom-Wash
|-fail|p1a: Rotom-Wash
|
|turn|2
|c|★Seakeal|I am fucking retarded
|c|★spec n|indeed
|
|move|p1a: Rotom-Wash|Will-O-Wisp|p2a: Green 2
|-status|p2a: Green 2|brn
|move|p2a: Green 2|Thunder Wave|p1a: Rotom-Wash
|-fail|p1a: Rotom-Wash
|
|-damage|p2a: Green 2|561\/641 brn|[from] brn
|turn|3
|
|move|p1a: Rotom-Wash|Will-O-Wisp|p2a: Green 2
|-fail|p2a: Green 2|brn
|move|p2a: Green 2|Thunder Wave|p1a: Rotom-Wash
|-fail|p1a: Rotom-Wash
|
|-damage|p2a: Green 2|481\/641 brn|[from] brn
|turn|4
|c|★Seakeal|get prdictd
|c|★spec n|i can wait
|
|move|p1a: Rotom-Wash|Will-O-Wisp|p2a: Green 2
|-fail|p2a: Green 2|brn
|move|p2a: Green 2|Thunder Wave|p1a: Rotom-Wash
|-fail|p1a: Rotom-Wash
|
|-damage|p2a: Green 2|401\/641 brn|[from] brn
|turn|5
|c|★Seakeal|lets go
|join|Where is my Phone?
|
|move|p1a: Rotom-Wash|Will-O-Wisp|p2a: Green 2
|-fail|p2a: Green 2|brn
|move|p2a: Green 2|Thunder Wave|p1a: Rotom-Wash
|-fail|p1a: Rotom-Wash
|
|-damage|p2a: Green 2|321\/641 brn|[from] brn
|turn|6
|
|move|p1a: Rotom-Wash|Will-O-Wisp|p2a: Green 2
|-fail|p2a: Green 2|brn
|move|p2a: Green 2|Thunder Wave|p1a: Rotom-Wash
|-fail|p1a: Rotom-Wash
|
|-damage|p2a: Green 2|241\/641 brn|[from] brn
|turn|7
|c|★Seakeal|omg fine
|
|move|p1a: Rotom-Wash|Will-O-Wisp|p2a: Green 2
|-fail|p2a: Green 2|brn
|move|p2a: Green 2|Thunder Wave|p1a: Rotom-Wash
|-fail|p1a: Rotom-Wash
|
|-damage|p2a: Green 2|161\/641 brn|[from] brn
|turn|8
|c|★spec n|i'm laughing so hard ahahah
|
|move|p1a: Rotom-Wash|Will-O-Wisp|p2a: Green 2
|-fail|p2a: Green 2|brn
|move|p2a: Green 2|Thunder Wave|p1a: Rotom-Wash
|-fail|p1a: Rotom-Wash
|
|-damage|p2a: Green 2|81\/641 brn|[from] brn
|turn|9
|c|★Seakeal|I mean
|c|★Seakeal|I dont want to switch anything in xD
|
|move|p1a: Rotom-Wash|Will-O-Wisp|p2a: Green 2
|-fail|p2a: Green 2|brn
|move|p2a: Green 2|Thunder Wave|p1a: Rotom-Wash
|-fail|p1a: Rotom-Wash
|
|-damage|p2a: Green 2|1\/641 brn|[from] brn
|turn|10
|c|★Seakeal|this is mlg right here
|
|move|p1a: Rotom-Wash|Volt Switch|p2a: Green 2
|-damage|p2a: Green 2|0 fnt
|faint|p2a: Green 2
|
|switch|p1a: Heatran|Heatran, M|386\/386
|
|c|★Seakeal|originally I was predicting a double trick to give something else an eviolite
|
|switch|p2a: Blue 1|Gliscor, M, shiny|354\/354
|turn|11
|
|switch|p1a: Rotom-Wash|Rotom-Wash|304\/304
|move|p2a: Blue 1|Earthquake|p1a: Rotom-Wash
|-immune|p1a: Rotom-Wash|[msg]
|
|-status|p2a: Blue 1|tox|[from] item: Toxic Orb
|turn|12
|
|switch|p2a: Vacuum|Rotom-Wash|304\/304
|move|p1a: Rotom-Wash|Hydro Pump|p2a: Vacuum
|-resisted|p2a: Vacuum
|-damage|p2a: Vacuum|248\/304
|
|-heal|p2a: Vacuum|267\/304|[from] item: Leftovers
|turn|13
|
|move|p2a: Vacuum|Thunder Wave|p1a: Rotom-Wash
|-fail|p1a: Rotom-Wash
|move|p1a: Rotom-Wash|Volt Switch|p2a: Vacuum
|-damage|p2a: Vacuum|201\/304
|c|★Seakeal|wait shit
|
|switch|p1a: Medicham|Medicham, F|261\/261
|
|-heal|p2a: Vacuum|220\/304|[from] item: Leftovers
|turn|14
|
|detailschange|p1a: Medicham|Medicham-Mega, F
|message|Medicham has Mega Evolved into Mega Medicham!
|move|p1a: Medicham|Fake Out|p2a: Vacuum
|-damage|p2a: Vacuum|146\/304
|cant|p2a: Vacuum|flinch
|
|-heal|p2a: Vacuum|165\/304|[from] item: Leftovers
|turn|15
|
|move|p1a: Medicham|High Jump Kick|p2a: Vacuum
|-damage|p2a: Vacuum|0 fnt
|faint|p2a: Vacuum
|
|
|switch|p2a: Green 1|Skarmory, M, shiny|334\/334
|turn|16
|
|switch|p1a: Rotom-Wash|Rotom-Wash|304\/304
|move|p2a: Green 1|Stealth Rock|p1a: Rotom-Wash
|-sidestart|p1: spec n|move: Stealth Rock
|
|turn|17
|
|move|p1a: Rotom-Wash|Hydro Pump|p2a: Green 1
|-crit|p2a: Green 1
|-damage|p2a: Green 1|42\/334
|move|p2a: Green 1|Whirlwind|p1a: Rotom-Wash
|drag|p1a: Clefable|Clefable, F|394\/394
|
|-heal|p2a: Green 1|62\/334|[from] item: Leftovers
|turn|18
|c|★Seakeal|wow
|
|move|p2a: Green 1|Roost|p2a: Green 1
|-heal|p2a: Green 1|229\/334
|move|p1a: Clefable|Flamethrower|p2a: Green 1
|-supereffective|p2a: Green 1
|-damage|p2a: Green 1|33\/334
|-status|p2a: Green 1|brn
|
|-heal|p2a: Green 1|53\/334 brn|[from] item: Leftovers
|-damage|p2a: Green 1|12\/334 brn|[from] brn
|turn|19
|c|★Seakeal|WOW
|
|move|p2a: Green 1|Brave Bird|p1a: Clefable
|-damage|p1a: Clefable|349\/394
|-damage|p2a: Green 1|0 fnt|[from] recoil|[of] p1a: Clefable
|faint|p2a: Green 1
|move|p1a: Clefable|Moonblast|p2: Green 1|[notarget]
|-notarget
|
|-heal|p1a: Clefable|373\/394|[from] item: Leftovers
|
|switch|p2a: Green 3|Scizor, M, shiny|343\/343
|turn|20
|
|switch|p1a: Heatran|Heatran, M|386\/386
|-damage|p1a: Heatran|338\/386|[from] Stealth Rock
|detailschange|p2a: Green 3|Scizor-Mega, M, shiny
|message|Scizor has Mega Evolved into Mega Scizor!
|move|p2a: Green 3|Swords Dance|p2a: Green 3
|-boost|p2a: Green 3|atk|2
|
|-heal|p1a: Heatran|362\/386|[from] item: Leftovers
|turn|21
|
|move|p2a: Green 3|Knock Off|p1a: Heatran
|-damage|p1a: Heatran|172\/386
|-enditem|p1a: Heatran|Leftovers|[from] move: Knock Off|[of] p2a: Green 3
|move|p1a: Heatran|Lava Plume|p2a: Green 3
|-supereffective|p2a: Green 3
|-damage|p2a: Green 3|0 fnt
|faint|p2a: Green 3
|
|
|switch|p2a: Blue 1|Gliscor, M, shiny|354\/354 tox
|turn|22
|
|switch|p1a: Rotom-Wash|Rotom-Wash|304\/304
|-damage|p1a: Rotom-Wash|266\/304|[from] Stealth Rock
|move|p2a: Blue 1|Acrobatics|p1a: Rotom-Wash
|-resisted|p1a: Rotom-Wash
|-damage|p1a: Rotom-Wash|242\/304
|
|turn|23
|join|zamakala
|c|★Seakeal|get predicted
|
|move|p2a: Blue 1|Toxic|p1a: Rotom-Wash|[miss]
|-miss|p2a: Blue 1|p1a: Rotom-Wash
|move|p1a: Rotom-Wash|Hydro Pump|p2a: Blue 1
|-supereffective|p2a: Blue 1
|-damage|p2a: Blue 1|0 fnt
|faint|p2a: Blue 1
|
|c|★Seakeal|I
|c|★Seakeal|swear
|
|switch|p2a: Blue 2|Medicham, F, shiny|262\/262
|turn|24
|
|move|p2a: Blue 2|Bullet Punch|p1a: Rotom-Wash
|-resisted|p1a: Rotom-Wash
|-damage|p1a: Rotom-Wash|228\/304
|move|p1a: Rotom-Wash|Will-O-Wisp|p2a: Blue 2
|-status|p2a: Blue 2|brn
|
|-damage|p2a: Blue 2|230\/262 brn|[from] brn
|turn|25
|c|★Seakeal|this again?
|c|★spec n|geee geee
|c|★Seakeal|gg
|
|move|p2a: Blue 2|Bullet Punch|p1a: Rotom-Wash
|-resisted|p1a: Rotom-Wash
|-damage|p1a: Rotom-Wash|221\/304
|move|p1a: Rotom-Wash|Hydro Pump|p2a: Blue 2
|-damage|p2a: Blue 2|35\/262 brn
|
|-damage|p2a: Blue 2|3\/262 brn|[from] brn
|turn|26
|c|★Seakeal|holy fuck that was bad on my part
|join|il plumplone
|
|move|p2a: Blue 2|Bullet Punch|p1a: Rotom-Wash
|-resisted|p1a: Rotom-Wash
|-damage|p1a: Rotom-Wash|214\/304
|move|p1a: Rotom-Wash|Volt Switch|p2a: Blue 2
|-damage|p2a: Blue 2|0 fnt
|faint|p2a: Blue 2
|
|win|spec n
|raw|Ladder updating...
|c|★spec n|yup
|raw|spec n's rating: 1142 &rarr; <strong>1166<\/strong><br \/>(+24 for winning)
|raw|Seakeal's rating: 1127 &rarr; <strong>1103<\/strong><br \/>(-24 for losing)
|c|★Seakeal|STOP JOINING
|c|★spec n|XD
|c|★Seakeal|dont see me like this
|leave|Where is my Phone?