|join|fuck christmas
|join|Th3Ender
|player|p1|fuck christmas|281
|player|p2|Th3Ender|95
|gametype|singles
|gen|6
|tier|OU
|clearpoke
|poke|p1|Gardevoir, M
|poke|p1|Victini
|poke|p1|Rotom-Wash
|poke|p1|Landorus-Therian, M
|poke|p1|Skarmory, M
|poke|p1|Tyranitar, M
|poke|p2|Raikou
|poke|p2|Starmie
|poke|p2|Ferrothorn, F
|poke|p2|Talonflame, M
|poke|p2|Landorus-Therian, M
|poke|p2|Gardevoir, M
|rule|Swagger Clause: Swagger is banned
|rule|Baton Pass Clause: Limit one Pokémon knowing Baton Pass
|rule|Sleep Clause Mod: Limit one foe put to sleep
|rule|Species Clause: Limit one of each Pokémon
|rule|OHKO Clause: OHKO moves are banned
|rule|Moody Clause: Moody is banned
|rule|Evasion Moves Clause: Evasion moves are banned
|rule|Endless Battle Clause: Forcing endless battles is banned
|rule|HP Percentage Mod: HP is shown in percentages
|teampreview
|c|★Th3Ender|gl hf
|join|Blake_miranda2
|c|★fuck christmas|fuckin
|join|bforrester16
|c|★fuck christmas|I hate battling you
|c|★fuck christmas|.cry
|join|fimbu1vetr
|c|★fuck christmas|you too tho
|c|★fuck christmas|:]
|c|★Th3Ender|n_N
|join|Demandred
|
|start
|switch|p1a: Gardevoir|Gardevoir, M|340\/340
|switch|p2a: Landorus-Therian|Landorus-Therian, M|364\/364
|-ability|p2a: Landorus-Therian|Intimidate|[of] p1a: Gardevoir
|-unboost|p1a: Gardevoir|atk|1
|-ability|p1a: Gardevoir|Intimidate|[from] ability: Trace|[of] p2a: Landorus-Therian
|-ability|p1a: Gardevoir|Intimidate|[of] p2a: Landorus-Therian
|-unboost|p2a: Landorus-Therian|atk|1
|turn|1
|join|Frickett
|
|switch|p2a: Ferrothorn|Ferrothorn, F|352\/352
|detailschange|p1a: Gardevoir|Gardevoir-Mega, M
|message|Gardevoir has Mega Evolved into Mega Gardevoir!
|move|p1a: Gardevoir|Hyper Voice|p2a: Ferrothorn
|-resisted|p2a: Ferrothorn
|-damage|p2a: Ferrothorn|256\/352
|
|-heal|p2a: Ferrothorn|278\/352|[from] item: Leftovers
|turn|2
|join|jerangman
|
|switch|p1a: Victini|Victini|341\/341
|move|p2a: Ferrothorn|Gyro Ball|p1a: Victini
|-resisted|p1a: Victini
|-damage|p1a: Victini|259\/341
|
|-heal|p2a: Ferrothorn|300\/352|[from] item: Leftovers
|turn|3
|join|Blittz
|
|switch|p2a: Landorus-Therian|Landorus-Therian, M|364\/364
|-ability|p2a: Landorus-Therian|Intimidate|[of] p1a: Victini
|-unboost|p1a: Victini|atk|1
|move|p1a: Victini|V-create|p2a: Landorus-Therian
|-damage|p2a: Landorus-Therian|165\/364
|-unboost|p1a: Victini|def|1
|-unboost|p1a: Victini|spd|1
|-unboost|p1a: Victini|spe|1
|
|-heal|p2a: Landorus-Therian|187\/364|[from] item: Leftovers
|turn|4
|join|Alldaalts
|
|switch|p1a: Skarmory|Skarmory, M|334\/334
|move|p2a: Landorus-Therian|Stealth Rock|p1a: Skarmory
|-sidestart|p1: fuck christmas|move: Stealth Rock
|
|-heal|p2a: Landorus-Therian|209\/364|[from] item: Leftovers
|turn|5
|
|move|p2a: Landorus-Therian|Rock Slide|p1a: Skarmory
|-damage|p1a: Skarmory|287\/334
|move|p1a: Skarmory|Defog|p2a: Landorus-Therian
|-unboost|p2a: Landorus-Therian|evasion|1
|-sideend|p1: fuck christmas|Stealth Rock|[from] move: Defog|[of] p1a: Skarmory
|
|-heal|p2a: Landorus-Therian|231\/364|[from] item: Leftovers
|turn|6
|
|move|p2a: Landorus-Therian|Stealth Rock|p1a: Skarmory
|-sidestart|p1: fuck christmas|move: Stealth Rock
|move|p1a: Skarmory|Spikes|p2a: Landorus-Therian
|-sidestart|p2: Th3Ender|Spikes
|
|-heal|p2a: Landorus-Therian|253\/364|[from] item: Leftovers
|turn|7
|
|switch|p2a: Raikou|Raikou|329\/329
|-damage|p2a: Raikou|288\/329|[from] Spikes
|-ability|p2a: Raikou|Pressure
|move|p1a: Skarmory|Spikes|p2a: Raikou
|-sidestart|p2: Th3Ender|Spikes
|
|turn|8
|
|switch|p1a: Tyranitar|Tyranitar, M|341\/341
|-damage|p1a: Tyranitar|299\/341|[from] Stealth Rock
|-weather|Sandstorm
|move|p2a: Raikou|Hidden Power|p1a: Tyranitar
|-damage|p1a: Tyranitar|248\/341
|
|-weather|Sandstorm|[upkeep]
|-damage|p2a: Raikou|268\/329|[from] sandstorm
|turn|9
|join|uCan'tSeeMe
|
|move|p1a: Tyranitar|Pursuit|p2a: Raikou|[from]Pursuit
|-damage|p2a: Raikou|66\/329
|switch|p2a: Landorus-Therian|Landorus-Therian, M|253\/364
|-ability|p2a: Landorus-Therian|Intimidate|[of] p1a: Tyranitar
|-unboost|p1a: Tyranitar|atk|1
|
|-weather|Sandstorm|[upkeep]
|-heal|p2a: Landorus-Therian|275\/364|[from] item: Leftovers
|turn|10
|
|switch|p1a: Skarmory|Skarmory, M|287\/334
|-damage|p1a: Skarmory|246\/334|[from] Stealth Rock
|move|p2a: Landorus-Therian|U-turn|p1a: Skarmory
|-resisted|p1a: Skarmory
|-damage|p1a: Skarmory|236\/334
|-damage|p2a: Landorus-Therian|215\/364|[from] item: Rocky Helmet|[of] p1a: Skarmory
|join|BarS123
|
|switch|p2a: Starmie|Starmie|323\/323
|-damage|p2a: Starmie|270\/323|[from] Spikes
|
|-weather|Sandstorm|[upkeep]
|-damage|p2a: Starmie|250\/323|[from] sandstorm
|-heal|p2a: Starmie|270\/323|[from] item: Leftovers
|turn|11
|leave|BarS123
|
|switch|p1a: Rotom-Wash|Rotom-Wash|304\/304
|-damage|p1a: Rotom-Wash|266\/304|[from] Stealth Rock
|move|p2a: Starmie|Scald|p1a: Rotom-Wash
|-resisted|p1a: Rotom-Wash
|-damage|p1a: Rotom-Wash|236\/304
|
|-weather|Sandstorm|[upkeep]
|-damage|p2a: Starmie|250\/323|[from] sandstorm
|-damage|p1a: Rotom-Wash|217\/304|[from] sandstorm
|-heal|p2a: Starmie|270\/323|[from] item: Leftovers
|-heal|p1a: Rotom-Wash|236\/304|[from] item: Leftovers
|turn|12
|
|move|p2a: Starmie|Rapid Spin|p1a: Rotom-Wash
|-damage|p1a: Rotom-Wash|227\/304
|-sideend|p2: Th3Ender|Spikes|[from] move: Rapid Spin|[of] p2a: Starmie
|move|p1a: Rotom-Wash|Volt Switch|p2a: Starmie
|-supereffective|p2a: Starmie
|-damage|p2a: Starmie|76\/323
|
|switch|p1a: Tyranitar|Tyranitar, M|248\/341
|-damage|p1a: Tyranitar|206\/341|[from] Stealth Rock
|
|-weather|none
|-heal|p2a: Starmie|96\/323|[from] item: Leftovers
|turn|13
|
|move|p1a: Tyranitar|Pursuit|p2a: Starmie
|-supereffective|p2a: Starmie
|-damage|p2a: Starmie|0 fnt
|faint|p2a: Starmie
|
|
|switch|p2a: Gardevoir|Gardevoir, M|277\/277
|-ability|p2a: Gardevoir|Sand Stream|[from] ability: Trace|[of] p1a: Tyranitar
|-weather|Sandstorm
|turn|14
|join|redevil360
|leave|redevil360
|
|switch|p1a: Skarmory|Skarmory, M|236\/334
|-damage|p1a: Skarmory|195\/334|[from] Stealth Rock
|detailschange|p2a: Gardevoir|Gardevoir-Mega, M
|message|Gardevoir has Mega Evolved into Mega Gardevoir!
|move|p2a: Gardevoir|Hyper Voice|p1a: Skarmory
|-crit|p1a: Skarmory
|-resisted|p1a: Skarmory
|-damage|p1a: Skarmory|0 fnt
|faint|p1a: Skarmory
|
|-weather|Sandstorm|[upkeep]
|-damage|p2a: Gardevoir|260\/277|[from] sandstorm
|join|tttest
|
|switch|p1a: Victini|Victini|259\/341
|-damage|p1a: Victini|174\/341|[from] Stealth Rock
|turn|15
|
|switch|p2a: Landorus-Therian|Landorus-Therian, M|215\/364
|-ability|p2a: Landorus-Therian|Intimidate|[of] p1a: Victini
|-unboost|p1a: Victini|atk|1
|move|p1a: Victini|V-create|p2a: Landorus-Therian
|-damage|p2a: Landorus-Therian|0 fnt
|-unboost|p1a: Victini|def|1
|-unboost|p1a: Victini|spd|1
|-unboost|p1a: Victini|spe|1
|faint|p2a: Landorus-Therian
|
|-weather|Sandstorm|[upkeep]
|-damage|p1a: Victini|153\/341|[from] sandstorm
|leave|jerangman
|
|switch|p2a: Gardevoir|Gardevoir-Mega, M|260\/277
|turn|16
|leave|uCan'tSeeMe
|
|switch|p1a: Rotom-Wash|Rotom-Wash|227\/304
|-damage|p1a: Rotom-Wash|189\/304|[from] Stealth Rock
|move|p2a: Gardevoir|Hyper Voice|p1a: Rotom-Wash
|-damage|p1a: Rotom-Wash|0 fnt
|faint|p1a: Rotom-Wash
|
|-weather|Sandstorm|[upkeep]
|-damage|p2a: Gardevoir|243\/277|[from] sandstorm
|
|switch|p1a: Gardevoir|Gardevoir-Mega, M|340\/340
|-damage|p1a: Gardevoir|298\/340|[from] Stealth Rock
|turn|17
|
|switch|p2a: Talonflame|Talonflame, M|359\/359
|move|p1a: Gardevoir|Hyper Voice|p2a: Talonflame
|-resisted|p2a: Talonflame
|-damage|p2a: Talonflame|221\/359
|
|-weather|Sandstorm|[upkeep]
|-damage|p2a: Talonflame|199\/359|[from] sandstorm
|-damage|p1a: Gardevoir|277\/340|[from] sandstorm
|-heal|p2a: Talonflame|221\/359|[from] item: Leftovers
|turn|18
|
|switch|p1a: Landorus-Therian|Landorus-Therian, M|320\/320
|-damage|p1a: Landorus-Therian|280\/320|[from] Stealth Rock
|-ability|p1a: Landorus-Therian|Intimidate|[of] p2a: Talonflame
|-unboost|p2a: Talonflame|atk|1
|move|p2a: Talonflame|Roost|p2a: Talonflame
|-heal|p2a: Talonflame|359\/359
|
|-weather|none
|-heal|p1a: Landorus-Therian|300\/320|[from] item: Leftovers
|turn|19
|
|move|p1a: Landorus-Therian|Stealth Rock|p2a: Talonflame
|-sidestart|p2: Th3Ender|move: Stealth Rock
|move|p2a: Talonflame|Will-O-Wisp|p1a: Landorus-Therian
|-status|p1a: Landorus-Therian|brn
|
|-heal|p1a: Landorus-Therian|320\/320 brn|[from] item: Leftovers
|-damage|p1a: Landorus-Therian|280\/320 brn|[from] brn
|turn|20
|
|switch|p2a: Ferrothorn|Ferrothorn, F|300\/352
|-damage|p2a: Ferrothorn|278\/352|[from] Stealth Rock
|move|p1a: Landorus-Therian|U-turn|p2a: Ferrothorn
|-damage|p2a: Ferrothorn|247\/352
|-damage|p1a: Landorus-Therian|240\/320 brn|[from] ability: Iron Barbs|[of] p2a: Ferrothorn
|join|D12Proof
|
|switch|p1a: Gardevoir|Gardevoir-Mega, M|277\/340
|-damage|p1a: Gardevoir|235\/340|[from] Stealth Rock
|
|-heal|p2a: Ferrothorn|269\/352|[from] item: Leftovers
|turn|21
|
|move|p2a: Ferrothorn|Protect|p2a: Ferrothorn
|-singleturn|p2a: Ferrothorn|Protect
|move|p1a: Gardevoir|Healing Wish|p1a: Gardevoir
|faint|p1a: Gardevoir
|
|-heal|p2a: Ferrothorn|291\/352|[from] item: Leftovers
|
|switch|p1a: Victini|Victini|153\/341
|-heal|p1a: Victini|341\/341|[from] move: Healing Wish
|-damage|p1a: Victini|256\/341|[from] Stealth Rock
|turn|22
|
|switch|p2a: Raikou|Raikou|66\/329
|-damage|p2a: Raikou|25\/329|[from] Stealth Rock
|-ability|p2a: Raikou|Pressure
|move|p1a: Victini|V-create|p2a: Raikou
|-damage|p2a: Raikou|0 fnt
|-unboost|p1a: Victini|def|1
|-unboost|p1a: Victini|spd|1
|-unboost|p1a: Victini|spe|1
|faint|p2a: Raikou
|
|join|LT5A RotomSock
|
|switch|p2a: Talonflame|Talonflame, M|359\/359
|-damage|p2a: Talonflame|180\/359|[from] Stealth Rock
|turn|23
|
|switch|p1a: Landorus-Therian|Landorus-Therian, M|240\/320 brn
|-damage|p1a: Landorus-Therian|200\/320 brn|[from] Stealth Rock
|-ability|p1a: Landorus-Therian|Intimidate|[of] p2a: Talonflame
|-unboost|p2a: Talonflame|atk|1
|move|p2a: Talonflame|Brave Bird|p1a: Landorus-Therian
|-damage|p1a: Landorus-Therian|107\/320 brn
|-damage|p2a: Talonflame|149\/359|[from] recoil|[of] p1a: Landorus-Therian
|
|-heal|p1a: Landorus-Therian|127\/320 brn|[from] item: Leftovers
|-heal|p2a: Talonflame|171\/359|[from] item: Leftovers
|-damage|p1a: Landorus-Therian|87\/320 brn|[from] brn
|turn|24
|leave|Alldaalts
|
|move|p2a: Talonflame|Roost|p2a: Talonflame
|-heal|p2a: Talonflame|351\/359
|move|p1a: Landorus-Therian|U-turn|p2a: Talonflame
|-resisted|p2a: Talonflame
|-damage|p2a: Talonflame|320\/359
|
|switch|p1a: Tyranitar|Tyranitar, M|206\/341
|-damage|p1a: Tyranitar|164\/341|[from] Stealth Rock
|-weather|Sandstorm
|
|-weather|Sandstorm|[upkeep]
|-damage|p2a: Talonflame|298\/359|[from] sandstorm
|-heal|p2a: Talonflame|320\/359|[from] item: Leftovers
|turn|25
|
|switch|p2a: Ferrothorn|Ferrothorn, F|291\/352
|-damage|p2a: Ferrothorn|269\/352|[from] Stealth Rock
|move|p1a: Tyranitar|Stone Edge|p2a: Ferrothorn
|-resisted|p2a: Ferrothorn
|-damage|p2a: Ferrothorn|197\/352
|
|-weather|Sandstorm|[upkeep]
|-heal|p2a: Ferrothorn|219\/352|[from] item: Leftovers
|turn|26
|c|★fuck christmas|FUCK
|c|★Th3Ender|50 \/ 50
|c|★fuck christmas|I should have pursuited
|c|★fuck christmas|yea
|c|★fuck christmas|:[
|
|switch|p1a: Landorus-Therian|Landorus-Therian, M|87\/320 brn
|-damage|p1a: Landorus-Therian|47\/320 brn|[from] Stealth Rock
|-ability|p1a: Landorus-Therian|Intimidate|[of] p2a: Ferrothorn
|-unboost|p2a: Ferrothorn|atk|1
|move|p2a: Ferrothorn|Spikes|p1a: Landorus-Therian
|-sidestart|p1: fuck christmas|Spikes
|
|-weather|Sandstorm|[upkeep]
|-heal|p1a: Landorus-Therian|67\/320 brn|[from] item: Leftovers
|-heal|p2a: Ferrothorn|241\/352|[from] item: Leftovers
|-damage|p1a: Landorus-Therian|27\/320 brn|[from] brn
|turn|27
|c|★Th3Ender|ye :[
|join|odraqono
|
|move|p1a: Landorus-Therian|Earthquake|p2a: Ferrothorn
|-damage|p2a: Ferrothorn|168\/352
|move|p2a: Ferrothorn|Spikes|p1a: Landorus-Therian
|-sidestart|p1: fuck christmas|Spikes
|
|-weather|Sandstorm|[upkeep]
|-heal|p1a: Landorus-Therian|47\/320 brn|[from] item: Leftovers
|-heal|p2a: Ferrothorn|190\/352|[from] item: Leftovers
|-damage|p1a: Landorus-Therian|7\/320 brn|[from] brn
|turn|28
|leave|Blittz
|
|move|p2a: Ferrothorn|Protect|p2a: Ferrothorn
|-singleturn|p2a: Ferrothorn|Protect
|move|p1a: Landorus-Therian|Earthquake|p2a: Ferrothorn
|-activate|p2a: Ferrothorn|Protect
|
|-weather|none
|-heal|p1a: Landorus-Therian|27\/320 brn|[from] item: Leftovers
|-heal|p2a: Ferrothorn|212\/352|[from] item: Leftovers
|-damage|p1a: Landorus-Therian|0 fnt|[from] brn
|faint|p1a: Landorus-Therian
|
|switch|p1a: Victini|Victini|256\/341
|-damage|p1a: Victini|200\/341|[from] Spikes
|-damage|p1a: Victini|115\/341|[from] Stealth Rock
|turn|29
|c|★fuck christmas|gg
|c|★fuck christmas|choked so hard
|c|★fuck christmas|,,,
|join|ProudCloud
|leave|bforrester16
|join|Faerie Imperatrix
|
|switch|p2a: Talonflame|Talonflame, M|320\/359
|-damage|p2a: Talonflame|141\/359|[from] Stealth Rock
|move|p1a: Victini|V-create|p2a: Talonflame
|-resisted|p2a: Talonflame
|-damage|p2a: Talonflame|0 fnt
|-unboost|p1a: Victini|def|1
|-unboost|p1a: Victini|spd|1
|-unboost|p1a: Victini|spe|1
|faint|p2a: Talonflame
|
|join|Cocaine 80's
|join|Leftiez
|
|switch|p2a: Gardevoir|Gardevoir-Mega, M|243\/277
|-damage|p2a: Gardevoir|209\/277|[from] Stealth Rock
|turn|30
|leave|D12Proof
|join|Wolf Turds
|
|move|p2a: Gardevoir|Hyper Voice|p1a: Victini
|-resisted|p1a: Victini
|-damage|p1a: Victini|0 fnt
|faint|p1a: Victini
|
|join|Lethargic_Breloom
|
|switch|p1a: Tyranitar|Tyranitar, M|164\/341
|-damage|p1a: Tyranitar|108\/341|[from] Spikes
|-damage|p1a: Tyranitar|66\/341|[from] Stealth Rock
|-weather|Sandstorm
|turn|31
|join|Draco Imperator
|
|move|p1a: Tyranitar|Crunch|p2a: Gardevoir
|-damage|p2a: Gardevoir|14\/277
|move|p2a: Gardevoir|Hyper Voice|p1a: Tyranitar
|-supereffective|p1a: Tyranitar
|-damage|p1a: Tyranitar|0 fnt
|faint|p1a: Tyranitar
|
|win|Th3Ender
|leave|fuck christmas
|player|p1
|c|★Th3Ender|gg
|leave|Th3Ender
|player|p2
|leave|odraqono
|leave|Lethargic_Breloom
|leave|Cocaine 80's