|join|Dayanne
|join|PeinHero
|player|p1|Dayanne|37
|player|p2|PeinHero|209
|gametype|singles
|gen|6
|tier|OU
|rated
|clearpoke
|poke|p1|Chansey, F
|poke|p1|Zapdos
|poke|p1|Scizor, F
|poke|p1|Clefable, F
|poke|p1|Gliscor, M
|poke|p1|Slowbro, M
|poke|p2|Gallade, M
|poke|p2|Scizor, M
|poke|p2|Rotom-Wash
|poke|p2|Zapdos
|poke|p2|Landorus-Therian, M
|poke|p2|Sylveon, M
|rule|Swagger Clause: Swagger is banned
|rule|Baton Pass Clause: Limit one Pokémon knowing Baton Pass
|rule|Sleep Clause Mod: Limit one foe put to sleep
|rule|Species Clause: Limit one of each Pokémon
|rule|OHKO Clause: OHKO moves are banned
|rule|Moody Clause: Moody is banned
|rule|Evasion Moves Clause: Evasion moves are banned
|rule|Endless Battle Clause: Forcing endless battles is banned
|rule|HP Percentage Mod: HP is shown in percentages
|teampreview
|
|start
|switch|p1a: Slowbro|Slowbro, M|394\/394
|switch|p2a: Landorus-Therian|Landorus-Therian, M|382\/382
|-ability|p2a: Landorus-Therian|Intimidate|[of] p1a: Slowbro
|-unboost|p1a: Slowbro|atk|1
|turn|1
|
|move|p2a: Landorus-Therian|Stealth Rock|p1a: Slowbro
|-sidestart|p1: Dayanne|move: Stealth Rock
|move|p1a: Slowbro|Scald|p2a: Landorus-Therian
|-supereffective|p2a: Landorus-Therian
|-damage|p2a: Landorus-Therian|160\/382
|
|-heal|p2a: Landorus-Therian|183\/382|[from] item: Leftovers
|turn|2
|
|move|p2a: Landorus-Therian|U-turn|p1a: Slowbro
|-supereffective|p1a: Slowbro
|-damage|p1a: Slowbro|298\/394
|
|switch|p2a: Sylveon|Sylveon, M|394\/394
|move|p1a: Slowbro|Scald|p2a: Sylveon
|-damage|p2a: Sylveon|337\/394
|-status|p2a: Sylveon|brn
|
|-heal|p2a: Sylveon|361\/394 brn|[from] item: Leftovers
|-heal|p1a: Slowbro|322\/394|[from] item: Leftovers
|-damage|p2a: Sylveon|312\/394 brn|[from] brn
|turn|3
|
|switch|p2a: Scizor|Scizor, M|344\/344
|switch|p1a: Zapdos|Zapdos|384\/384
|-damage|p1a: Zapdos|288\/384|[from] Stealth Rock
|-ability|p1a: Zapdos|Pressure
|
|-heal|p1a: Zapdos|312\/384|[from] item: Leftovers
|turn|4
|
|switch|p2a: Rotom-Wash|Rotom-Wash|304\/304
|move|p1a: Zapdos|Heat Wave|p2a: Rotom-Wash
|-miss|p1a: Zapdos|p2a: Rotom-Wash
|
|-heal|p1a: Zapdos|336\/384|[from] item: Leftovers
|turn|5
|
|move|p1a: Zapdos|Defog|p2a: Rotom-Wash
|-unboost|p2a: Rotom-Wash|evasion|1
|-sideend|p1: Dayanne|Stealth Rock|[from] move: Defog|[of] p1a: Zapdos
|move|p2a: Rotom-Wash|Volt Switch|p1a: Zapdos
|-damage|p1a: Zapdos|246\/384
|
|switch|p2a: Sylveon|Sylveon, M|312\/394 brn
|
|-heal|p1a: Zapdos|270\/384|[from] item: Leftovers
|-heal|p2a: Sylveon|336\/394 brn|[from] item: Leftovers
|-damage|p2a: Sylveon|287\/394 brn|[from] brn
|turn|6
|
|move|p1a: Zapdos|Volt Switch|p2a: Sylveon
|-crit|p2a: Sylveon
|-damage|p2a: Sylveon|188\/394 brn
|
|switch|p1a: Gliscor|Gliscor, M|352\/352
|move|p2a: Sylveon|Hyper Voice|p1a: Gliscor
|-damage|p1a: Gliscor|220\/352
|
|-heal|p2a: Sylveon|212\/394 brn|[from] item: Leftovers
|-damage|p2a: Sylveon|163\/394 brn|[from] brn
|-status|p1a: Gliscor|tox|[from] item: Toxic Orb
|turn|7
|
|move|p1a: Gliscor|Taunt|p2a: Sylveon
|-start|p2a: Sylveon|move: Taunt
|cant|p2a: Sylveon|move: Taunt|Wish
|
|-heal|p2a: Sylveon|187\/394 brn|[from] item: Leftovers
|-heal|p1a: Gliscor|264\/352 tox|[from] ability: Poison Heal
|-damage|p2a: Sylveon|138\/394 brn|[from] brn
|turn|8
|
|switch|p2a: Scizor|Scizor, M|344\/344
|move|p1a: Gliscor|Knock Off|p2a: Scizor
|-damage|p2a: Scizor|270\/344
|-enditem|p2a: Scizor|Choice Band|[from] move: Knock Off|[of] p1a: Gliscor
|
|-heal|p1a: Gliscor|308\/352 tox|[from] ability: Poison Heal
|turn|9
|
|move|p1a: Gliscor|Earthquake|p2a: Scizor
|-damage|p2a: Scizor|147\/344
|move|p2a: Scizor|U-turn|p1a: Gliscor
|-resisted|p1a: Gliscor
|-damage|p1a: Gliscor|246\/352 tox
|
|switch|p2a: Gallade|Gallade, M|278\/278
|
|-heal|p1a: Gliscor|290\/352 tox|[from] ability: Poison Heal
|turn|10
|
|switch|p1a: Slowbro|Slowbro, M|394\/394
|detailschange|p2a: Gallade|Gallade-Mega, M
|message|Gallade has Mega Evolved into Mega Gallade!
|move|p2a: Gallade|Swords Dance|p2a: Gallade
|-boost|p2a: Gallade|atk|2
|
|turn|11
|
|move|p2a: Gallade|Knock Off|p1a: Slowbro
|-supereffective|p1a: Slowbro
|-damage|p1a: Slowbro|14\/394
|-enditem|p1a: Slowbro|Leftovers|[from] move: Knock Off|[of] p2a: Gallade
|move|p1a: Slowbro|Thunder Wave|p2a: Gallade
|-status|p2a: Gallade|par
|
|turn|12
|
|switch|p1a: Clefable|Clefable, F|394\/394
|move|p2a: Gallade|Knock Off|p1a: Clefable
|-resisted|p1a: Clefable
|-damage|p1a: Clefable|336\/394
|-enditem|p1a: Clefable|Leftovers|[from] move: Knock Off|[of] p2a: Gallade
|
|turn|13
|
|switch|p2a: Sylveon|Sylveon, M|138\/394 brn
|move|p1a: Clefable|Moonblast|p2a: Sylveon
|-damage|p2a: Sylveon|77\/394 brn
|
|-heal|p2a: Sylveon|101\/394 brn|[from] item: Leftovers
|-damage|p2a: Sylveon|52\/394 brn|[from] brn
|turn|14
|
|move|p1a: Clefable|Moonblast|p2a: Sylveon
|-damage|p2a: Sylveon|0 fnt
|faint|p2a: Sylveon
|
|
|switch|p2a: Scizor|Scizor, M|147\/344
|turn|15
|
|move|p1a: Clefable|Protect|p1a: Clefable
|-singleturn|p1a: Clefable|Protect
|move|p2a: Scizor|U-turn|p1a: Clefable
|-activate|p1a: Clefable|Protect
|
|turn|16
|
|switch|p1a: Gliscor|Gliscor, M|290\/352 tox
|move|p2a: Scizor|U-turn|p1a: Gliscor
|-resisted|p1a: Gliscor
|-damage|p1a: Gliscor|230\/352 tox
|
|switch|p2a: Zapdos|Zapdos|384\/384
|-ability|p2a: Zapdos|Pressure
|
|-heal|p1a: Gliscor|274\/352 tox|[from] ability: Poison Heal
|turn|17
|
|switch|p2a: Gallade|Gallade-Mega, M|278\/278 par
|move|p1a: Gliscor|Knock Off|p2a: Gallade
|-damage|p2a: Gallade|228\/278 par
|
|-heal|p1a: Gliscor|318\/352 tox|[from] ability: Poison Heal
|turn|18
|
|switch|p1a: Clefable|Clefable, F|336\/394
|move|p2a: Gallade|Psycho Cut|p1a: Clefable
|-damage|p1a: Clefable|200\/394
|
|turn|19
|
|switch|p2a: Landorus-Therian|Landorus-Therian, M|183\/382
|-ability|p2a: Landorus-Therian|Intimidate|[of] p1a: Clefable
|-unboost|p1a: Clefable|atk|1
|move|p1a: Clefable|Wish|p1a: Clefable
|
|-heal|p2a: Landorus-Therian|206\/382|[from] item: Leftovers
|turn|20
|
|move|p2a: Landorus-Therian|U-turn|p1a: Clefable
|-crit|p1a: Clefable
|-resisted|p1a: Clefable
|-damage|p1a: Clefable|153\/394
|
|switch|p2a: Scizor|Scizor, M|147\/344
|move|p1a: Clefable|Moonblast|p2a: Scizor
|-resisted|p2a: Scizor
|-damage|p2a: Scizor|85\/344
|
|-heal|p1a: Clefable|350\/394|[from] move: Wish|[wisher] Clefable
|turn|21
|
|switch|p1a: Gliscor|Gliscor, M|318\/352 tox
|move|p2a: Scizor|Bullet Punch|p1a: Gliscor
|-damage|p1a: Gliscor|227\/352 tox
|
|-heal|p1a: Gliscor|271\/352 tox|[from] ability: Poison Heal
|turn|22
|
|move|p1a: Gliscor|Earthquake|p2a: Scizor
|-damage|p2a: Scizor|0 fnt
|faint|p2a: Scizor
|
|-heal|p1a: Gliscor|315\/352 tox|[from] ability: Poison Heal
|c|★PeinHero|cant win stall with that team
|
|switch|p2a: Gallade|Gallade-Mega, M|228\/278 par
|turn|23
|
|switch|p1a: Clefable|Clefable, F|350\/394
|move|p2a: Gallade|Swords Dance|p2a: Gallade
|-boost|p2a: Gallade|atk|2
|
|turn|24
|
|move|p1a: Clefable|Moonblast|p2a: Gallade
|-supereffective|p2a: Gallade
|-damage|p2a: Gallade|36\/278 par
|-unboost|p2a: Gallade|spa|1
|move|p2a: Gallade|Psycho Cut|p1a: Clefable
|-damage|p1a: Clefable|229\/394
|
|turn|25
|-message|PeinHero forfeited.
|
|win|Dayanne
|raw|Ladder updating...
|leave|PeinHero
|player|p2