|join|Dayanne
|join|HailGremio
|player|p1|Dayanne|37
|player|p2|HailGremio|99
|gametype|singles
|gen|6
|tier|OU
|rated
|clearpoke
|poke|p1|Chansey, F
|poke|p1|Zapdos
|poke|p1|Scizor, F
|poke|p1|Clefable, F
|poke|p1|Gliscor, M
|poke|p1|Slowbro, M
|poke|p2|Wobbuffet, F
|poke|p2|Espeon, F
|poke|p2|Terrakion
|poke|p2|Landorus, M
|poke|p2|Tentacruel, M
|poke|p2|Tyranitar, F
|rule|Swagger Clause: Swagger is banned
|rule|Baton Pass Clause: Limit one Pokémon knowing Baton Pass
|rule|Sleep Clause Mod: Limit one foe put to sleep
|rule|Species Clause: Limit one of each Pokémon
|rule|OHKO Clause: OHKO moves are banned
|rule|Moody Clause: Moody is banned
|rule|Evasion Moves Clause: Evasion moves are banned
|rule|Endless Battle Clause: Forcing endless battles is banned
|rule|HP Percentage Mod: HP is shown in percentages
|teampreview
|
|start
|switch|p1a: Slowbro|Slowbro, M|394\/394
|switch|p2a: Terrakion|Terrakion|323\/323
|turn|1
|
|switch|p2a: Wobbuffet|Wobbuffet, F|527\/527
|move|p1a: Slowbro|Scald|p2a: Wobbuffet
|-damage|p2a: Wobbuffet|428\/527
|-status|p2a: Wobbuffet|brn
|
|-heal|p2a: Wobbuffet|460\/527 brn|[from] item: Leftovers
|-damage|p2a: Wobbuffet|395\/527 brn|[from] brn
|turn|2
|
|move|p2a: Wobbuffet|Encore|p1a: Slowbro
|-start|p1a: Slowbro|Encore
|move|p1a: Slowbro|Scald|p2a: Wobbuffet
|-damage|p2a: Wobbuffet|308\/527 brn
|
|-heal|p2a: Wobbuffet|340\/527 brn|[from] item: Leftovers
|-damage|p2a: Wobbuffet|275\/527 brn|[from] brn
|turn|3
|
|move|p1a: Slowbro|Scald|p2a: Wobbuffet
|-damage|p2a: Wobbuffet|182\/527 brn
|move|p2a: Wobbuffet|Mirror Coat|p1a: Slowbro
|-damage|p1a: Slowbro|208\/394
|
|-heal|p2a: Wobbuffet|214\/527 brn|[from] item: Leftovers
|-heal|p1a: Slowbro|232\/394|[from] item: Leftovers
|-damage|p2a: Wobbuffet|149\/527 brn|[from] brn
|turn|4
|
|move|p1a: Slowbro|Scald|p2a: Wobbuffet
|-damage|p2a: Wobbuffet|52\/527 brn
|move|p2a: Wobbuffet|Mirror Coat|p1a: Slowbro
|-damage|p1a: Slowbro|38\/394
|
|-heal|p2a: Wobbuffet|84\/527 brn|[from] item: Leftovers
|-heal|p1a: Slowbro|62\/394|[from] item: Leftovers
|-damage|p2a: Wobbuffet|19\/527 brn|[from] brn
|-end|p1a: Slowbro|Encore
|turn|5
|
|switch|p2a: Tentacruel|Tentacruel, M|363\/363
|move|p1a: Slowbro|Slack Off|p1a: Slowbro
|-heal|p1a: Slowbro|259\/394
|
|-heal|p1a: Slowbro|283\/394|[from] item: Leftovers
|turn|6
|
|move|p2a: Tentacruel|Toxic|p1a: Slowbro
|-status|p1a: Slowbro|tox
|move|p1a: Slowbro|Thunder Wave|p2a: Tentacruel
|-status|p2a: Tentacruel|par
|
|-heal|p1a: Slowbro|307\/394 tox|[from] item: Leftovers
|-damage|p1a: Slowbro|283\/394 tox|[from] psn
|turn|7
|
|switch|p1a: Gliscor|Gliscor, M|352\/352
|move|p2a: Tentacruel|Substitute|p2a: Tentacruel
|-start|p2a: Tentacruel|Substitute
|-damage|p2a: Tentacruel|273\/363 par
|
|-heal|p2a: Tentacruel|295\/363 par|[from] item: Black Sludge
|-status|p1a: Gliscor|tox|[from] item: Toxic Orb
|turn|8
|
|move|p1a: Gliscor|Taunt|p2a: Tentacruel
|-start|p2a: Tentacruel|move: Taunt
|cant|p2a: Tentacruel|par
|
|-heal|p2a: Tentacruel|317\/363 par|[from] item: Black Sludge
|turn|9
|
|move|p1a: Gliscor|Earthquake|p2a: Tentacruel
|-supereffective|p2a: Tentacruel
|-end|p2a: Tentacruel|Substitute
|move|p2a: Tentacruel|Scald|p1a: Gliscor
|-supereffective|p1a: Gliscor
|-damage|p1a: Gliscor|206\/352 tox
|
|-heal|p2a: Tentacruel|339\/363 par|[from] item: Black Sludge
|-heal|p1a: Gliscor|250\/352 tox|[from] ability: Poison Heal
|turn|10
|
|switch|p2a: Landorus|Landorus, M|320\/320
|move|p1a: Gliscor|Knock Off|p2a: Landorus
|-damage|p2a: Landorus|243\/320
|-enditem|p2a: Landorus|Life Orb|[from] move: Knock Off|[of] p1a: Gliscor
|
|-heal|p1a: Gliscor|294\/352 tox|[from] ability: Poison Heal
|turn|11
|
|move|p2a: Landorus|Psychic|p1a: Gliscor
|-damage|p1a: Gliscor|160\/352 tox
|move|p1a: Gliscor|Knock Off|p2a: Landorus
|-damage|p2a: Landorus|189\/320
|
|-heal|p1a: Gliscor|204\/352 tox|[from] ability: Poison Heal
|turn|12
|
|move|p2a: Landorus|Psychic|p1a: Gliscor
|-damage|p1a: Gliscor|69\/352 tox
|move|p1a: Gliscor|Roost|p1a: Gliscor
|-heal|p1a: Gliscor|245\/352 tox
|
|-heal|p1a: Gliscor|289\/352 tox|[from] ability: Poison Heal
|turn|13
|
|move|p2a: Landorus|Psychic|p1a: Gliscor
|-crit|p1a: Gliscor
|-damage|p1a: Gliscor|103\/352 tox
|move|p1a: Gliscor|Knock Off|p2a: Landorus
|-damage|p2a: Landorus|133\/320
|
|-heal|p1a: Gliscor|147\/352 tox|[from] ability: Poison Heal
|turn|14
|
|switch|p2a: Tyranitar|Tyranitar, F|342\/342
|-weather|Sandstorm
|move|p1a: Gliscor|Roost|p1a: Gliscor
|-heal|p1a: Gliscor|323\/352 tox
|
|-weather|Sandstorm|[upkeep]
|-heal|p1a: Gliscor|352\/352 tox|[from] ability: Poison Heal
|turn|15
|
|detailschange|p2a: Tyranitar|Tyranitar-Mega, F
|message|Tyranitar has Mega Evolved into Mega Tyranitar!
|move|p1a: Gliscor|Earthquake|p2a: Tyranitar
|-supereffective|p2a: Tyranitar
|-damage|p2a: Tyranitar|196\/342
|move|p2a: Tyranitar|Ice Punch|p1a: Gliscor
|-supereffective|p1a: Gliscor
|-damage|p1a: Gliscor|0 fnt
|faint|p1a: Gliscor
|
|-weather|Sandstorm|[upkeep]
|
|switch|p1a: Scizor|Scizor, F|344\/344
|turn|16
|
|switch|p2a: Wobbuffet|Wobbuffet, F|19\/527 brn
|detailschange|p1a: Scizor|Scizor-Mega, F
|message|Scizor has Mega Evolved into Mega Scizor!
|move|p1a: Scizor|Swords Dance|p1a: Scizor
|-boost|p1a: Scizor|atk|2
|
|-weather|Sandstorm|[upkeep]
|-damage|p2a: Wobbuffet|0 fnt|[from] sandstorm
|faint|p2a: Wobbuffet
|
|switch|p2a: Landorus|Landorus, M|133\/320
|turn|17
|
|move|p1a: Scizor|Bullet Punch|p2a: Landorus
|-damage|p2a: Landorus|0 fnt
|faint|p2a: Landorus
|
|-weather|Sandstorm|[upkeep]
|
|switch|p2a: Terrakion|Terrakion|323\/323
|turn|18
|
|move|p1a: Scizor|Bullet Punch|p2a: Terrakion
|-supereffective|p2a: Terrakion
|-enditem|p2a: Terrakion|Focus Sash
|-damage|p2a: Terrakion|1\/323
|move|p2a: Terrakion|Stone Edge|p1a: Scizor
|-damage|p1a: Scizor|247\/344
|
|-weather|none
|turn|19
|-message|HailGremio forfeited.
|
|win|Dayanne
|raw|Ladder updating...
|leave|HailGremio
|player|p2
|raw|Dayanne's rating: 1440 &rarr; <strong>1461<\/strong><br \/>(+21 for winning)
|raw|HailGremio's rating: 1456 &rarr; <strong>1435<\/strong><br \/>(-21 for losing)