|join|Dayanne
|join|Lightlegacy
|player|p1|Dayanne|37
|player|p2|Lightlegacy|260
|gametype|singles
|gen|6
|tier|OU
|rated
|clearpoke
|poke|p1|Chansey, F
|poke|p1|Zapdos
|poke|p1|Scizor, F
|poke|p1|Clefable, F
|poke|p1|Gliscor, M
|poke|p1|Slowbro, M
|poke|p2|Talonflame, M
|poke|p2|Sceptile, F
|poke|p2|Greninja, M
|poke|p2|Gothitelle, F
|poke|p2|Heatran, F
|poke|p2|Excadrill, M
|rule|Swagger Clause: Swagger is banned
|rule|Baton Pass Clause: Limit one Pokémon knowing Baton Pass
|rule|Sleep Clause Mod: Limit one foe put to sleep
|rule|Species Clause: Limit one of each Pokémon
|rule|OHKO Clause: OHKO moves are banned
|rule|Moody Clause: Moody is banned
|rule|Evasion Moves Clause: Evasion moves are banned
|rule|Endless Battle Clause: Forcing endless battles is banned
|rule|HP Percentage Mod: HP is shown in percentages
|teampreview
|c|★Lightlegacy|gl
|c|★Dayanne|gl
|
|start
|switch|p1a: Slowbro|Slowbro, M|394\/394
|switch|p2a: Heatran|Heatran, F|385\/385
|turn|1
|
|switch|p2a: Sceptile|Sceptile, F|282\/282
|move|p1a: Slowbro|Scald|p2a: Sceptile
|-resisted|p2a: Sceptile
|-damage|p2a: Sceptile|230\/282
|
|turn|2
|
|switch|p1a: Scizor|Scizor, F|344\/344
|detailschange|p2a: Sceptile|Sceptile-Mega, F
|message|Sceptile has Mega Evolved into Mega Sceptile!
|move|p2a: Sceptile|Giga Drain|p1a: Scizor
|-resisted|p1a: Scizor
|-damage|p1a: Scizor|298\/344
|-heal|p2a: Sceptile|253\/282|[from] drain|[of] p1a: Scizor
|
|turn|3
|
|switch|p1a: Gliscor|Gliscor, M|352\/352
|move|p2a: Sceptile|Hidden Power|p1a: Gliscor
|-damage|p1a: Gliscor|281\/352
|
|-status|p1a: Gliscor|tox|[from] item: Toxic Orb
|turn|4
|
|switch|p1a: Zapdos|Zapdos|384\/384
|-ability|p1a: Zapdos|Pressure
|move|p2a: Sceptile|Substitute|p2a: Sceptile
|-start|p2a: Sceptile|Substitute
|-damage|p2a: Sceptile|183\/282
|
|turn|5
|
|move|p2a: Sceptile|Dragon Pulse|p1a: Zapdos
|-damage|p1a: Zapdos|218\/384
|move|p1a: Zapdos|Heat Wave|p2a: Sceptile
|-crit|p2a: Sceptile
|-end|p2a: Sceptile|Substitute
|
|-heal|p1a: Zapdos|242\/384|[from] item: Leftovers
|turn|6
|
|move|p2a: Sceptile|Substitute|p2a: Sceptile
|-start|p2a: Sceptile|Substitute
|-damage|p2a: Sceptile|113\/282
|move|p1a: Zapdos|Roost|p1a: Zapdos
|-heal|p1a: Zapdos|384\/384
|
|turn|7
|
|switch|p2a: Heatran|Heatran, F|385\/385
|move|p1a: Zapdos|Heat Wave|p2a: Heatran
|-start|p2a: Heatran|ability: Flash Fire
|
|turn|8
|
|switch|p1a: Gliscor|Gliscor, M|281\/352 tox
|move|p2a: Heatran|Stealth Rock|p1a: Gliscor
|-sidestart|p1: Dayanne|move: Stealth Rock
|
|-heal|p1a: Gliscor|325\/352 tox|[from] ability: Poison Heal
|turn|9
|
|move|p2a: Heatran|Protect|p2a: Heatran
|-singleturn|p2a: Heatran|Protect
|move|p1a: Gliscor|Knock Off|p2a: Heatran
|-activate|p2a: Heatran|Protect
|
|-heal|p1a: Gliscor|352\/352 tox|[from] ability: Poison Heal
|turn|10
|
|switch|p2a: Greninja|Greninja, M|285\/285
|move|p1a: Gliscor|Knock Off|p2a: Greninja
|-resisted|p2a: Greninja
|-damage|p2a: Greninja|228\/285
|-enditem|p2a: Greninja|Life Orb|[from] move: Knock Off|[of] p1a: Gliscor
|
|turn|11
|
|switch|p1a: Slowbro|Slowbro, M|394\/394
|-damage|p1a: Slowbro|345\/394|[from] Stealth Rock
|move|p2a: Greninja|Ice Beam|p1a: Slowbro
|-start|p2a: Greninja|typechange|Ice|[from] Protean
|-resisted|p1a: Slowbro
|-damage|p1a: Slowbro|256\/394
|
|-heal|p1a: Slowbro|280\/394|[from] item: Leftovers
|turn|12
|
|switch|p1a: Chansey|Chansey, F|704\/704
|-damage|p1a: Chansey|616\/704|[from] Stealth Rock
|move|p2a: Greninja|Dark Pulse|p1a: Chansey
|-start|p2a: Greninja|typechange|Dark|[from] Protean
|-damage|p1a: Chansey|541\/704
|
|turn|13
|
|switch|p2a: Excadrill|Excadrill, M|361\/361
|-ability|p2a: Excadrill|Mold Breaker
|-item|p2a: Excadrill|Air Balloon
|move|p1a: Chansey|Stealth Rock|p2a: Excadrill
|-sidestart|p2: Lightlegacy|move: Stealth Rock
|
|turn|14
|
|move|p2a: Excadrill|Rapid Spin|p1a: Chansey
|-damage|p1a: Chansey|506\/704
|-sideend|p2: Lightlegacy|Stealth Rock|[from] move: Rapid Spin|[of] p2a: Excadrill
|move|p1a: Chansey|Seismic Toss|p2a: Excadrill
|-damage|p2a: Excadrill|261\/361
|-enditem|p2a: Excadrill|Air Balloon
|
|turn|15
|
|switch|p1a: Slowbro|Slowbro, M|394\/394
|-damage|p1a: Slowbro|345\/394|[from] Stealth Rock
|move|p2a: Excadrill|Earthquake|p1a: Slowbro
|-damage|p1a: Slowbro|221\/394
|
|-heal|p1a: Slowbro|245\/394|[from] item: Leftovers
|turn|16
|
|switch|p2a: Sceptile|Sceptile-Mega, F|113\/282
|move|p1a: Slowbro|Scald|p2a: Sceptile
|-resisted|p2a: Sceptile
|-damage|p2a: Sceptile|87\/282
|
|-heal|p1a: Slowbro|269\/394|[from] item: Leftovers
|turn|17
|
|switch|p1a: Zapdos|Zapdos|384\/384
|-damage|p1a: Zapdos|288\/384|[from] Stealth Rock
|-ability|p1a: Zapdos|Pressure
|move|p2a: Sceptile|Substitute|p2a: Sceptile
|-start|p2a: Sceptile|Substitute
|-damage|p2a: Sceptile|17\/282
|
|-heal|p1a: Zapdos|312\/384|[from] item: Leftovers
|turn|18
|
|move|p2a: Sceptile|Dragon Pulse|p1a: Zapdos
|-damage|p1a: Zapdos|140\/384
|move|p1a: Zapdos|Roost|p1a: Zapdos
|-heal|p1a: Zapdos|332\/384
|
|-heal|p1a: Zapdos|356\/384|[from] item: Leftovers
|turn|19
|
|move|p2a: Sceptile|Giga Drain|p1a: Zapdos
|-crit|p1a: Zapdos
|-resisted|p1a: Zapdos
|-damage|p1a: Zapdos|236\/384
|-heal|p2a: Sceptile|77\/282|[from] drain|[of] p1a: Zapdos
|move|p1a: Zapdos|Defog|p2a: Sceptile
|-sideend|p1: Dayanne|Stealth Rock|[from] move: Defog|[of] p1a: Zapdos
|
|-heal|p1a: Zapdos|260\/384|[from] item: Leftovers
|turn|20
|
|move|p2a: Sceptile|Dragon Pulse|p1a: Zapdos
|-damage|p1a: Zapdos|65\/384
|move|p1a: Zapdos|Roost|p1a: Zapdos
|-heal|p1a: Zapdos|257\/384
|
|-heal|p1a: Zapdos|281\/384|[from] item: Leftovers
|turn|21
|
|move|p2a: Sceptile|Dragon Pulse|p1a: Zapdos
|-damage|p1a: Zapdos|98\/384
|move|p1a: Zapdos|Roost|p1a: Zapdos
|-heal|p1a: Zapdos|290\/384
|
|-heal|p1a: Zapdos|314\/384|[from] item: Leftovers
|turn|22
|
|switch|p1a: Chansey|Chansey, F|506\/704
|move|p2a: Sceptile|Dragon Pulse|p1a: Chansey
|-damage|p1a: Chansey|403\/704
|
|turn|23
|
|move|p2a: Sceptile|Giga Drain|p1a: Chansey
|-crit|p1a: Chansey
|-damage|p1a: Chansey|270\/704
|-heal|p2a: Sceptile|144\/282|[from] drain|[of] p1a: Chansey
|move|p1a: Chansey|Soft-Boiled|p1a: Chansey
|-heal|p1a: Chansey|622\/704
|
|turn|24
|
|switch|p2a: Talonflame|Talonflame, M|327\/327
|move|p1a: Chansey|Stealth Rock|p2a: Talonflame
|-sidestart|p2: Lightlegacy|move: Stealth Rock
|
|turn|25
|
|switch|p1a: Slowbro|Slowbro, M|394\/394
|move|p2a: Talonflame|Brave Bird|p1a: Slowbro
|-damage|p1a: Slowbro|273\/394
|-damage|p2a: Talonflame|287\/327|[from] recoil|[of] p1a: Slowbro
|
|-heal|p1a: Slowbro|297\/394|[from] item: Leftovers
|turn|26
|
|move|p2a: Talonflame|U-turn|p1a: Slowbro
|-supereffective|p1a: Slowbro
|-damage|p1a: Slowbro|215\/394
|
|switch|p2a: Sceptile|Sceptile-Mega, F|144\/282
|-damage|p2a: Sceptile|109\/282|[from] Stealth Rock
|move|p1a: Slowbro|Scald|p2a: Sceptile
|-resisted|p2a: Sceptile
|-damage|p2a: Sceptile|84\/282
|
|-heal|p1a: Slowbro|239\/394|[from] item: Leftovers
|turn|27
|
|switch|p1a: Chansey|Chansey, F|622\/704
|move|p2a: Sceptile|Dragon Pulse|p1a: Chansey
|-damage|p1a: Chansey|526\/704
|
|turn|28
|
|switch|p2a: Excadrill|Excadrill, M|261\/361
|-damage|p2a: Excadrill|250\/361|[from] Stealth Rock
|-ability|p2a: Excadrill|Mold Breaker
|move|p1a: Chansey|Seismic Toss|p2a: Excadrill
|-damage|p2a: Excadrill|150\/361
|
|turn|29
|
|move|p2a: Excadrill|Rapid Spin|p1a: Chansey
|-damage|p1a: Chansey|496\/704
|-sideend|p2: Lightlegacy|Stealth Rock|[from] move: Rapid Spin|[of] p2a: Excadrill
|move|p1a: Chansey|Seismic Toss|p2a: Excadrill
|-damage|p2a: Excadrill|50\/361
|
|turn|30
|
|move|p2a: Excadrill|Iron Head|p1a: Chansey
|-damage|p1a: Chansey|309\/704
|move|p1a: Chansey|Soft-Boiled|p1a: Chansey
|-heal|p1a: Chansey|661\/704
|
|turn|31
|
|switch|p2a: Gothitelle|Gothitelle, F|282\/282
|move|p1a: Chansey|Seismic Toss|p2a: Gothitelle
|-damage|p2a: Gothitelle|182\/282
|
|turn|32
|
|move|p2a: Gothitelle|Trick|p1a: Chansey
|-activate|p2a: Gothitelle|move: Trick|[of] p1a: Chansey
|-item|p1a: Chansey|Choice Scarf|[from] move: Trick
|-item|p2a: Gothitelle|Eviolite|[from] move: Trick
|move|p1a: Chansey|Seismic Toss|p2a: Gothitelle
|-damage|p2a: Gothitelle|82\/282
|
|turn|33
|
|move|p2a: Gothitelle|Psyshock|p1a: Chansey
|-damage|p1a: Chansey|432\/704
|move|p1a: Chansey|Seismic Toss|p2a: Gothitelle
|-damage|p2a: Gothitelle|0 fnt
|faint|p2a: Gothitelle
|
|
|switch|p2a: Talonflame|Talonflame, M|287\/327
|turn|34
|
|switch|p1a: Slowbro|Slowbro, M|370\/394
|move|p2a: Talonflame|Brave Bird|p1a: Slowbro
|-crit|p1a: Slowbro
|-damage|p1a: Slowbro|181\/394
|-damage|p2a: Talonflame|225\/327|[from] recoil|[of] p1a: Slowbro
|
|-heal|p1a: Slowbro|205\/394|[from] item: Leftovers
|turn|35
|
|move|p2a: Talonflame|U-turn|p1a: Slowbro
|-supereffective|p1a: Slowbro
|-damage|p1a: Slowbro|127\/394
|
|switch|p2a: Sceptile|Sceptile-Mega, F|84\/282
|move|p1a: Slowbro|Slack Off|p1a: Slowbro
|-heal|p1a: Slowbro|324\/394
|
|-heal|p1a: Slowbro|348\/394|[from] item: Leftovers
|turn|36
|
|switch|p1a: Scizor|Scizor, F|298\/344
|move|p2a: Sceptile|Giga Drain|p1a: Scizor
|-resisted|p1a: Scizor
|-damage|p1a: Scizor|254\/344
|-heal|p2a: Sceptile|106\/282|[from] drain|[of] p1a: Scizor
|
|turn|37
|
|switch|p2a: Heatran|Heatran, F|385\/385
|detailschange|p1a: Scizor|Scizor-Mega, F
|message|Scizor has Mega Evolved into Mega Scizor!
|move|p1a: Scizor|Bullet Punch|p2a: Heatran
|-resisted|p2a: Heatran
|-damage|p2a: Heatran|360\/385
|
|-heal|p2a: Heatran|384\/385|[from] item: Leftovers
|turn|38
|
|switch|p1a: Chansey|Chansey, F|432\/704
|move|p2a: Heatran|Stealth Rock|p1a: Chansey
|-sidestart|p1: Dayanne|move: Stealth Rock
|
|-heal|p2a: Heatran|385\/385|[from] item: Leftovers
|turn|39
|
|switch|p2a: Excadrill|Excadrill, M|50\/361
|-ability|p2a: Excadrill|Mold Breaker
|move|p1a: Chansey|Seismic Toss|p2a: Excadrill
|-damage|p2a: Excadrill|0 fnt
|faint|p2a: Excadrill
|
|
|switch|p2a: Talonflame|Talonflame, M|225\/327
|turn|40
|
|switch|p1a: Slowbro|Slowbro, M|394\/394
|-damage|p1a: Slowbro|345\/394|[from] Stealth Rock
|move|p2a: Talonflame|U-turn|p1a: Slowbro
|-supereffective|p1a: Slowbro
|-damage|p1a: Slowbro|263\/394
|
|switch|p2a: Sceptile|Sceptile-Mega, F|106\/282
|
|-heal|p1a: Slowbro|287\/394|[from] item: Leftovers
|turn|41
|
|switch|p1a: Clefable|Clefable, F|394\/394
|-damage|p1a: Clefable|345\/394|[from] Stealth Rock
|move|p2a: Sceptile|Hidden Power|p1a: Clefable
|-damage|p1a: Clefable|260\/394
|
|-heal|p1a: Clefable|284\/394|[from] item: Leftovers
|turn|42
|
|switch|p2a: Talonflame|Talonflame, M|225\/327
|move|p1a: Clefable|Wish|p1a: Clefable
|
|-heal|p1a: Clefable|308\/394|[from] item: Leftovers
|turn|43
|
|move|p2a: Talonflame|Roost|p2a: Talonflame
|-heal|p2a: Talonflame|327\/327
|move|p1a: Clefable|Calm Mind|p1a: Clefable
|-boost|p1a: Clefable|spa|1
|-boost|p1a: Clefable|spd|1
|
|-heal|p1a: Clefable|394\/394|[from] move: Wish|[wisher] Clefable
|turn|44
|
|move|p2a: Talonflame|Brave Bird|p1a: Clefable
|-damage|p1a: Clefable|219\/394
|-damage|p2a: Talonflame|269\/327|[from] recoil|[of] p1a: Clefable
|move|p1a: Clefable|Calm Mind|p1a: Clefable
|-boost|p1a: Clefable|spa|1
|-boost|p1a: Clefable|spd|1
|
|-heal|p1a: Clefable|243\/394|[from] item: Leftovers
|turn|45
|
|move|p2a: Talonflame|Brave Bird|p1a: Clefable
|-damage|p1a: Clefable|68\/394
|-damage|p2a: Talonflame|211\/327|[from] recoil|[of] p1a: Clefable
|move|p1a: Clefable|Wish|p1a: Clefable
|
|-heal|p1a: Clefable|92\/394|[from] item: Leftovers
|turn|46
|
|move|p1a: Clefable|Protect|p1a: Clefable
|-singleturn|p1a: Clefable|Protect
|move|p2a: Talonflame|Brave Bird|p1a: Clefable
|-activate|p1a: Clefable|Protect
|
|-heal|p1a: Clefable|289\/394|[from] move: Wish|[wisher] Clefable
|-heal|p1a: Clefable|313\/394|[from] item: Leftovers
|turn|47
|
|move|p2a: Talonflame|Brave Bird|p1a: Clefable
|-damage|p1a: Clefable|156\/394
|-damage|p2a: Talonflame|159\/327|[from] recoil|[of] p1a: Clefable
|move|p1a: Clefable|Wish|p1a: Clefable
|
|-heal|p1a: Clefable|180\/394|[from] item: Leftovers
|turn|48
|
|switch|p2a: Heatran|Heatran, F|385\/385
|move|p1a: Clefable|Protect|p1a: Clefable
|-fail|p1a: Clefable
|
|-heal|p1a: Clefable|377\/394|[from] move: Wish|[wisher] Clefable
|-heal|p1a: Clefable|394\/394|[from] item: Leftovers
|turn|49
|
|switch|p1a: Gliscor|Gliscor, M|352\/352 tox
|-damage|p1a: Gliscor|308\/352 tox|[from] Stealth Rock
|move|p2a: Heatran|Lava Plume|p1a: Gliscor
|-damage|p1a: Gliscor|191\/352 tox
|
|-heal|p1a: Gliscor|235\/352 tox|[from] ability: Poison Heal
|turn|50
|
|switch|p2a: Talonflame|Talonflame, M|159\/327
|move|p1a: Gliscor|Knock Off|p2a: Talonflame
|-damage|p2a: Talonflame|54\/327
|-enditem|p2a: Talonflame|Sky Plate|[from] move: Knock Off|[of] p1a: Gliscor
|
|-heal|p1a: Gliscor|279\/352 tox|[from] ability: Poison Heal
|turn|51
|
|move|p2a: Talonflame|Roost|p2a: Talonflame
|-heal|p2a: Talonflame|218\/327
|move|p1a: Gliscor|Earthquake|p2a: Talonflame
|-supereffective|p2a: Talonflame
|-damage|p2a: Talonflame|0 fnt
|faint|p2a: Talonflame
|
|-heal|p1a: Gliscor|323\/352 tox|[from] ability: Poison Heal
|
|switch|p2a: Sceptile|Sceptile-Mega, F|106\/282
|turn|52
|
|move|p2a: Sceptile|Giga Drain|p1a: Gliscor
|-damage|p1a: Gliscor|193\/352 tox
|-heal|p2a: Sceptile|171\/282|[from] drain|[of] p1a: Gliscor
|move|p1a: Gliscor|Earthquake|p2a: Sceptile
|-resisted|p2a: Sceptile
|-damage|p2a: Sceptile|96\/282
|
|-heal|p1a: Gliscor|237\/352 tox|[from] ability: Poison Heal
|turn|53
|
|switch|p1a: Scizor|Scizor-Mega, F|254\/344
|-damage|p1a: Scizor|211\/344|[from] Stealth Rock
|move|p2a: Sceptile|Giga Drain|p1a: Scizor
|-resisted|p1a: Scizor
|-damage|p1a: Scizor|174\/344
|-heal|p2a: Sceptile|115\/282|[from] drain|[of] p1a: Scizor
|
|turn|54
|
|switch|p2a: Heatran|Heatran, F|385\/385
|move|p1a: Scizor|Bullet Punch|p2a: Heatran
|-resisted|p2a: Heatran
|-damage|p2a: Heatran|363\/385
|
|-heal|p2a: Heatran|385\/385|[from] item: Leftovers
|turn|55
|
|switch|p1a: Gliscor|Gliscor, M|237\/352 tox
|-damage|p1a: Gliscor|193\/352 tox|[from] Stealth Rock
|switch|p2a: Greninja|Greninja, M|228\/285
|
|-heal|p1a: Gliscor|237\/352 tox|[from] ability: Poison Heal
|turn|56
|
|switch|p1a: Slowbro|Slowbro, M|394\/394
|-damage|p1a: Slowbro|345\/394|[from] Stealth Rock
|move|p2a: Greninja|Ice Beam|p1a: Slowbro
|-start|p2a: Greninja|typechange|Ice|[from] Protean
|-resisted|p1a: Slowbro
|-damage|p1a: Slowbro|258\/394
|
|-heal|p1a: Slowbro|282\/394|[from] item: Leftovers
|turn|57
|
|move|p2a: Greninja|Dark Pulse|p1a: Slowbro
|-start|p2a: Greninja|typechange|Dark|[from] Protean
|-supereffective|p1a: Slowbro
|-damage|p1a: Slowbro|0 fnt
|faint|p1a: Slowbro
|
|
|switch|p1a: Chansey|Chansey, F|432\/704
|-damage|p1a: Chansey|344\/704|[from] Stealth Rock
|turn|58
|
|move|p2a: Greninja|Gunk Shot|p1a: Chansey
|-start|p2a: Greninja|typechange|Poison|[from] Protean
|-damage|p1a: Chansey|89\/704
|-status|p1a: Chansey|psn
|move|p1a: Chansey|Soft-Boiled|p1a: Chansey
|-heal|p1a: Chansey|441\/704 psn
|
|-damage|p1a: Chansey|353\/704 psn|[from] psn
|turn|59
|
|switch|p2a: Sceptile|Sceptile-Mega, F|115\/282
|move|p1a: Chansey|Soft-Boiled|p1a: Chansey
|-heal|p1a: Chansey|704\/704 psn
|
|-damage|p1a: Chansey|616\/704 psn|[from] psn
|turn|60
|
|switch|p1a: Clefable|Clefable, F|394\/394
|-damage|p1a: Clefable|345\/394|[from] Stealth Rock
|move|p2a: Sceptile|Substitute|p2a: Sceptile
|-start|p2a: Sceptile|Substitute
|-damage|p2a: Sceptile|45\/282
|
|-heal|p1a: Clefable|369\/394|[from] item: Leftovers
|turn|61
|
|move|p2a: Sceptile|Giga Drain|p1a: Clefable
|-damage|p1a: Clefable|204\/394
|-heal|p2a: Sceptile|128\/282|[from] drain|[of] p1a: Clefable
|move|p1a: Clefable|Moonblast|p2a: Sceptile
|-supereffective|p2a: Sceptile
|-end|p2a: Sceptile|Substitute
|
|-heal|p1a: Clefable|228\/394|[from] item: Leftovers
|turn|62
|
|switch|p2a: Heatran|Heatran, F|385\/385
|move|p1a: Clefable|Wish|p1a: Clefable
|
|-heal|p1a: Clefable|252\/394|[from] item: Leftovers
|turn|63
|
|move|p1a: Clefable|Protect|p1a: Clefable
|-singleturn|p1a: Clefable|Protect
|move|p2a: Heatran|Lava Plume|p1a: Clefable
|-activate|p1a: Clefable|Protect
|
|-heal|p1a: Clefable|394\/394|[from] move: Wish|[wisher] Clefable
|turn|64
|
|switch|p2a: Greninja|Greninja, M|228\/285
|switch|p1a: Chansey|Chansey, F|616\/704
|-damage|p1a: Chansey|528\/704|[from] Stealth Rock
|
|turn|65
|
|move|p2a: Greninja|Gunk Shot|p1a: Chansey|[miss]
|-start|p2a: Greninja|typechange|Poison|[from] Protean
|-miss|p2a: Greninja|p1a: Chansey
|move|p1a: Chansey|Seismic Toss|p2a: Greninja
|-damage|p2a: Greninja|128\/285
|
|turn|66
|
|switch|p2a: Heatran|Heatran, F|385\/385
|move|p1a: Chansey|Seismic Toss|p2a: Heatran
|-damage|p2a: Heatran|285\/385
|
|-heal|p2a: Heatran|309\/385|[from] item: Leftovers
|turn|67
|
|switch|p1a: Gliscor|Gliscor, M|237\/352 tox
|-damage|p1a: Gliscor|193\/352 tox|[from] Stealth Rock
|move|p2a: Heatran|Protect|p2a: Heatran
|-fail|p2a: Heatran
|
|-heal|p2a: Heatran|333\/385|[from] item: Leftovers
|-heal|p1a: Gliscor|237\/352 tox|[from] ability: Poison Heal
|turn|68
|
|move|p2a: Heatran|Protect|p2a: Heatran
|-singleturn|p2a: Heatran|Protect
|move|p1a: Gliscor|Earthquake|p2a: Heatran
|-activate|p2a: Heatran|Protect
|
|-heal|p2a: Heatran|357\/385|[from] item: Leftovers
|-heal|p1a: Gliscor|281\/352 tox|[from] ability: Poison Heal
|turn|69
|
|switch|p1a: Chansey|Chansey, F|528\/704
|-damage|p1a: Chansey|440\/704|[from] Stealth Rock
|switch|p2a: Sceptile|Sceptile-Mega, F|128\/282
|
|turn|70
|
|move|p2a: Sceptile|Giga Drain|p1a: Chansey
|-damage|p1a: Chansey|299\/704
|-heal|p2a: Sceptile|199\/282|[from] drain|[of] p1a: Chansey
|move|p1a: Chansey|Stealth Rock|p2a: Sceptile
|-sidestart|p2: Lightlegacy|move: Stealth Rock
|
|turn|71
|
|switch|p2a: Greninja|Greninja, M|128\/285
|-damage|p2a: Greninja|93\/285|[from] Stealth Rock
|switch|p1a: Clefable|Clefable, F|394\/394
|-damage|p1a: Clefable|345\/394|[from] Stealth Rock
|
|-heal|p1a: Clefable|369\/394|[from] item: Leftovers
|turn|72
|
|switch|p1a: Scizor|Scizor-Mega, F|174\/344
|-damage|p1a: Scizor|131\/344|[from] Stealth Rock
|move|p2a: Greninja|Gunk Shot|p1a: Scizor
|-start|p2a: Greninja|typechange|Poison|[from] Protean
|-immune|p1a: Scizor|[msg]
|
|turn|73
|
|switch|p2a: Heatran|Heatran, F|357\/385
|-damage|p2a: Heatran|309\/385|[from] Stealth Rock
|move|p1a: Scizor|Superpower|p2a: Heatran
|-supereffective|p2a: Heatran
|-damage|p2a: Heatran|43\/385
|-unboost|p1a: Scizor|atk|1
|-unboost|p1a: Scizor|def|1
|
|-heal|p2a: Heatran|67\/385|[from] item: Leftovers
|turn|74
|
|switch|p1a: Gliscor|Gliscor, M|281\/352 tox
|-damage|p1a: Gliscor|237\/352 tox|[from] Stealth Rock
|move|p2a: Heatran|Protect|p2a: Heatran
|-fail|p2a: Heatran
|
|-heal|p2a: Heatran|91\/385|[from] item: Leftovers
|-heal|p1a: Gliscor|281\/352 tox|[from] ability: Poison Heal
|turn|75
|
|move|p2a: Heatran|Protect|p2a: Heatran
|-singleturn|p2a: Heatran|Protect
|move|p1a: Gliscor|Earthquake|p2a: Heatran
|-activate|p2a: Heatran|Protect
|
|-heal|p2a: Heatran|115\/385|[from] item: Leftovers
|-heal|p1a: Gliscor|325\/352 tox|[from] ability: Poison Heal
|turn|76
|
|switch|p1a: Chansey|Chansey, F|299\/704
|-damage|p1a: Chansey|211\/704|[from] Stealth Rock
|switch|p2a: Sceptile|Sceptile-Mega, F|199\/282
|-damage|p2a: Sceptile|164\/282|[from] Stealth Rock
|
|turn|77
|
|move|p2a: Sceptile|Giga Drain|p1a: Chansey
|-damage|p1a: Chansey|84\/704
|-heal|p2a: Sceptile|228\/282|[from] drain|[of] p1a: Chansey
|move|p1a: Chansey|Soft-Boiled|p1a: Chansey
|-heal|p1a: Chansey|436\/704
|
|turn|78
|
|switch|p1a: Zapdos|Zapdos|314\/384
|-damage|p1a: Zapdos|218\/384|[from] Stealth Rock
|-ability|p1a: Zapdos|Pressure
|move|p2a: Sceptile|Giga Drain|p1a: Zapdos
|-resisted|p1a: Zapdos
|-damage|p1a: Zapdos|143\/384
|-heal|p2a: Sceptile|266\/282|[from] drain|[of] p1a: Zapdos
|
|-heal|p1a: Zapdos|167\/384|[from] item: Leftovers
|turn|79
|
|move|p2a: Sceptile|Dragon Pulse|p1a: Zapdos
|-damage|p1a: Zapdos|0 fnt
|faint|p1a: Zapdos
|
|
|switch|p1a: Clefable|Clefable, F|369\/394
|-damage|p1a: Clefable|320\/394|[from] Stealth Rock
|turn|80
|
|move|p2a: Sceptile|Substitute|p2a: Sceptile
|-start|p2a: Sceptile|Substitute
|-damage|p2a: Sceptile|196\/282
|move|p1a: Clefable|Wish|p1a: Clefable
|
|-heal|p1a: Clefable|344\/394|[from] item: Leftovers
|turn|81
|
|move|p2a: Sceptile|Giga Drain|p1a: Clefable
|-damage|p1a: Clefable|185\/394
|-heal|p2a: Sceptile|276\/282|[from] drain|[of] p1a: Clefable
|move|p1a: Clefable|Calm Mind|p1a: Clefable
|-boost|p1a: Clefable|spa|1
|-boost|p1a: Clefable|spd|1
|
|-heal|p1a: Clefable|382\/394|[from] move: Wish|[wisher] Clefable
|-heal|p1a: Clefable|394\/394|[from] item: Leftovers
|turn|82
|
|move|p2a: Sceptile|Giga Drain|p1a: Clefable
|-damage|p1a: Clefable|285\/394
|-heal|p2a: Sceptile|282\/282|[from] drain|[of] p1a: Clefable
|move|p1a: Clefable|Moonblast|p2a: Sceptile
|-supereffective|p2a: Sceptile
|-end|p2a: Sceptile|Substitute
|
|-heal|p1a: Clefable|309\/394|[from] item: Leftovers
|turn|83
|
|switch|p2a: Heatran|Heatran, F|115\/385
|-damage|p2a: Heatran|67\/385|[from] Stealth Rock
|move|p1a: Clefable|Wish|p1a: Clefable
|
|-heal|p2a: Heatran|91\/385|[from] item: Leftovers
|-heal|p1a: Clefable|333\/394|[from] item: Leftovers
|turn|84
|
|switch|p1a: Chansey|Chansey, F|436\/704
|-damage|p1a: Chansey|348\/704|[from] Stealth Rock
|move|p2a: Heatran|Earth Power|p1a: Chansey
|-damage|p1a: Chansey|265\/704
|
|-heal|p1a: Chansey|462\/704|[from] move: Wish|[wisher] Clefable
|-heal|p2a: Heatran|115\/385|[from] item: Leftovers
|turn|85
|
|move|p1a: Chansey|Seismic Toss|p2a: Heatran
|-damage|p2a: Heatran|15\/385
|move|p2a: Heatran|Lava Plume|p1a: Chansey
|-damage|p1a: Chansey|350\/704
|
|-heal|p2a: Heatran|39\/385|[from] item: Leftovers
|turn|86
|
|move|p2a: Heatran|Protect|p2a: Heatran
|-singleturn|p2a: Heatran|Protect
|move|p1a: Chansey|Seismic Toss|p2a: Heatran
|-activate|p2a: Heatran|Protect
|
|-heal|p2a: Heatran|63\/385|[from] item: Leftovers
|turn|87
|
|switch|p2a: Sceptile|Sceptile-Mega, F|282\/282
|-damage|p2a: Sceptile|247\/282|[from] Stealth Rock
|move|p1a: Chansey|Seismic Toss|p2a: Sceptile
|-damage|p2a: Sceptile|147\/282
|
|turn|88
|
|move|p2a: Sceptile|Hidden Power|p1a: Chansey
|-damage|p1a: Chansey|274\/704
|move|p1a: Chansey|Seismic Toss|p2a: Sceptile
|-damage|p2a: Sceptile|47\/282
|
|turn|89
|
|move|p2a: Sceptile|Giga Drain|p1a: Chansey
|-damage|p1a: Chansey|138\/704
|-heal|p2a: Sceptile|115\/282|[from] drain|[of] p1a: Chansey
|move|p1a: Chansey|Seismic Toss|p2a: Sceptile
|-damage|p2a: Sceptile|15\/282
|
|turn|90
|
|move|p2a: Sceptile|Hidden Power|p1a: Chansey
|-damage|p1a: Chansey|57\/704
|move|p1a: Chansey|Seismic Toss|p2a: Sceptile
|-damage|p2a: Sceptile|0 fnt
|faint|p2a: Sceptile
|
|
|switch|p2a: Heatran|Heatran, F|63\/385
|-damage|p2a: Heatran|15\/385|[from] Stealth Rock
|turn|91
|
|switch|p1a: Gliscor|Gliscor, M|325\/352 tox
|-damage|p1a: Gliscor|281\/352 tox|[from] Stealth Rock
|move|p2a: Heatran|Lava Plume|p1a: Gliscor
|-crit|p1a: Gliscor
|-damage|p1a: Gliscor|119\/352 tox
|
|-heal|p2a: Heatran|39\/385|[from] item: Leftovers
|-heal|p1a: Gliscor|163\/352 tox|[from] ability: Poison Heal
|turn|92
|
|move|p1a: Gliscor|Roost|p1a: Gliscor
|-heal|p1a: Gliscor|339\/352 tox
|move|p2a: Heatran|Lava Plume|p1a: Gliscor
|-damage|p1a: Gliscor|231\/352 tox
|
|-heal|p2a: Heatran|63\/385|[from] item: Leftovers
|-heal|p1a: Gliscor|275\/352 tox|[from] ability: Poison Heal
|turn|93
|c|★Lightlegacy|wait roost poison heal is legal?
|
|move|p2a: Heatran|Protect|p2a: Heatran
|-singleturn|p2a: Heatran|Protect
|move|p1a: Gliscor|Earthquake|p2a: Heatran
|-activate|p2a: Heatran|Protect
|
|-heal|p2a: Heatran|87\/385|[from] item: Leftovers
|-heal|p1a: Gliscor|319\/352 tox|[from] ability: Poison Heal
|turn|94
|
|move|p1a: Gliscor|Earthquake|p2a: Heatran
|-supereffective|p2a: Heatran
|-damage|p2a: Heatran|0 fnt
|faint|p2a: Heatran
|
|-heal|p1a: Gliscor|352\/352 tox|[from] ability: Poison Heal
|
|switch|p2a: Greninja|Greninja, M|93\/285
|-damage|p2a: Greninja|58\/285|[from] Stealth Rock
|turn|95
|
|move|p2a: Greninja|Hydro Pump|p1a: Gliscor
|-start|p2a: Greninja|typechange|Water|[from] Protean
|-supereffective|p1a: Gliscor
|-damage|p1a: Gliscor|34\/352 tox
|move|p1a: Gliscor|Earthquake|p2a: Greninja
|-damage|p2a: Greninja|0 fnt
|faint|p2a: Greninja
|
|win|Dayanne
|raw|Ladder updating...
|c|★Lightlegacy|gg