|join|Dayanne
|join|Drism
|player|p1|Dayanne|37
|player|p2|Drism|293
|gametype|singles
|gen|6
|tier|OU
|rated
|clearpoke
|poke|p1|Chansey, F
|poke|p1|Zapdos
|poke|p1|Scizor, M
|poke|p1|Clefable, F
|poke|p1|Gliscor, M
|poke|p1|Slowbro, M
|poke|p2|Medicham, M, shiny
|poke|p2|Clefable, F, shiny
|poke|p2|Landorus-Therian, M, shiny
|poke|p2|Espeon, M
|poke|p2|Magnezone
|poke|p2|Rotom-Wash
|rule|Swagger Clause: Swagger is banned
|rule|Baton Pass Clause: Limit one Pokémon knowing Baton Pass
|rule|Sleep Clause Mod: Limit one foe put to sleep
|rule|Species Clause: Limit one of each Pokémon
|rule|OHKO Clause: OHKO moves are banned
|rule|Moody Clause: Moody is banned
|rule|Evasion Moves Clause: Evasion moves are banned
|rule|Endless Battle Clause: Forcing endless battles is banned
|rule|HP Percentage Mod: HP is shown in percentages
|teampreview
|
|start
|switch|p1a: Slowbro|Slowbro, M|394\/394
|switch|p2a: My Mega|Medicham, M, shiny|324\/324
|turn|1
|c|★Drism|i did not her, its bullshit i did not herrr. i did NAAAT
|c|★Drism|oh hi dayanne
|
|detailschange|p2a: My Mega|Medicham-Mega, M, shiny
|message|Medicham has Mega Evolved into Mega Medicham!
|move|p2a: My Mega|Fake Out|p1a: Slowbro
|-damage|p1a: Slowbro|334\/394
|cant|p1a: Slowbro|flinch
|
|-heal|p1a: Slowbro|358\/394|[from] item: Leftovers
|turn|2
|
|switch|p2a: My Counter|Magnezone|302\/302
|move|p1a: Slowbro|Scald|p2a: My Counter
|-damage|p2a: My Counter|205\/302
|-status|p2a: My Counter|brn
|
|-heal|p1a: Slowbro|382\/394|[from] item: Leftovers
|-damage|p2a: My Counter|168\/302 brn|[from] brn
|turn|3
|
|switch|p2a: My Healer|Clefable, F, shiny|394\/394
|switch|p1a: Gliscor|Gliscor, M|352\/352
|
|-status|p1a: Gliscor|tox|[from] item: Toxic Orb
|turn|4
|
|move|p1a: Gliscor|Taunt|p2a: My Healer
|-start|p2a: My Healer|move: Taunt
|move|p2a: My Healer|Moonblast|p1a: Gliscor
|-damage|p1a: Gliscor|171\/352 tox
|
|-heal|p1a: Gliscor|215\/352 tox|[from] ability: Poison Heal
|turn|5
|
|move|p1a: Gliscor|Knock Off|p2a: My Healer
|-resisted|p2a: My Healer
|-damage|p2a: My Healer|350\/394
|-enditem|p2a: My Healer|Life Orb|[from] move: Knock Off|[of] p1a: Gliscor
|move|p2a: My Healer|Moonblast|p1a: Gliscor
|-damage|p1a: Gliscor|77\/352 tox
|
|-heal|p1a: Gliscor|121\/352 tox|[from] ability: Poison Heal
|turn|6
|
|move|p1a: Gliscor|Roost|p1a: Gliscor
|-heal|p1a: Gliscor|297\/352 tox
|move|p2a: My Healer|Moonblast|p1a: Gliscor
|-damage|p1a: Gliscor|149\/352 tox
|
|-heal|p1a: Gliscor|193\/352 tox|[from] ability: Poison Heal
|-end|p2a: My Healer|move: Taunt
|turn|7
|c|★Drism|your just a chicken. cheap cheap cheaaap
|
|move|p1a: Gliscor|Taunt|p2a: My Healer
|-start|p2a: My Healer|move: Taunt
|move|p2a: My Healer|Moonblast|p1a: Gliscor
|-damage|p1a: Gliscor|52\/352 tox
|
|-heal|p1a: Gliscor|96\/352 tox|[from] ability: Poison Heal
|turn|8
|
|move|p1a: Gliscor|Roost|p1a: Gliscor
|-heal|p1a: Gliscor|272\/352 tox
|move|p2a: My Healer|Moonblast|p1a: Gliscor
|-damage|p1a: Gliscor|136\/352 tox
|
|-heal|p1a: Gliscor|180\/352 tox|[from] ability: Poison Heal
|turn|9
|
|move|p1a: Gliscor|Roost|p1a: Gliscor
|-heal|p1a: Gliscor|352\/352 tox
|move|p2a: My Healer|Moonblast|p1a: Gliscor
|-damage|p1a: Gliscor|208\/352 tox
|
|-heal|p1a: Gliscor|252\/352 tox|[from] ability: Poison Heal
|-end|p2a: My Healer|move: Taunt
|turn|10
|
|move|p1a: Gliscor|Earthquake|p2a: My Healer
|-damage|p2a: My Healer|191\/394
|move|p2a: My Healer|Moonblast|p1a: Gliscor
|-crit|p1a: Gliscor
|-damage|p1a: Gliscor|44\/352 tox
|
|-heal|p1a: Gliscor|88\/352 tox|[from] ability: Poison Heal
|turn|11
|
|move|p1a: Gliscor|Roost|p1a: Gliscor
|-heal|p1a: Gliscor|264\/352 tox
|move|p2a: My Healer|Soft-Boiled|p2a: My Healer
|-heal|p2a: My Healer|388\/394
|
|-heal|p1a: Gliscor|308\/352 tox|[from] ability: Poison Heal
|turn|12
|c|★Drism|the great stall wars of 2014
|
|move|p1a: Gliscor|Earthquake|p2a: My Healer
|-damage|p2a: My Healer|240\/394
|move|p2a: My Healer|Moonblast|p1a: Gliscor
|-damage|p1a: Gliscor|158\/352 tox
|-unboost|p1a: Gliscor|spa|1
|
|-heal|p1a: Gliscor|202\/352 tox|[from] ability: Poison Heal
|turn|13
|
|switch|p2a: My Support|Rotom-Wash|303\/303
|move|p1a: Gliscor|Earthquake|p2a: My Support
|-immune|p2a: My Support|[msg]
|
|-heal|p1a: Gliscor|246\/352 tox|[from] ability: Poison Heal
|turn|14
|
|switch|p1a: Chansey|Chansey, F|704\/704
|move|p2a: My Support|Substitute|p2a: My Support
|-start|p2a: My Support|Substitute
|-damage|p2a: My Support|228\/303
|
|-heal|p2a: My Support|246\/303|[from] item: Leftovers
|turn|15
|
|move|p2a: My Support|Will-O-Wisp|p1a: Chansey|[miss]
|-miss|p2a: My Support|p1a: Chansey
|move|p1a: Chansey|Stealth Rock|p2a: My Support
|-sidestart|p2: Drism|move: Stealth Rock
|
|-heal|p2a: My Support|264\/303|[from] item: Leftovers
|turn|16
|
|switch|p1a: Gliscor|Gliscor, M|246\/352 tox
|move|p2a: My Support|Will-O-Wisp|p1a: Gliscor|[miss]
|-miss|p2a: My Support|p1a: Gliscor
|
|-heal|p2a: My Support|282\/303|[from] item: Leftovers
|-heal|p1a: Gliscor|290\/352 tox|[from] ability: Poison Heal
|turn|17
|
|switch|p1a: Chansey|Chansey, F|704\/704
|move|p2a: My Support|Hydro Pump|p1a: Chansey|[miss]
|-miss|p2a: My Support|p1a: Chansey
|
|-heal|p2a: My Support|300\/303|[from] item: Leftovers
|turn|18
|c|★Drism|haha rotom your doing great
|
|move|p2a: My Support|Will-O-Wisp|p1a: Chansey|[miss]
|-miss|p2a: My Support|p1a: Chansey
|move|p1a: Chansey|Seismic Toss|p2a: My Support
|-end|p2a: My Support|Substitute
|
|-heal|p2a: My Support|303\/303|[from] item: Leftovers
|turn|19
|c|★Drism|:)
|c|★Drism|rotom is the best
|c|★Drism|its in the top percentage
|c|★Dayanne|lol
|
|switch|p2a: My Bouncer|Espeon, M|334\/334
|-damage|p2a: My Bouncer|293\/334|[from] Stealth Rock
|move|p1a: Chansey|Seismic Toss|p2a: My Bouncer
|-damage|p2a: My Bouncer|193\/334
|
|-heal|p2a: My Bouncer|213\/334|[from] item: Leftovers
|turn|20
|
|move|p2a: My Bouncer|Wish|p2a: My Bouncer
|move|p1a: Chansey|Seismic Toss|p2a: My Bouncer
|-damage|p2a: My Bouncer|113\/334
|
|-heal|p2a: My Bouncer|133\/334|[from] item: Leftovers
|turn|21
|
|move|p2a: My Bouncer|Calm Mind|p2a: My Bouncer
|-boost|p2a: My Bouncer|spa|1
|-boost|p2a: My Bouncer|spd|1
|move|p1a: Chansey|Seismic Toss|p2a: My Bouncer
|-damage|p2a: My Bouncer|33\/334
|
|-heal|p2a: My Bouncer|200\/334|[from] move: Wish|[wisher] My Bouncer
|-heal|p2a: My Bouncer|220\/334|[from] item: Leftovers
|turn|22
|
|switch|p1a: Clefable|Clefable, F|394\/394
|move|p2a: My Bouncer|Wish|p2a: My Bouncer
|
|-heal|p2a: My Bouncer|240\/334|[from] item: Leftovers
|turn|23
|
|move|p2a: My Bouncer|Psychic|p1a: Clefable
|-damage|p1a: Clefable|249\/394
|move|p1a: Clefable|Calm Mind|p1a: Clefable
|-boost|p1a: Clefable|spa|1
|-boost|p1a: Clefable|spd|1
|
|-heal|p2a: My Bouncer|334\/334|[from] move: Wish|[wisher] My Bouncer
|-heal|p1a: Clefable|273\/394|[from] item: Leftovers
|turn|24
|
|move|p2a: My Bouncer|Psychic|p1a: Clefable
|-damage|p1a: Clefable|176\/394
|move|p1a: Clefable|Wish|p1a: Clefable
|
|-heal|p1a: Clefable|200\/394|[from] item: Leftovers
|turn|25
|c|★Drism|:) nice move set
|
|move|p2a: My Bouncer|Wish|p2a: My Bouncer
|move|p1a: Clefable|Calm Mind|p1a: Clefable
|-boost|p1a: Clefable|spa|1
|-boost|p1a: Clefable|spd|1
|
|-heal|p1a: Clefable|394\/394|[from] move: Wish|[wisher] Clefable
|turn|26
|
|move|p2a: My Bouncer|Calm Mind|p2a: My Bouncer
|-boost|p2a: My Bouncer|spa|1
|-boost|p2a: My Bouncer|spd|1
|move|p1a: Clefable|Calm Mind|p1a: Clefable
|-boost|p1a: Clefable|spa|1
|-boost|p1a: Clefable|spd|1
|
|turn|27
|c|★Drism|first to crit wins?
|
|move|p2a: My Bouncer|Calm Mind|p2a: My Bouncer
|-boost|p2a: My Bouncer|spa|1
|-boost|p2a: My Bouncer|spd|1
|move|p1a: Clefable|Calm Mind|p1a: Clefable
|-boost|p1a: Clefable|spa|1
|-boost|p1a: Clefable|spd|1
|
|turn|28
|
|move|p2a: My Bouncer|Calm Mind|p2a: My Bouncer
|-boost|p2a: My Bouncer|spa|1
|-boost|p2a: My Bouncer|spd|1
|move|p1a: Clefable|Calm Mind|p1a: Clefable
|-boost|p1a: Clefable|spa|1
|-boost|p1a: Clefable|spd|1
|
|turn|29
|
|move|p2a: My Bouncer|Calm Mind|p2a: My Bouncer
|-boost|p2a: My Bouncer|spa|1
|-boost|p2a: My Bouncer|spd|1
|move|p1a: Clefable|Moonblast|p2a: My Bouncer
|-damage|p2a: My Bouncer|0 fnt
|faint|p2a: My Bouncer
|
|c|★Dayanne|no
|c|★Drism|wuuut?
|c|★Drism|oh some ability
|
|switch|p2a: My Mega|Medicham-Mega, M, shiny|324\/324
|-damage|p2a: My Mega|304\/324|[from] Stealth Rock
|turn|30
|
|move|p1a: Clefable|Protect|p1a: Clefable
|-singleturn|p1a: Clefable|Protect
|move|p2a: My Mega|Fake Out|p1a: Clefable
|-activate|p1a: Clefable|Protect
|
|turn|31
|
|switch|p2a: My Counter|Magnezone|168\/302 brn
|-damage|p2a: My Counter|150\/302 brn|[from] Stealth Rock
|move|p1a: Clefable|Moonblast|p2a: My Counter
|-crit|p2a: My Counter
|-resisted|p2a: My Counter
|-damage|p2a: My Counter|0 fnt
|faint|p2a: My Counter
|
|-message|Drism forfeited.
|
|win|Dayanne
|raw|Ladder updating...
|leave|Drism
|player|p2
|raw|Dayanne's rating: 1399 &rarr; <strong>1418<\/strong><br \/>(+19 for winning)
|raw|Drism's rating: 1378 &rarr; <strong>1359<\/strong><br \/>(-19 for losing)