|join|Zabrael
|join|Dayanne
|player|p1|Zabrael|146
|player|p2|Dayanne|37
|gametype|singles
|gen|6
|tier|OU
|rated
|clearpoke
|poke|p1|Alakazam, M
|poke|p1|Kyurem-Black
|poke|p1|Wobbuffet, F
|poke|p1|Landorus-Therian, M
|poke|p1|Manectric, F
|poke|p1|Rotom-Wash
|poke|p2|Chansey, F
|poke|p2|Zapdos
|poke|p2|Scizor, M
|poke|p2|Clefable, F
|poke|p2|Gliscor, M
|poke|p2|Slowbro, M
|rule|Swagger Clause: Swagger is banned
|rule|Baton Pass Clause: Limit one Pokémon knowing Baton Pass
|rule|Sleep Clause Mod: Limit one foe put to sleep
|rule|Species Clause: Limit one of each Pokémon
|rule|OHKO Clause: OHKO moves are banned
|rule|Moody Clause: Moody is banned
|rule|Evasion Moves Clause: Evasion moves are banned
|rule|Endless Battle Clause: Forcing endless battles is banned
|rule|HP Percentage Mod: HP is shown in percentages
|teampreview
|
|start
|switch|p1a: Manectric|Manectric, F|282\/282
|switch|p2a: Slowbro|Slowbro, M|394\/394
|turn|1
|
|switch|p2a: Gliscor|Gliscor, M|352\/352
|detailschange|p1a: Manectric|Manectric-Mega, F
|-mega|p1a: Manectric|Manectric|Manectite
|-ability|p1a: Manectric|Intimidate|[of] p2a: Gliscor
|-unboost|p2a: Gliscor|atk|1
|move|p1a: Manectric|Volt Switch|p2a: Gliscor
|-immune|p2a: Gliscor|[msg]
|
|-status|p2a: Gliscor|tox|[from] item: Toxic Orb
|turn|2
|join|Dyanna
|
|switch|p2a: Chansey|Chansey, F|704\/704
|move|p1a: Manectric|Volt Switch|p2a: Chansey
|-damage|p2a: Chansey|620\/704
|
|switch|p1a: Kyurem-Black|Kyurem-Black|392\/392
|-ability|p1a: Kyurem-Black|Teravolt
|
|turn|3
|
|move|p1a: Kyurem-Black|Fusion Bolt|p2a: Chansey
|-damage|p2a: Chansey|302\/704
|move|p2a: Chansey|Soft-Boiled|p2a: Chansey
|-heal|p2a: Chansey|654\/704
|
|turn|4
|
|switch|p1a: Landorus-Therian|Landorus-Therian, M|329\/329
|-ability|p1a: Landorus-Therian|Intimidate|[of] p2a: Chansey
|-unboost|p2a: Chansey|atk|1
|move|p2a: Chansey|Stealth Rock|p1a: Landorus-Therian
|-sidestart|p1: Zabrael|move: Stealth Rock
|
|turn|5
|
|switch|p2a: Gliscor|Gliscor, M|352\/352 tox
|move|p1a: Landorus-Therian|Bulk Up|p1a: Landorus-Therian
|-boost|p1a: Landorus-Therian|atk|1
|-boost|p1a: Landorus-Therian|def|1
|
|turn|6
|join|Mistaken
|
|switch|p2a: Clefable|Clefable, F|394\/394
|move|p1a: Landorus-Therian|Substitute|p1a: Landorus-Therian
|-start|p1a: Landorus-Therian|Substitute
|-damage|p1a: Landorus-Therian|247\/329
|
|-heal|p1a: Landorus-Therian|267\/329|[from] item: Leftovers
|turn|7
|
|move|p1a: Landorus-Therian|Knock Off|p2a: Clefable
|-resisted|p2a: Clefable
|-damage|p2a: Clefable|343\/394
|-enditem|p2a: Clefable|Leftovers|[from] move: Knock Off|[of] p1a: Landorus-Therian
|move|p2a: Clefable|Moonblast|p1a: Landorus-Therian
|-end|p1a: Landorus-Therian|Substitute
|
|-heal|p1a: Landorus-Therian|287\/329|[from] item: Leftovers
|turn|8
|
|move|p1a: Landorus-Therian|Earthquake|p2a: Clefable
|-damage|p2a: Clefable|175\/394
|move|p2a: Clefable|Wish|p2a: Clefable
|
|-heal|p1a: Landorus-Therian|307\/329|[from] item: Leftovers
|turn|9
|
|move|p1a: Landorus-Therian|Bulk Up|p1a: Landorus-Therian
|-boost|p1a: Landorus-Therian|atk|1
|-boost|p1a: Landorus-Therian|def|1
|move|p2a: Clefable|Moonblast|p1a: Landorus-Therian
|-damage|p1a: Landorus-Therian|186\/329
|
|-heal|p2a: Clefable|372\/394|[from] move: Wish|[wisher] Clefable
|-heal|p1a: Landorus-Therian|206\/329|[from] item: Leftovers
|turn|10
|join|Sugar K Leonard
|
|move|p1a: Landorus-Therian|Earthquake|p2a: Clefable
|-damage|p2a: Clefable|207\/394
|move|p2a: Clefable|Wish|p2a: Clefable
|
|-heal|p1a: Landorus-Therian|226\/329|[from] item: Leftovers
|turn|11
|
|move|p1a: Landorus-Therian|Earthquake|p2a: Clefable
|-damage|p2a: Clefable|48\/394
|move|p2a: Clefable|Moonblast|p1a: Landorus-Therian
|-damage|p1a: Landorus-Therian|91\/329
|-unboost|p1a: Landorus-Therian|spa|1
|
|-heal|p2a: Clefable|245\/394|[from] move: Wish|[wisher] Clefable
|-heal|p1a: Landorus-Therian|111\/329|[from] item: Leftovers
|turn|12
|
|move|p1a: Landorus-Therian|Earthquake|p2a: Clefable
|-damage|p2a: Clefable|94\/394
|move|p2a: Clefable|Moonblast|p1a: Landorus-Therian
|-damage|p1a: Landorus-Therian|0 fnt
|faint|p1a: Landorus-Therian
|
|
|switch|p1a: Kyurem-Black|Kyurem-Black|392\/392
|-damage|p1a: Kyurem-Black|294\/392|[from] Stealth Rock
|-ability|p1a: Kyurem-Black|Teravolt
|turn|13
|join|don't use mega
|
|move|p2a: Clefable|Protect|p2a: Clefable
|-singleturn|p2a: Clefable|Protect
|move|p1a: Kyurem-Black|Fusion Bolt|p2a: Clefable
|-activate|p2a: Clefable|Protect
|
|turn|14
|-message|Zabrael forfeited.
|
|win|Dayanne
|raw|Ladder updating...
|leave|Zabrael
|player|p1
|raw|Zabrael's rating: 1740 &rarr; <strong>1718<\/strong><br \/>(-22 for losing)
|raw|Dayanne's rating: 1702 &rarr; <strong>1724<\/strong><br \/>(+22 for winning)