|join|Dayanne
|join|wish killer
|player|p1|Dayanne|37
|player|p2|wish killer|1
|gametype|singles
|gen|6
|tier|OU
|rated
|clearpoke
|poke|p1|Chansey, F
|poke|p1|Zapdos
|poke|p1|Scizor, M
|poke|p1|Clefable, F
|poke|p1|Gliscor, M
|poke|p1|Slowbro, M
|poke|p2|Bisharp, M
|poke|p2|Venusaur, F
|poke|p2|Heatran, F
|poke|p2|Keldeo
|poke|p2|Chansey, F
|poke|p2|Skarmory, F
|rule|Swagger Clause: Swagger is banned
|rule|Baton Pass Clause: Limit one Pokémon knowing Baton Pass
|rule|Sleep Clause Mod: Limit one foe put to sleep
|rule|Species Clause: Limit one of each Pokémon
|rule|OHKO Clause: OHKO moves are banned
|rule|Moody Clause: Moody is banned
|rule|Evasion Moves Clause: Evasion moves are banned
|rule|Endless Battle Clause: Forcing endless battles is banned
|rule|HP Percentage Mod: HP is shown in percentages
|teampreview
|c|★Dayanne|gl
|c|★wish killer|gl
|
|start
|switch|p1a: Zapdos|Zapdos|384\/384
|switch|p2a: Heatran|Heatran, F|340\/340
|-item|p2a: Heatran|Air Balloon
|-ability|p1a: Zapdos|Pressure
|turn|1
|c|★Dayanne|I love your play
|
|move|p2a: Heatran|Toxic|p1a: Zapdos
|-status|p1a: Zapdos|tox
|move|p1a: Zapdos|Volt Switch|p2a: Heatran
|-damage|p2a: Heatran|247\/340
|-enditem|p2a: Heatran|Air Balloon
|
|switch|p1a: Gliscor|Gliscor, M|352\/352
|
|-status|p1a: Gliscor|tox|[from] item: Toxic Orb
|turn|2
|
|switch|p2a: Skarmory|Skarmory, F|334\/334
|move|p1a: Gliscor|Earthquake|p2a: Skarmory
|-immune|p2a: Skarmory|[msg]
|
|turn|3
|
|move|p1a: Gliscor|Taunt|p2a: Skarmory
|-start|p2a: Skarmory|move: Taunt
|cant|p2a: Skarmory|move: Taunt|Spikes
|
|turn|4
|
|switch|p2a: Venusaur|Venusaur, F|364\/364
|move|p1a: Gliscor|Knock Off|p2a: Venusaur
|-damage|p2a: Venusaur|321\/364
|
|turn|5
|
|switch|p1a: Chansey|Chansey, F|704\/704
|detailschange|p2a: Venusaur|Venusaur-Mega, F
|-mega|p2a: Venusaur|Venusaur|Venusaurite
|move|p2a: Venusaur|Giga Drain|p1a: Chansey
|-damage|p1a: Chansey|635\/704
|-heal|p2a: Venusaur|356\/364|[from] drain|[of] p1a: Chansey
|
|turn|6
|
|switch|p2a: Bisharp|Bisharp, M|334\/334
|move|p1a: Chansey|Stealth Rock|p2a: Bisharp
|-sidestart|p2: wish killer|move: Stealth Rock
|
|turn|7
|
|switch|p1a: Scizor|Scizor, M|344\/344
|move|p2a: Bisharp|Knock Off|p1a: Scizor
|-damage|p1a: Scizor|257\/344
|
|turn|8
|
|switch|p2a: Heatran|Heatran, F|247\/340
|-damage|p2a: Heatran|205\/340|[from] Stealth Rock
|detailschange|p1a: Scizor|Scizor-Mega, M
|-mega|p1a: Scizor|Scizor|Scizorite
|move|p1a: Scizor|Superpower|p2a: Heatran
|-supereffective|p2a: Heatran
|-damage|p2a: Heatran|0 fnt
|-unboost|p1a: Scizor|atk|1
|-unboost|p1a: Scizor|def|1
|faint|p2a: Heatran
|
|
|switch|p2a: Keldeo|Keldeo|323\/323
|-damage|p2a: Keldeo|303\/323|[from] Stealth Rock
|turn|9
|
|switch|p1a: Slowbro|Slowbro, M|394\/394
|move|p2a: Keldeo|Calm Mind|p2a: Keldeo
|-boost|p2a: Keldeo|spa|1
|-boost|p2a: Keldeo|spd|1
|
|-heal|p2a: Keldeo|323\/323|[from] item: Leftovers
|turn|10
|
|switch|p2a: Venusaur|Venusaur-Mega, F|356\/364
|-damage|p2a: Venusaur|311\/364|[from] Stealth Rock
|move|p1a: Slowbro|Psyshock|p2a: Venusaur
|-supereffective|p2a: Venusaur
|-damage|p2a: Venusaur|201\/364
|
|turn|11
|
|switch|p1a: Chansey|Chansey, F|635\/704
|move|p2a: Venusaur|Giga Drain|p1a: Chansey
|-damage|p1a: Chansey|566\/704
|-heal|p2a: Venusaur|236\/364|[from] drain|[of] p1a: Chansey
|
|turn|12
|
|switch|p1a: Gliscor|Gliscor, M|352\/352 tox
|move|p2a: Venusaur|Leech Seed|p1a: Gliscor
|-start|p1a: Gliscor|move: Leech Seed
|
|-damage|p1a: Gliscor|308\/352 tox|[from] Leech Seed|[of] p2a: Venusaur
|-heal|p2a: Venusaur|280\/364|[silent]
|-heal|p1a: Gliscor|352\/352 tox|[from] ability: Poison Heal
|turn|13
|
|switch|p1a: Zapdos|Zapdos|384\/384 tox
|-ability|p1a: Zapdos|Pressure
|move|p2a: Venusaur|Giga Drain|p1a: Zapdos
|-resisted|p1a: Zapdos
|-damage|p1a: Zapdos|330\/384 tox
|-heal|p2a: Venusaur|307\/364|[from] drain|[of] p1a: Zapdos
|
|-heal|p1a: Zapdos|354\/384 tox|[from] item: Leftovers
|-damage|p1a: Zapdos|330\/384 tox|[from] psn
|turn|14
|
|move|p1a: Zapdos|Heat Wave|p2a: Venusaur
|-supereffective|p2a: Venusaur
|-damage|p2a: Venusaur|233\/364
|move|p2a: Venusaur|Hidden Power|p1a: Zapdos
|-damage|p1a: Zapdos|274\/384 tox
|
|-heal|p1a: Zapdos|298\/384 tox|[from] item: Leftovers
|-damage|p1a: Zapdos|250\/384 tox|[from] psn
|turn|15
|
|move|p1a: Zapdos|Heat Wave|p2a: Venusaur
|-supereffective|p2a: Venusaur
|-damage|p2a: Venusaur|149\/364
|move|p2a: Venusaur|Giga Drain|p1a: Zapdos
|-resisted|p1a: Zapdos
|-damage|p1a: Zapdos|192\/384 tox
|-heal|p2a: Venusaur|178\/364|[from] drain|[of] p1a: Zapdos
|
|-heal|p1a: Zapdos|216\/384 tox|[from] item: Leftovers
|-damage|p1a: Zapdos|144\/384 tox|[from] psn
|turn|16
|
|move|p1a: Zapdos|Roost|p1a: Zapdos
|-heal|p1a: Zapdos|336\/384 tox
|move|p2a: Venusaur|Giga Drain|p1a: Zapdos
|-damage|p1a: Zapdos|231\/384 tox
|-heal|p2a: Venusaur|231\/364|[from] drain|[of] p1a: Zapdos
|
|-heal|p1a: Zapdos|255\/384 tox|[from] item: Leftovers
|-damage|p1a: Zapdos|159\/384 tox|[from] psn
|turn|17
|
|move|p1a: Zapdos|Volt Switch|p2a: Venusaur
|-resisted|p2a: Venusaur
|-damage|p2a: Venusaur|192\/364
|
|switch|p1a: Chansey|Chansey, F|566\/704
|move|p2a: Venusaur|Leech Seed|p1a: Chansey
|-start|p1a: Chansey|move: Leech Seed
|
|-damage|p1a: Chansey|478\/704|[from] Leech Seed|[of] p2a: Venusaur
|-heal|p2a: Venusaur|280\/364|[silent]
|turn|18
|
|switch|p2a: Skarmory|Skarmory, F|334\/334
|-damage|p2a: Skarmory|293\/334|[from] Stealth Rock
|switch|p1a: Zapdos|Zapdos|159\/384 tox
|-ability|p1a: Zapdos|Pressure
|
|-heal|p1a: Zapdos|183\/384 tox|[from] item: Leftovers
|-damage|p1a: Zapdos|159\/384 tox|[from] psn
|turn|19
|
|switch|p2a: Chansey|Chansey, F|684\/684
|-damage|p2a: Chansey|599\/684|[from] Stealth Rock
|move|p1a: Zapdos|Heat Wave|p2a: Chansey
|-miss|p1a: Zapdos|p2a: Chansey
|
|-heal|p1a: Zapdos|183\/384 tox|[from] item: Leftovers
|-damage|p1a: Zapdos|135\/384 tox|[from] psn
|turn|20
|
|move|p1a: Zapdos|Roost|p1a: Zapdos
|-heal|p1a: Zapdos|327\/384 tox
|move|p2a: Chansey|Seismic Toss|p1a: Zapdos
|-damage|p1a: Zapdos|227\/384 tox
|
|-heal|p1a: Zapdos|251\/384 tox|[from] item: Leftovers
|-damage|p1a: Zapdos|179\/384 tox|[from] psn
|turn|21
|
|move|p1a: Zapdos|Volt Switch|p2a: Chansey
|-damage|p2a: Chansey|535\/684
|
|switch|p1a: Gliscor|Gliscor, M|352\/352 tox
|move|p2a: Chansey|Seismic Toss|p1a: Gliscor
|-damage|p1a: Gliscor|252\/352 tox
|
|-heal|p1a: Gliscor|296\/352 tox|[from] ability: Poison Heal
|turn|22
|
|switch|p2a: Keldeo|Keldeo|323\/323
|-damage|p2a: Keldeo|303\/323|[from] Stealth Rock
|move|p1a: Gliscor|Knock Off|p2a: Keldeo
|-resisted|p2a: Keldeo
|-damage|p2a: Keldeo|264\/323
|-boost|p2a: Keldeo|atk|1|[from] ability: Justified
|-enditem|p2a: Keldeo|Leftovers|[from] move: Knock Off|[of] p1a: Gliscor
|
|-heal|p1a: Gliscor|340\/352 tox|[from] ability: Poison Heal
|turn|23
|
|move|p2a: Keldeo|Scald|p1a: Gliscor
|-supereffective|p1a: Gliscor
|-damage|p1a: Gliscor|62\/352 tox
|move|p1a: Gliscor|Knock Off|p2a: Keldeo
|-resisted|p2a: Keldeo
|-damage|p2a: Keldeo|238\/323
|-boost|p2a: Keldeo|atk|1|[from] ability: Justified
|
|-heal|p1a: Gliscor|106\/352 tox|[from] ability: Poison Heal
|turn|24
|
|switch|p1a: Slowbro|Slowbro, M|394\/394
|move|p2a: Keldeo|Scald|p1a: Slowbro
|-resisted|p1a: Slowbro
|-damage|p1a: Slowbro|304\/394
|
|-heal|p1a: Slowbro|328\/394|[from] item: Leftovers
|turn|25
|
|move|p2a: Keldeo|Scald|p1a: Slowbro
|-resisted|p1a: Slowbro
|-damage|p1a: Slowbro|243\/394
|move|p1a: Slowbro|Scald|p2a: Keldeo
|-resisted|p2a: Keldeo
|-damage|p2a: Keldeo|184\/323
|-status|p2a: Keldeo|brn
|
|-heal|p1a: Slowbro|267\/394|[from] item: Leftovers
|-damage|p2a: Keldeo|144\/323 brn|[from] brn
|turn|26
|
|switch|p2a: Bisharp|Bisharp, M|334\/334
|-damage|p2a: Bisharp|314\/334|[from] Stealth Rock
|move|p1a: Slowbro|Psyshock|p2a: Bisharp
|-immune|p2a: Bisharp|[msg]
|
|-heal|p2a: Bisharp|334\/334|[from] item: Leftovers
|-heal|p1a: Slowbro|291\/394|[from] item: Leftovers
|turn|27
|
|switch|p1a: Scizor|Scizor-Mega, M|257\/344
|move|p2a: Bisharp|Knock Off|p1a: Scizor
|-damage|p1a: Scizor|184\/344
|
|turn|28
|
|switch|p2a: Skarmory|Skarmory, F|293\/334
|-damage|p2a: Skarmory|252\/334|[from] Stealth Rock
|move|p1a: Scizor|Roost|p1a: Scizor
|-heal|p1a: Scizor|344\/344
|
|turn|29
|
|switch|p1a: Zapdos|Zapdos|179\/384 tox
|-ability|p1a: Zapdos|Pressure
|move|p2a: Skarmory|Spikes|p1a: Zapdos
|-sidestart|p1: Dayanne|Spikes
|
|-heal|p1a: Zapdos|203\/384 tox|[from] item: Leftovers
|-damage|p1a: Zapdos|179\/384 tox|[from] psn
|turn|30
|
|switch|p2a: Chansey|Chansey, F|535\/684
|-damage|p2a: Chansey|450\/684|[from] Stealth Rock
|move|p1a: Zapdos|Roost|p1a: Zapdos
|-heal|p1a: Zapdos|371\/384 tox
|
|-heal|p1a: Zapdos|384\/384 tox|[from] item: Leftovers
|-damage|p1a: Zapdos|336\/384 tox|[from] psn
|turn|31
|
|move|p1a: Zapdos|Volt Switch|p2a: Chansey
|-damage|p2a: Chansey|389\/684
|
|switch|p1a: Gliscor|Gliscor, M|106\/352 tox
|move|p2a: Chansey|Aromatherapy|p2a: Chansey
|-cureteam|p2a: Chansey|[from] move: Aromatherapy
|
|-heal|p1a: Gliscor|150\/352 tox|[from] ability: Poison Heal
|turn|32
|
|switch|p2a: Venusaur|Venusaur-Mega, F|280\/364
|-damage|p2a: Venusaur|235\/364|[from] Stealth Rock
|move|p1a: Gliscor|Earthquake|p2a: Venusaur
|-damage|p2a: Venusaur|159\/364
|
|-heal|p1a: Gliscor|194\/352 tox|[from] ability: Poison Heal
|turn|33
|
|switch|p1a: Zapdos|Zapdos|336\/384 tox
|-ability|p1a: Zapdos|Pressure
|move|p2a: Venusaur|Giga Drain|p1a: Zapdos
|-crit|p1a: Zapdos
|-resisted|p1a: Zapdos
|-damage|p1a: Zapdos|249\/384 tox
|-heal|p2a: Venusaur|203\/364|[from] drain|[of] p1a: Zapdos
|
|-heal|p1a: Zapdos|273\/384 tox|[from] item: Leftovers
|-damage|p1a: Zapdos|249\/384 tox|[from] psn
|turn|34
|
|switch|p2a: Bisharp|Bisharp, M|334\/334
|-damage|p2a: Bisharp|314\/334|[from] Stealth Rock
|move|p1a: Zapdos|Heat Wave|p2a: Bisharp
|-supereffective|p2a: Bisharp
|-damage|p2a: Bisharp|58\/334
|
|-heal|p1a: Zapdos|273\/384 tox|[from] item: Leftovers
|-heal|p2a: Bisharp|78\/334|[from] item: Leftovers
|-damage|p1a: Zapdos|225\/384 tox|[from] psn
|turn|35
|
|switch|p2a: Chansey|Chansey, F|389\/684
|-damage|p2a: Chansey|304\/684|[from] Stealth Rock
|move|p1a: Zapdos|Volt Switch|p2a: Chansey
|-damage|p2a: Chansey|240\/684
|
|switch|p1a: Gliscor|Gliscor, M|194\/352 tox
|
|-heal|p1a: Gliscor|238\/352 tox|[from] ability: Poison Heal
|turn|36
|
|switch|p2a: Skarmory|Skarmory, F|252\/334
|-damage|p2a: Skarmory|211\/334|[from] Stealth Rock
|move|p1a: Gliscor|Taunt|p2a: Skarmory
|-start|p2a: Skarmory|move: Taunt
|
|-heal|p1a: Gliscor|282\/352 tox|[from] ability: Poison Heal
|turn|37
|join|i came from leddit
|
|move|p1a: Gliscor|Earthquake|p2a: Skarmory
|-immune|p2a: Skarmory|[msg]
|move|p2a: Skarmory|Brave Bird|p1a: Gliscor
|-damage|p1a: Gliscor|183\/352 tox
|-damage|p2a: Skarmory|178\/334|[from] recoil|[of] p1a: Gliscor
|
|-heal|p1a: Gliscor|227\/352 tox|[from] ability: Poison Heal
|turn|38
|
|move|p1a: Gliscor|Earthquake|p2a: Skarmory
|-immune|p2a: Skarmory|[msg]
|move|p2a: Skarmory|Brave Bird|p1a: Gliscor
|-damage|p1a: Gliscor|125\/352 tox
|-damage|p2a: Skarmory|144\/334|[from] recoil|[of] p1a: Gliscor
|
|-heal|p1a: Gliscor|169\/352 tox|[from] ability: Poison Heal
|turn|39
|
|move|p1a: Gliscor|Roost|p1a: Gliscor
|-heal|p1a: Gliscor|345\/352 tox
|move|p2a: Skarmory|Brave Bird|p1a: Gliscor
|-damage|p1a: Gliscor|252\/352 tox
|-damage|p2a: Skarmory|113\/334|[from] recoil|[of] p1a: Gliscor
|
|-heal|p1a: Gliscor|296\/352 tox|[from] ability: Poison Heal
|-end|p2a: Skarmory|move: Taunt
|turn|40
|
|switch|p2a: Keldeo|Keldeo|144\/323
|-damage|p2a: Keldeo|124\/323|[from] Stealth Rock
|move|p1a: Gliscor|Taunt|p2a: Keldeo
|-start|p2a: Keldeo|move: Taunt
|
|-heal|p1a: Gliscor|340\/352 tox|[from] ability: Poison Heal
|turn|41
|
|move|p2a: Keldeo|Scald|p1a: Gliscor
|-supereffective|p1a: Gliscor
|-damage|p1a: Gliscor|70\/352 tox
|move|p1a: Gliscor|Earthquake|p2a: Keldeo
|-damage|p2a: Keldeo|4\/323
|
|-heal|p1a: Gliscor|114\/352 tox|[from] ability: Poison Heal
|turn|42
|-message|wish killer forfeited.
|leave|wish killer
|
|win|Dayanne
|raw|Ladder updating...
|player|p2
|raw|Dayanne's rating: 1743 &rarr; <strong>1760<\/strong><br \/>(+17 for winning)
|raw|wish killer's rating: 1689 &rarr; <strong>1672<\/strong><br \/>(-17 for losing)