|join|oml it's too ez
|join|Almost trainer
|player|p1|oml it's too ez|9
|player|p2|Almost trainer|167
|gametype|singles
|gen|5
|tier|[Gen 5] OU
|rated
|rule|Evasion Abilities Clause: Evasion abilities are banned
|clearpoke
|poke|p1|Tyranitar, F
|poke|p1|Heatran, M
|poke|p1|Skarmory, F
|poke|p1|Tangrowth, M
|poke|p1|Jellicent, M
|poke|p1|Scizor, M
|poke|p2|Zoroark, F
|poke|p2|Cofagrigus, M
|poke|p2|Infernape, M
|poke|p2|Gastrodon, F
|poke|p2|Skarmory, M
|poke|p2|Beartic, M
|rule|Sleep Clause Mod: Limit one foe put to sleep
|rule|Species Clause: Limit one of each Pokémon
|rule|OHKO Clause: OHKO moves are banned
|rule|Moody Clause: Moody is banned
|rule|Evasion Moves Clause: Evasion moves are banned
|rule|Endless Battle Clause: Forcing endless battles is banned
|rule|HP Percentage Mod: HP is shown in percentages
|teampreview
|join|jacob
|
|start
|switch|p1a: BUSH|Tangrowth, M|404\/404
|switch|p2a: Skarmory|Skarmory, M|314\/314
|turn|1
|
|move|p2a: Skarmory|Drill Peck|p1a: BUSH
|-crit|p1a: BUSH
|-supereffective|p1a: BUSH
|-damage|p1a: BUSH|170\/404
|move|p1a: BUSH|Sleep Powder|p2a: Skarmory
|-status|p2a: Skarmory|slp
|
|-heal|p1a: BUSH|195\/404|[from] item: Leftovers
|turn|2
|
|switch|p1a: Grounded|Heatran, M|323\/323
|-item|p1a: Grounded|Air Balloon
|cant|p2a: Skarmory|slp
|
|turn|3
|
|switch|p2a: Gastrodon|Gastrodon, F|425\/425
|move|p1a: Grounded|Stealth Rock|p2a: Gastrodon
|-sidestart|p2: Almost trainer|move: Stealth Rock
|
|turn|4
|
|switch|p1a: BUSH|Tangrowth, M|329\/404
|move|p2a: Gastrodon|Earth Power|p1a: BUSH
|-resisted|p1a: BUSH
|-damage|p1a: BUSH|242\/404
|
|-heal|p1a: BUSH|267\/404|[from] item: Leftovers
|turn|5
|
|switch|p2a: Skarmory|Skarmory, M|314\/314 slp
|-damage|p2a: Skarmory|275\/314 slp|[from] Stealth Rock
|move|p1a: BUSH|Leech Seed|p2a: Skarmory
|-start|p2a: Skarmory|move: Leech Seed
|
|-heal|p1a: BUSH|292\/404|[from] item: Leftovers
|-damage|p2a: Skarmory|236\/314 slp|[from] Leech Seed|[of] p1a: BUSH
|-heal|p1a: BUSH|331\/404|[silent]
|turn|6
|
|switch|p1a: Razor|Skarmory, F|334\/334
|cant|p2a: Skarmory|slp
|
|-damage|p2a: Skarmory|197\/314 slp|[from] Leech Seed|[of] p1a: Razor
|turn|7
|
|-curestatus|p2a: Skarmory|slp
|move|p2a: Skarmory|Swords Dance|p2a: Skarmory
|-boost|p2a: Skarmory|atk|2
|move|p1a: Razor|Spikes|p2a: Skarmory
|-sidestart|p2: Almost trainer|Spikes
|
|-damage|p2a: Skarmory|158\/314|[from] Leech Seed|[of] p1a: Razor
|turn|8
|
|move|p2a: Skarmory|Iron Head|p1a: Razor
|-resisted|p1a: Razor
|-damage|p1a: Razor|282\/334
|-damage|p2a: Skarmory|106\/314|[from] item: Rocky Helmet|[of] p1a: Razor
|move|p1a: Razor|Whirlwind|p2a: Skarmory
|drag|p2a: Cofagrigus|Cofagrigus, M|320\/320
|-damage|p2a: Cofagrigus|280\/320|[from] Stealth Rock
|-damage|p2a: Cofagrigus|240\/320|[from] Spikes
|
|-heal|p2a: Cofagrigus|260\/320|[from] item: Leftovers
|turn|9
|
|switch|p1a: Grounded|Heatran, M|323\/323
|-item|p1a: Grounded|Air Balloon
|move|p2a: Cofagrigus|Shadow Ball|p1a: Grounded
|-crit|p1a: Grounded
|-resisted|p1a: Grounded
|-damage|p1a: Grounded|229\/323
|-enditem|p1a: Grounded|Air Balloon
|
|-heal|p2a: Cofagrigus|280\/320|[from] item: Leftovers
|turn|10
|
|switch|p1a: BUSH|Tangrowth, M|404\/404
|move|p2a: Cofagrigus|Calm Mind|p2a: Cofagrigus
|-boost|p2a: Cofagrigus|spa|1
|-boost|p2a: Cofagrigus|spd|1
|
|-heal|p2a: Cofagrigus|300\/320|[from] item: Leftovers
|turn|11
|
|move|p1a: BUSH|Sleep Powder|p2a: Cofagrigus|[miss]
|-miss|p1a: BUSH|p2a: Cofagrigus
|move|p2a: Cofagrigus|Shadow Ball|p1a: BUSH
|-damage|p1a: BUSH|157\/404
|-unboost|p1a: BUSH|spd|1
|
|-heal|p1a: BUSH|182\/404|[from] item: Leftovers
|-heal|p2a: Cofagrigus|320\/320|[from] item: Leftovers
|turn|12
|
|move|p1a: BUSH|Sleep Powder|p2a: Cofagrigus|[miss]
|-miss|p1a: BUSH|p2a: Cofagrigus
|move|p2a: Cofagrigus|Shadow Ball|p1a: BUSH
|-damage|p1a: BUSH|0 fnt
|faint|p1a: BUSH
|
|
|switch|p1a: Broken.|Tyranitar, F|342\/342
|-weather|Sandstorm|[from] ability: Sand Stream|[of] p1a: Broken.
|turn|13
|
|move|p1a: Broken.|Crunch|p2a: Cofagrigus
|-supereffective|p2a: Cofagrigus
|-damage|p2a: Cofagrigus|110\/320
|-endability|p1a: Broken.|sandstream|[from] Mummy
|-ability|p1a: Broken.|Mummy|[from] Mummy
|move|p2a: Cofagrigus|Energy Ball|p1a: Broken.
|-supereffective|p1a: Broken.
|-damage|p1a: Broken.|212\/342
|
|-weather|Sandstorm|[upkeep]
|-damage|p2a: Cofagrigus|90\/320|[from] sandstorm
|-heal|p2a: Cofagrigus|110\/320|[from] item: Leftovers
|turn|14
|
|move|p1a: Broken.|Crunch|p2a: Cofagrigus
|-supereffective|p2a: Cofagrigus
|-damage|p2a: Cofagrigus|0 fnt
|faint|p2a: Cofagrigus
|
|-weather|Sandstorm|[upkeep]
|
|switch|p2a: Skarmory|Skarmory, M|106\/314
|-damage|p2a: Skarmory|67\/314|[from] Stealth Rock
|-enditem|p2a: Skarmory|Salac Berry|[eat]
|-boost|p2a: Skarmory|spe|1|[from] item: Salac Berry
|turn|15
|
|move|p1a: Broken.|Crunch|p2a: Skarmory
|-resisted|p2a: Skarmory
|-damage|p2a: Skarmory|16\/314
|move|p2a: Skarmory|Iron Head|p1a: Broken.
|-supereffective|p1a: Broken.
|-damage|p1a: Broken.|42\/342
|-endability|p2a: Skarmory|sturdy|[from] Mummy
|-ability|p2a: Skarmory|Mummy|[from] Mummy
|
|-weather|Sandstorm|[upkeep]
|turn|16
|
|move|p1a: Broken.|Crunch|p2a: Skarmory
|-resisted|p2a: Skarmory
|-damage|p2a: Skarmory|0 fnt
|faint|p2a: Skarmory
|
|-weather|Sandstorm|[upkeep]
|
|switch|p2a: Beartic|Beartic, M|364\/364
|-damage|p2a: Beartic|273\/364|[from] Stealth Rock
|-damage|p2a: Beartic|228\/364|[from] Spikes
|turn|17
|
|move|p1a: Broken.|Crunch|p2a: Beartic
|-damage|p2a: Beartic|42\/364
|move|p2a: Beartic|Surf|p1a: Broken.
|-supereffective|p1a: Broken.
|-damage|p1a: Broken.|0 fnt
|faint|p1a: Broken.
|
|-weather|Sandstorm|[upkeep]
|-damage|p2a: Beartic|20\/364|[from] sandstorm
|
|switch|p1a: Don't drop me|Scizor, M|343\/343
|turn|18
|
|move|p1a: Don't drop me|Bullet Punch|p2a: Beartic
|-supereffective|p2a: Beartic
|-damage|p2a: Beartic|0 fnt
|faint|p2a: Beartic
|
|-weather|Sandstorm|[upkeep]
|
|switch|p2a: Infernape|Infernape, M|282\/282
|-damage|p2a: Infernape|247\/282|[from] Spikes
|-damage|p2a: Infernape|212\/282|[from] Stealth Rock
|turn|19
|
|move|p1a: Don't drop me|Bullet Punch|p2a: Infernape
|replace|p2a: Zoroark|Zoroark, F|212\/282
|-damage|p2a: Zoroark|0 fnt
|faint|p2a: Zoroark
|
|-weather|Sandstorm|[upkeep]
|
|switch|p2a: Infernape|Infernape, M|314\/314
|-damage|p2a: Infernape|275\/314|[from] Stealth Rock
|-damage|p2a: Infernape|236\/314|[from] Spikes
|turn|20
|
|switch|p1a: I MUSTACHE U|Jellicent, M|404\/404
|move|p2a: Infernape|Overheat|p1a: I MUSTACHE U
|-enditem|p2a: Infernape|Fire Gem|[from] gem|[move] Overheat
|-resisted|p1a: I MUSTACHE U
|-damage|p1a: I MUSTACHE U|291\/404
|-unboost|p2a: Infernape|spa|2
|
|-weather|Sandstorm|[upkeep]
|-damage|p2a: Infernape|217\/314|[from] sandstorm
|-damage|p1a: I MUSTACHE U|266\/404|[from] sandstorm
|-heal|p1a: I MUSTACHE U|291\/404|[from] item: Leftovers
|turn|21
|
|move|p2a: Infernape|Acrobatics|p1a: I MUSTACHE U
|-damage|p1a: I MUSTACHE U|157\/404
|move|p1a: I MUSTACHE U|Shadow Ball|p2a: Infernape
|-damage|p2a: Infernape|117\/314
|
|-weather|Sandstorm|[upkeep]
|-damage|p2a: Infernape|98\/314|[from] sandstorm
|-damage|p1a: I MUSTACHE U|132\/404|[from] sandstorm
|-heal|p1a: I MUSTACHE U|157\/404|[from] item: Leftovers
|turn|22
|
|move|p2a: Infernape|Acrobatics|p1a: I MUSTACHE U
|-damage|p1a: I MUSTACHE U|25\/404
|move|p1a: I MUSTACHE U|Recover|p1a: I MUSTACHE U
|-heal|p1a: I MUSTACHE U|227\/404
|
|-weather|Sandstorm|[upkeep]
|-damage|p2a: Infernape|79\/314|[from] sandstorm
|-damage|p1a: I MUSTACHE U|202\/404|[from] sandstorm
|-heal|p1a: I MUSTACHE U|227\/404|[from] item: Leftovers
|turn|23
|
|move|p2a: Infernape|Acrobatics|p1a: I MUSTACHE U
|-damage|p1a: I MUSTACHE U|95\/404
|move|p1a: I MUSTACHE U|Recover|p1a: I MUSTACHE U
|-heal|p1a: I MUSTACHE U|297\/404
|
|-weather|Sandstorm|[upkeep]
|-damage|p2a: Infernape|60\/314|[from] sandstorm
|-damage|p1a: I MUSTACHE U|272\/404|[from] sandstorm
|-heal|p1a: I MUSTACHE U|297\/404|[from] item: Leftovers
|turn|24
|
|move|p2a: Infernape|Acrobatics|p1a: I MUSTACHE U
|-damage|p1a: I MUSTACHE U|154\/404
|move|p1a: I MUSTACHE U|Recover|p1a: I MUSTACHE U
|-heal|p1a: I MUSTACHE U|356\/404
|
|-weather|Sandstorm|[upkeep]
|-damage|p2a: Infernape|41\/314|[from] sandstorm
|-damage|p1a: I MUSTACHE U|331\/404|[from] sandstorm
|-heal|p1a: I MUSTACHE U|356\/404|[from] item: Leftovers
|turn|25
|
|move|p2a: Infernape|Acrobatics|p1a: I MUSTACHE U
|-damage|p1a: I MUSTACHE U|215\/404
|move|p1a: I MUSTACHE U|Recover|p1a: I MUSTACHE U
|-heal|p1a: I MUSTACHE U|404\/404
|
|-weather|Sandstorm|[upkeep]
|-damage|p2a: Infernape|22\/314|[from] sandstorm
|-damage|p1a: I MUSTACHE U|379\/404|[from] sandstorm
|-heal|p1a: I MUSTACHE U|404\/404|[from] item: Leftovers
|turn|26
|
|move|p2a: Infernape|Acrobatics|p1a: I MUSTACHE U
|-damage|p1a: I MUSTACHE U|267\/404
|move|p1a: I MUSTACHE U|Recover|p1a: I MUSTACHE U
|-heal|p1a: I MUSTACHE U|404\/404
|
|-weather|Sandstorm|[upkeep]
|-damage|p2a: Infernape|3\/314|[from] sandstorm
|-damage|p1a: I MUSTACHE U|379\/404|[from] sandstorm
|-heal|p1a: I MUSTACHE U|404\/404|[from] item: Leftovers
|turn|27
|
|move|p2a: Infernape|Acrobatics|p1a: I MUSTACHE U
|-damage|p1a: I MUSTACHE U|279\/404
|move|p1a: I MUSTACHE U|Recover|p1a: I MUSTACHE U
|-heal|p1a: I MUSTACHE U|404\/404
|
|-weather|Sandstorm|[upkeep]
|-damage|p2a: Infernape|0 fnt|[from] sandstorm
|-damage|p1a: I MUSTACHE U|379\/404|[from] sandstorm
|-heal|p1a: I MUSTACHE U|404\/404|[from] item: Leftovers
|faint|p2a: Infernape
|
|switch|p2a: Gastrodon|Gastrodon, F|425\/425
|-damage|p2a: Gastrodon|372\/425|[from] Spikes
|-damage|p2a: Gastrodon|346\/425|[from] Stealth Rock
|turn|28
|
|move|p1a: I MUSTACHE U|Will-O-Wisp|p2a: Gastrodon
|-status|p2a: Gastrodon|brn
|move|p2a: Gastrodon|Earth Power|p1a: I MUSTACHE U
|-damage|p1a: I MUSTACHE U|328\/404
|
|-weather|Sandstorm|[upkeep]
|-damage|p1a: I MUSTACHE U|303\/404|[from] sandstorm
|-heal|p1a: I MUSTACHE U|328\/404|[from] item: Leftovers
|-damage|p2a: Gastrodon|293\/425 brn|[from] brn
|turn|29
|
|move|p1a: I MUSTACHE U|Shadow Ball|p2a: Gastrodon
|-damage|p2a: Gastrodon|212\/425 brn
|move|p2a: Gastrodon|Earth Power|p1a: I MUSTACHE U
|-damage|p1a: I MUSTACHE U|255\/404
|
|-weather|Sandstorm|[upkeep]
|-damage|p1a: I MUSTACHE U|230\/404|[from] sandstorm
|-heal|p1a: I MUSTACHE U|255\/404|[from] item: Leftovers
|-damage|p2a: Gastrodon|159\/425 brn|[from] brn
|turn|30
|
|move|p1a: I MUSTACHE U|Shadow Ball|p2a: Gastrodon
|-damage|p2a: Gastrodon|83\/425 brn
|move|p2a: Gastrodon|Recover|p2a: Gastrodon
|-heal|p2a: Gastrodon|296\/425 brn
|
|-weather|Sandstorm|[upkeep]
|-damage|p1a: I MUSTACHE U|230\/404|[from] sandstorm
|-heal|p1a: I MUSTACHE U|255\/404|[from] item: Leftovers
|-damage|p2a: Gastrodon|243\/425 brn|[from] brn
|turn|31
|
|move|p1a: I MUSTACHE U|Shadow Ball|p2a: Gastrodon
|-damage|p2a: Gastrodon|170\/425 brn
|move|p2a: Gastrodon|Earth Power|p1a: I MUSTACHE U
|-damage|p1a: I MUSTACHE U|173\/404
|
|-weather|Sandstorm|[upkeep]
|-damage|p1a: I MUSTACHE U|148\/404|[from] sandstorm
|-heal|p1a: I MUSTACHE U|173\/404|[from] item: Leftovers
|-damage|p2a: Gastrodon|117\/425 brn|[from] brn
|turn|32
|
|move|p1a: I MUSTACHE U|Recover|p1a: I MUSTACHE U
|-heal|p1a: I MUSTACHE U|375\/404
|move|p2a: Gastrodon|Recover|p2a: Gastrodon
|-heal|p2a: Gastrodon|330\/425 brn
|
|-weather|Sandstorm|[upkeep]
|-damage|p1a: I MUSTACHE U|350\/404|[from] sandstorm
|-heal|p1a: I MUSTACHE U|375\/404|[from] item: Leftovers
|-damage|p2a: Gastrodon|277\/425 brn|[from] brn
|turn|33
|
|move|p1a: I MUSTACHE U|Shadow Ball|p2a: Gastrodon
|-damage|p2a: Gastrodon|199\/425 brn
|move|p2a: Gastrodon|Earth Power|p1a: I MUSTACHE U
|-damage|p1a: I MUSTACHE U|296\/404
|-unboost|p1a: I MUSTACHE U|spd|1
|
|-weather|Sandstorm|[upkeep]
|-damage|p1a: I MUSTACHE U|271\/404|[from] sandstorm
|-heal|p1a: I MUSTACHE U|296\/404|[from] item: Leftovers
|-damage|p2a: Gastrodon|146\/425 brn|[from] brn
|turn|34
|
|switch|p1a: Don't drop me|Scizor, M|343\/343
|move|p2a: Gastrodon|Recover|p2a: Gastrodon
|-heal|p2a: Gastrodon|359\/425 brn
|
|-weather|Sandstorm|[upkeep]
|-damage|p2a: Gastrodon|306\/425 brn|[from] brn
|turn|35
|
|move|p1a: Don't drop me|U-turn|p2a: Gastrodon
|-damage|p2a: Gastrodon|45\/425 brn
|
|switch|p1a: I MUSTACHE U|Jellicent, M|296\/404
|move|p2a: Gastrodon|Counter|p1a: I MUSTACHE U
|-immune|p1a: I MUSTACHE U|[msg]
|
|-weather|Sandstorm|[upkeep]
|-damage|p1a: I MUSTACHE U|271\/404|[from] sandstorm
|-heal|p1a: I MUSTACHE U|296\/404|[from] item: Leftovers
|-damage|p2a: Gastrodon|0 fnt|[from] brn
|faint|p2a: Gastrodon
|
|win|oml it's too ez
|raw|Ladder updating...
|raw|oml it&apos;s too ez's rating: 1000 &rarr; <strong>1054<\/strong><br \/>(+54 for winning)
|raw|Almost trainer's rating: 1126 &rarr; <strong>1092<\/strong><br \/>(-34 for losing)
|leave|oml it's too ez
|player|p1
|leave|Almost trainer
|player|p2
|join|oml it's too ez