|join|gfhl
|join|oml it's too ez
|player|p1|gfhl|29
|player|p2|oml it's too ez|9
|gametype|singles
|gen|6
|tier|OU
|clearpoke
|poke|p1|Scizor, M
|poke|p1|Clefable, F
|poke|p1|Skarmory, M
|poke|p1|Conkeldurr, M
|poke|p1|Raikou
|poke|p1|Latios, M
|poke|p2|Gengar, M
|poke|p2|Altaria, M
|poke|p2|Heatran, M
|poke|p2|Landorus-Therian, M
|poke|p2|Chesnaught, F
|poke|p2|Tentacruel, F
|rule|Swagger Clause: Swagger is banned
|rule|Baton Pass Clause: Limit one Pokémon knowing Baton Pass
|rule|Sleep Clause Mod: Limit one foe put to sleep
|rule|Species Clause: Limit one of each Pokémon
|rule|OHKO Clause: OHKO moves are banned
|rule|Moody Clause: Moody is banned
|rule|Evasion Moves Clause: Evasion moves are banned
|rule|Endless Battle Clause: Forcing endless battles is banned
|rule|HP Percentage Mod: HP is shown in percentages
|teampreview
|c|★oml it's too ez|this is the team i used against chimpact [:
|c|★oml it's too ez|so dont mind the nicknames
|c|★gfhl|;o cool
|c|★gfhl|did you beat him?
|c|★oml it's too ez|n
|
|start
|switch|p1a: Raikou|Raikou|321\/321
|switch|p2a: Stay chimpin tho|Landorus-Therian, M|379\/379
|-ability|p1a: Raikou|Pressure
|-ability|p2a: Stay chimpin tho|Intimidate|[of] p1a: Raikou
|-unboost|p1a: Raikou|atk|1
|turn|1
|c|★oml it's too ez|this is my tourney team
|c|★oml it's too ez|but with gengar
|c|★oml it's too ez|instead of aegislash
|
|move|p1a: Raikou|Hidden Power|p2a: Stay chimpin tho
|-supereffective|p2a: Stay chimpin tho
|-damage|p2a: Stay chimpin tho|71\/379
|move|p2a: Stay chimpin tho|Stealth Rock|p1a: Raikou
|-sidestart|p1: gfhl|move: Stealth Rock
|
|-heal|p2a: Stay chimpin tho|94\/379|[from] item: Leftovers
|turn|2
|
|switch|p2a: stay gatoring|Chesnaught, F|379\/379
|move|p1a: Raikou|Extrasensory|p2a: stay gatoring
|-crit|p2a: stay gatoring
|-supereffective|p2a: stay gatoring
|-damage|p2a: stay gatoring|53\/379
|
|-heal|p2a: stay gatoring|76\/379|[from] item: Leftovers
|turn|3
|c|★gfhl|oh
|c|★oml it's too ez|playzz
|c|★oml it's too ez|[:
|c|★gfhl|sry :[
|c|★gfhl|i had no reason not to ES
|c|★oml it's too ez|didnt think u have it
|c|★oml it's too ez|i was thinking the balls
|
|move|p2a: stay gatoring|Spiky Shield|p2a: stay gatoring
|-singleturn|p2a: stay gatoring|move: Protect
|move|p1a: Raikou|Extrasensory|p2a: stay gatoring
|-activate|p2a: stay gatoring|move: Protect
|
|-heal|p2a: stay gatoring|99\/379|[from] item: Leftovers
|turn|4
|c|★oml it's too ez|shadow
|c|★gfhl|tru
|
|switch|p2a: Fuck korra|Heatran, M|382\/382
|move|p1a: Raikou|Extrasensory|p2a: Fuck korra
|-resisted|p2a: Fuck korra
|-damage|p2a: Fuck korra|351\/382
|
|-heal|p2a: Fuck korra|374\/382|[from] item: Leftovers
|turn|5
|c|★gfhl|SBalls are better vs latis, otherwise ES wins
|c|★oml it's too ez|and excadrill can only switch in once
|
|move|p1a: Raikou|Volt Switch|p2a: Fuck korra
|-damage|p2a: Fuck korra|289\/382
|c|★gfhl|true!
|c|★gfhl|also, dont know if you know this but you can tell if lando is scarf or not by the order in which the abilities happen
|c|★gfhl|that's why i lead with this heh
|c|★oml it's too ez|i forgot
|c|★gfhl|Raikou is exerting its pressure!
|c|★gfhl|The opposing Stay chimpin tho intimidates Raikou!
|c|★gfhl|Raikou's Attack fell!
|c|★oml it's too ez|cause u switched in first
|c|★oml it's too ez|which means ur faster
|c|★gfhl|nope, the abilities happen after the switch in
|c|★gfhl|oh
|c|★oml it's too ez|they both do the same
|c|★gfhl|maybe
|c|★oml it's too ez|whoever switch in first
|c|★oml it's too ez|or ability activates first
|c|★oml it's too ez|is faster
|c|★oml it's too ez|conk plz
|c|★gfhl|why did you stay in the :\/
|c|★oml it's too ez|[:
|
|switch|p1a: Conkeldurr|Conkeldurr, M|378\/378
|-damage|p1a: Conkeldurr|355\/378|[from] Stealth Rock
|move|p2a: Fuck korra|Lava Plume|p1a: Conkeldurr
|-damage|p1a: Conkeldurr|268\/378
|
|-heal|p2a: Fuck korra|312\/382|[from] item: Leftovers
|turn|6
|c|★oml it's too ez|cause im stoopid and forgot that u knew i was faster lol
|c|★gfhl|heh, i learned tha recently X]
|
|move|p2a: Fuck korra|Protect|p2a: Fuck korra
|-singleturn|p2a: Fuck korra|Protect
|move|p1a: Conkeldurr|Knock Off|p2a: Fuck korra
|-activate|p2a: Fuck korra|Protect
|
|-heal|p2a: Fuck korra|335\/382|[from] item: Leftovers
|turn|7
|
|switch|p2a: stay moeting|Tentacruel, F|363\/363
|move|p1a: Conkeldurr|Ice Punch|p2a: stay moeting
|-resisted|p2a: stay moeting
|-damage|p2a: stay moeting|317\/363
|
|-heal|p2a: stay moeting|339\/363|[from] item: Leftovers
|turn|8
|c|★gfhl|had to try it hah
|c|★oml it's too ez|well u can knock off this turn
|c|★gfhl|hm.. well i knly have 2 members vunlerable to t spikes
|
|move|p2a: stay moeting|Knock Off|p1a: Conkeldurr
|-resisted|p1a: Conkeldurr
|-damage|p1a: Conkeldurr|241\/378
|-enditem|p1a: Conkeldurr|Assault Vest|[from] move: Knock Off|[of] p2a: stay moeting
|move|p1a: Conkeldurr|Knock Off|p2a: stay moeting
|-damage|p2a: stay moeting|210\/363
|-enditem|p2a: stay moeting|Leftovers|[from] move: Knock Off|[of] p1a: Conkeldurr
|
|turn|9
|c|★gfhl|nice knock off
|c|★oml it's too ez|u just told me u got to members vnlerable to t spikes
|c|★oml it's too ez|which means clef is magic guard [:
|c|★gfhl|no, conk is not vulnerable
|c|★oml it's too ez|guts
|c|★gfhl|to me, it get's a boost
|c|★oml it's too ez|but
|c|★oml it's too ez|that perctange tho
|c|★oml it's too ez|each turn
|c|★gfhl|hah i know
|
|switch|p1a: Latios|Latios, M|301\/301
|-damage|p1a: Latios|264\/301|[from] Stealth Rock
|move|p2a: stay moeting|Toxic Spikes|p1a: Latios
|-sidestart|p1: gfhl|move: Toxic Spikes
|
|turn|10
|c|★gfhl|oh shit i clicked and then cancelled sorry
|c|★gfhl|i guess cancel works again ha
|
|switch|p2a: Fuck korra|Heatran, M|335\/382
|move|p1a: Latios|Draco Meteor|p2a: Fuck korra
|-resisted|p2a: Fuck korra
|-damage|p2a: Fuck korra|225\/382
|-unboost|p1a: Latios|spa|2
|-damage|p1a: Latios|234\/301|[from] item: Life Orb
|
|-heal|p2a: Fuck korra|248\/382|[from] item: Leftovers
|turn|11
|c|★gfhl|damit
|
|switch|p1a: Conkeldurr|Conkeldurr, M|241\/378
|-damage|p1a: Conkeldurr|218\/378|[from] Stealth Rock
|-status|p1a: Conkeldurr|psn
|move|p2a: Fuck korra|Lava Plume|p1a: Conkeldurr
|-damage|p1a: Conkeldurr|83\/378 psn
|
|-heal|p2a: Fuck korra|271\/382|[from] item: Leftovers
|-damage|p1a: Conkeldurr|36\/378 psn|[from] psn
|turn|12
|c|★gfhl|the team is solid :]
|c|★oml it's too ez|shouldve kept av [:
|c|★oml it's too ez|thx
|
|move|p2a: Fuck korra|Protect|p2a: Fuck korra
|-singleturn|p2a: Fuck korra|Protect
|move|p1a: Conkeldurr|Drain Punch|p2a: Fuck korra
|-activate|p2a: Fuck korra|Protect
|
|-heal|p2a: Fuck korra|294\/382|[from] item: Leftovers
|-damage|p1a: Conkeldurr|0 fnt|[from] psn
|faint|p1a: Conkeldurr
|c|★oml it's too ez|it did beat an spl player [:
|
|switch|p1a: Clefable|Clefable, F|394\/394
|-status|p1a: Clefable|psn
|turn|13
|c|★gfhl|who?
|c|★oml it's too ez|for clef
|c|★oml it's too ez|u should run focus blast
|
|move|p2a: Fuck korra|Taunt|p1a: Clefable
|-start|p1a: Clefable|move: Taunt
|cant|p1a: Clefable|move: Taunt|Thunder Wave
|
|-heal|p2a: Fuck korra|317\/382|[from] item: Leftovers
|turn|14
|c|★oml it's too ez|a guy named inflitced
|c|★oml it's too ez|i fought him for the tour
|c|★gfhl|oh yeah i've seen him
|
|move|p2a: Fuck korra|Lava Plume|p1a: Clefable
|-crit|p1a: Clefable
|-damage|p1a: Clefable|249\/394 psn
|move|p1a: Clefable|Moonblast|p2a: Fuck korra
|-resisted|p2a: Fuck korra
|-damage|p2a: Fuck korra|290\/382
|
|-heal|p2a: Fuck korra|313\/382|[from] item: Leftovers
|turn|15
|c|★oml it's too ez|sryz
|c|★gfhl|np, i'm trying to figure out your spread
|
|move|p2a: Fuck korra|Lava Plume|p1a: Clefable
|-damage|p1a: Clefable|149\/394 psn
|move|p1a: Clefable|Moonblast|p2a: Fuck korra
|-crit|p2a: Fuck korra
|-resisted|p2a: Fuck korra
|-damage|p2a: Fuck korra|269\/382
|
|-heal|p2a: Fuck korra|292\/382|[from] item: Leftovers
|-end|p1a: Clefable|move: Taunt
|turn|16
|
|switch|p1a: Scizor|Scizor, M|281\/281
|-damage|p1a: Scizor|246\/281|[from] Stealth Rock
|move|p2a: Fuck korra|Taunt|p1a: Scizor
|-start|p1a: Scizor|move: Taunt
|
|-heal|p2a: Fuck korra|315\/382|[from] item: Leftovers
|turn|17
|c|★oml it's too ez|next time dont get ur conk to weak [:
|
|switch|p2a: Fuck Korra|Gengar, M|263\/263
|detailschange|p1a: Scizor|Scizor-Mega, M
|-mega|p1a: Scizor|Scizor|Scizorite
|move|p1a: Scizor|Superpower|p2a: Fuck Korra
|-immune|p2a: Fuck Korra|[msg]
|
|turn|18
|c|★gfhl|ik hah it's there for a purpose
|
|switch|p1a: Raikou|Raikou|321\/321
|-damage|p1a: Raikou|281\/321|[from] Stealth Rock
|-status|p1a: Raikou|psn
|-ability|p1a: Raikou|Pressure
|move|p2a: Fuck Korra|Will-O-Wisp|p1a: Raikou
|-fail|p1a: Raikou
|
|-damage|p1a: Raikou|241\/321 psn|[from] psn
|turn|19
|
|switch|p2a: Stay chimpin tho|Landorus-Therian, M|94\/379
|-ability|p2a: Stay chimpin tho|Intimidate|[of] p1a: Raikou
|-unboost|p1a: Raikou|atk|1
|move|p1a: Raikou|Thunderbolt|p2a: Stay chimpin tho
|-immune|p2a: Stay chimpin tho|[msg]
|
|-heal|p2a: Stay chimpin tho|117\/379|[from] item: Leftovers
|-damage|p1a: Raikou|201\/321 psn|[from] psn
|turn|20
|c|★gfhl|sigh ahh
|
|move|p1a: Raikou|Hidden Power|p2a: Stay chimpin tho
|-supereffective|p2a: Stay chimpin tho
|-damage|p2a: Stay chimpin tho|0 fnt
|faint|p2a: Stay chimpin tho
|
|-damage|p1a: Raikou|161\/321 psn|[from] psn
|c|★oml it's too ez|[:
|
|switch|p2a: Fuck Korra|Altaria, M|353\/353
|turn|21
|c|★gfhl|you are a bit weak to raikou tho
|c|★oml it's too ez|not with this thing [:
|c|★gfhl|*a bit heh
|
|switch|p1a: Skarmory|Skarmory, M|334\/334
|-damage|p1a: Skarmory|293\/334|[from] Stealth Rock
|detailschange|p2a: Fuck Korra|Altaria-Mega, M
|-mega|p2a: Fuck Korra|Altaria|Altarianite
|move|p2a: Fuck Korra|Hyper Voice|p1a: Skarmory
|-resisted|p1a: Skarmory
|-damage|p1a: Skarmory|215\/334
|
|-heal|p1a: Skarmory|235\/334|[from] item: Leftovers
|turn|22
|
|move|p2a: Fuck Korra|Fire Blast|p1a: Skarmory
|-supereffective|p1a: Skarmory
|-damage|p1a: Skarmory|39\/334
|move|p1a: Skarmory|Stealth Rock|p2a: Fuck Korra
|-sidestart|p2: oml it's too ez|move: Stealth Rock
|
|-heal|p1a: Skarmory|59\/334|[from] item: Leftovers
|turn|23
|
|move|p2a: Fuck Korra|Hyper Voice|p1a: Skarmory
|-resisted|p1a: Skarmory
|-damage|p1a: Skarmory|0 fnt
|faint|p1a: Skarmory
|
|c|★oml it's too ez|u dont have switch ins for mega altaria [:
|
|switch|p1a: Latios|Latios, M|234\/301
|-damage|p1a: Latios|197\/301|[from] Stealth Rock
|turn|24
|c|★gfhl|not for special alt i dont hah
|c|★oml it's too ez|its spd
|
|move|p1a: Latios|Psyshock|p2a: Fuck Korra
|-damage|p2a: Fuck Korra|188\/353
|-damage|p1a: Latios|167\/301|[from] item: Life Orb
|move|p2a: Fuck Korra|Hyper Voice|p1a: Latios
|-supereffective|p1a: Latios
|-damage|p1a: Latios|0 fnt
|faint|p1a: Latios
|
|
|switch|p1a: Scizor|Scizor-Mega, M|246\/281
|-damage|p1a: Scizor|211\/281|[from] Stealth Rock
|turn|25
|c|★oml it's too ez|heal bell hyper voice roost fire move
|
|move|p1a: Scizor|Bullet Punch|p2a: Fuck Korra
|-supereffective|p2a: Fuck Korra
|-damage|p2a: Fuck Korra|0 fnt
|faint|p2a: Fuck Korra
|
|c|★gfhl|does it learn flamethrower?
|
|switch|p2a: Fuck Korra|Gengar, M|263\/263
|-damage|p2a: Fuck Korra|231\/263|[from] Stealth Rock
|turn|26
|c|★oml it's too ez|!learn altaria,flamethrower
|raw|<div class="infobox">Altaria <span class="message-learn-canlearn">can<\/span> learn Flamethrower<\/ul><\/div>
|c|★gfhl|crit pls
|c|★oml it's too ez|im deesnive [:
|c|★oml it's too ez|cancel button wrk
|c|★gfhl|haha
|
|switch|p1a: Clefable|Clefable, F|149\/394 psn
|move|p2a: Fuck Korra|Will-O-Wisp|p1a: Clefable
|-fail|p1a: Clefable
|
|-heal|p2a: Fuck Korra|247\/263|[from] item: Black Sludge
|turn|27
|c|★gfhl|didnt work for me :[
|
|move|p2a: Fuck Korra|Substitute|p2a: Fuck Korra
|-start|p2a: Fuck Korra|Substitute
|-damage|p2a: Fuck Korra|182\/263
|move|p1a: Clefable|Thunder Wave|p2a: Fuck Korra
|
|-heal|p2a: Fuck Korra|198\/263|[from] item: Black Sludge
|turn|28
|c|★oml it's too ez|ahhh
|c|★gfhl|there goes my last chance hah
|
|move|p2a: Fuck Korra|Hex|p1a: Clefable
|-damage|p1a: Clefable|0 fnt
|faint|p1a: Clefable
|
|-heal|p2a: Fuck Korra|214\/263|[from] item: Black Sludge
|c|★oml it's too ez|i might have to make an rmt [:
|
|switch|p1a: Scizor|Scizor-Mega, M|211\/281
|-damage|p1a: Scizor|176\/281|[from] Stealth Rock
|turn|29
|
|move|p1a: Scizor|Bullet Punch|p2a: Fuck Korra
|-end|p2a: Fuck Korra|Substitute
|move|p2a: Fuck Korra|Will-O-Wisp|p1a: Scizor|[miss]
|-miss|p2a: Fuck Korra|p1a: Scizor
|
|-heal|p2a: Fuck Korra|230\/263|[from] item: Black Sludge
|turn|30
|c|★oml it's too ez|ofc [:
|c|★gfhl|nice miss
|
|move|p1a: Scizor|Bullet Punch|p2a: Fuck Korra
|-damage|p2a: Fuck Korra|35\/263
|move|p2a: Fuck Korra|Will-O-Wisp|p1a: Scizor
|-status|p1a: Scizor|brn
|
|-heal|p2a: Fuck Korra|51\/263|[from] item: Black Sludge
|-damage|p1a: Scizor|141\/281 brn|[from] brn
|turn|31
|c|★oml it's too ez|y didnt i disable
|c|★oml it's too ez|dammit
|c|★gfhl|cool set
|c|★oml it's too ez|thx bud
|
|move|p1a: Scizor|Bullet Punch|p2a: Fuck Korra
|-damage|p2a: Fuck Korra|0 fnt
|faint|p2a: Fuck Korra
|
|-damage|p1a: Scizor|106\/281 brn|[from] brn
|c|★gfhl|yeah the t spike + hex is gr8
|c|★oml it's too ez|i wanted a replacment for aegislash
|c|★gfhl|you can still protect stall my raiik :[
|
|switch|p2a: Fuck korra|Heatran, M|315\/382
|-damage|p2a: Fuck korra|268\/382|[from] Stealth Rock
|turn|32
|
|move|p1a: Scizor|Superpower|p2a: Fuck korra
|-supereffective|p2a: Fuck korra
|-damage|p2a: Fuck korra|114\/382
|-unboost|p1a: Scizor|atk|1
|-unboost|p1a: Scizor|def|1
|move|p2a: Fuck korra|Lava Plume|p1a: Scizor
|-supereffective|p1a: Scizor
|-damage|p1a: Scizor|0 fnt
|faint|p1a: Scizor
|
|-heal|p2a: Fuck korra|137\/382|[from] item: Leftovers
|
|switch|p1a: Raikou|Raikou|161\/321 psn
|-damage|p1a: Raikou|121\/321 psn|[from] Stealth Rock
|-ability|p1a: Raikou|Pressure
|turn|33
|
|move|p2a: Fuck korra|Protect|p2a: Fuck korra
|-singleturn|p2a: Fuck korra|Protect
|move|p1a: Raikou|Thunderbolt|p2a: Fuck korra
|-activate|p2a: Fuck korra|Protect
|
|-heal|p2a: Fuck korra|160\/382|[from] item: Leftovers
|-damage|p1a: Raikou|81\/321 psn|[from] psn
|turn|34
|c|★gfhl|gg fren, i guess my team aint bad either
|c|★oml it's too ez|^^
|
|move|p1a: Raikou|Thunderbolt|p2a: Fuck korra
|-damage|p2a: Fuck korra|54\/382
|move|p2a: Fuck korra|Lava Plume|p1a: Raikou
|-damage|p1a: Raikou|3\/321 psn
|
|-heal|p2a: Fuck korra|77\/382|[from] item: Leftovers
|-damage|p1a: Raikou|0 fnt|[from] psn
|faint|p1a: Raikou
|
|win|oml it's too ez
|c|★gfhl|made it 2day
|c|★oml it's too ez|2nd time using this team with gar
|c|★oml it's too ez|its pretty weak to lati tbh
|c|★oml it's too ez|mine
|c|★oml it's too ez|without aegislash
|c|★gfhl|yeah, but you can have everything
|c|★gfhl|*cant
|c|★oml it's too ez|tru
|c|★oml it's too ez|fire types have fun with ur team [:
|c|★gfhl|you can work around latis
|c|★oml it's too ez|well if their mega
|c|★oml it's too ez|and are mix with eq
|c|★gfhl|yeah. i think ill get rid of skarm
|c|★oml it's too ez|bird weak
|c|★oml it's too ez|cause raikou dosent get recovery
|c|★gfhl|wish support maybe
|c|★gfhl|chansey
|c|★gfhl|with socks
|c|★gfhl|rocks
|c|★oml it's too ez|then lando weak
|c|★oml it's too ez|double dance [:
|c|★gfhl|and metagross hah
|c|★gfhl|hm..
|c|★oml it's too ez|try to get a fire water grass core
|c|★oml it's too ez|u dont have any of those 3
|c|★gfhl|yeah.. i think i need water the most
|c|★gfhl|azu used to be in place of conk
|c|★gfhl|but then i was too weak to burns from tran
|c|★oml it's too ez|naw
|c|★oml it's too ez|just run heal bell
|c|★oml it's too ez|on clef
|c|★oml it's too ez|wait taunt tran
|c|★oml it's too ez|mhmmm
|c|★gfhl|yeah..
|c|★oml it's too ez|!dt sylveon
|c|~|\/data-pokemon Sylveon
|raw|<font size="1"><font color=#585858>Dex#:<\/font> 700&nbsp;|&ThickSpace;<font color=#585858>Height:<\/font> 1 m&nbsp;|&ThickSpace;<font color=#585858>Weight:<\/font> 23.5 kg <em>(40 BP)<\/em>&nbsp;|&ThickSpace;<font color=#585858>Dex Colour:<\/font> Pink&nbsp;|&ThickSpace;<font color=#585858>Egg Group(s):<\/font> Field&nbsp;|&ThickSpace;<font color=#585858><font color=#585858>Does Not Evolve<\/font><\/font><\/font>
|c|★oml it's too ez|!dt clefable
|c|~|\/data-pokemon Clefable
|raw|<font size="1"><font color=#585858>Dex#:<\/font> 36&nbsp;|&ThickSpace;<font color=#585858>Height:<\/font> 1.3 m&nbsp;|&ThickSpace;<font color=#585858>Weight:<\/font> 40 kg <em>(60 BP)<\/em>&nbsp;|&ThickSpace;<font color=#585858>Dex Colour:<\/font> Pink&nbsp;|&ThickSpace;<font color=#585858>Egg Group(s):<\/font> Fairy&nbsp;|&ThickSpace;<font color=#585858><font color=#585858>Does Not Evolve<\/font><\/font><\/font>
|c|★oml it's too ez|mhmm both base 60
|c|★gfhl|and clef is vital vs sableye who beats my team otherwise
|c|★oml it's too ez|i mean mega altaria kills those 2
|c|★oml it's too ez|u can run eq for tran
|c|★oml it's too ez|facade
|c|★oml it's too ez|for sab
|c|★oml it's too ez|or heal bell on it
|c|★oml it's too ez|but then ur whole team is ruined
|c|★gfhl|sd scizor is sort of the theme hah
|c|★gfhl|yeah
|c|★oml it's too ez|cause ur really cm clef weak
|c|★oml it's too ez|if ur things get burned and stuff
|c|★oml it's too ez|ever team i made have a fire water grass core
|c|★oml it's too ez|besides the uber 1s ofc
|c|★gfhl|that's cool, nice synergy
|c|★oml it's too ez|this team
|c|★oml it's too ez|was build around fire water grass hazard offense
|c|★oml it's too ez|tran=rocks
|c|★oml it's too ez|chesnaught=spikes
|c|★oml it's too ez|tent=spin plus tspikes
|c|★oml it's too ez|but then lando are way to common
|c|★gfhl|hah cool, you're quite creative
|c|★oml it's too ez|they usally lead off so i got lando of my own [:
|c|★oml it's too ez|thx
|c|★gfhl|yeah lando is super spammed
|c|★oml it's too ez|tbh i only have chesnaught over ferro
|c|★oml it's too ez|cause of aegislash in the tour
|c|★oml it's too ez|!dt bullet proof
|c|~|\/data-ability Bulletproof
|raw|<font size="1"><\/font>
|c|★oml it's too ez|gotta dodge that shadow ball
|c|★gfhl|keep chesnaught
|c|★gfhl|it's awesome
|c|★gfhl|hah i hate ferro too
|c|★oml it's too ez|hehe
|c|★oml it's too ez|but then azu without superpower are a problem ]:
|c|★oml it's too ez|if tent gets weak