|join|Hogback_fosh_men
|join|X TREE
|player|p1|Hogback_fosh_men|266
|player|p2|X TREE|170
|gametype|singles
|gen|6
|tier|OU
|rated
|clearpoke
|poke|p1|Landorus, M
|poke|p1|Manectric, M
|poke|p1|Ferrothorn, F
|poke|p1|Conkeldurr, F, shiny
|poke|p1|Latios, M, shiny
|poke|p1|Tornadus-Therian, M, shiny
|poke|p2|Kyurem-Black
|poke|p2|Scizor, M
|poke|p2|Azumarill, M
|poke|p2|Landorus-Therian, M
|poke|p2|Infernape, F
|poke|p2|Rotom-Wash
|rule|Swagger Clause: Swagger is banned
|rule|Baton Pass Clause: Limit one Pokémon knowing Baton Pass
|rule|Sleep Clause Mod: Limit one foe put to sleep
|rule|Species Clause: Limit one of each Pokémon
|rule|OHKO Clause: OHKO moves are banned
|rule|Moody Clause: Moody is banned
|rule|Evasion Moves Clause: Evasion moves are banned
|rule|Endless Battle Clause: Forcing endless battles is banned
|rule|HP Percentage Mod: HP is shown in percentages
|teampreview
|
|start
|switch|p1a: GucciMaine|Manectric, M|282\/282
|switch|p2a: Ed|Landorus-Therian, M|319\/319
|-ability|p2a: Ed|Intimidate|[of] p1a: GucciMaine
|-unboost|p1a: GucciMaine|atk|1
|turn|1
|
|detailschange|p1a: GucciMaine|Manectric-Mega, M
|message|Manectric has Mega Evolved into Mega Manectric!
|-ability|p1a: GucciMaine|Intimidate|[of] p2a: Ed
|-unboost|p2a: Ed|atk|1
|move|p2a: Ed|Earthquake|p1a: GucciMaine
|-supereffective|p1a: GucciMaine
|-damage|p1a: GucciMaine|0 fnt
|faint|p1a: GucciMaine
|
|
|switch|p1a: Ferrothorn|Ferrothorn, F|352\/352
|turn|2
|
|switch|p2a: Rolf|Infernape, F|293\/293
|move|p1a: Ferrothorn|Stealth Rock|p2a: Rolf
|-sidestart|p2: X TREE|move: Stealth Rock
|
|turn|3
|
|switch|p1a: ItsRaining|Latios, M, shiny|302\/302
|move|p2a: Rolf|Fire Blast|p1a: ItsRaining
|-resisted|p1a: ItsRaining
|-damage|p1a: ItsRaining|212\/302
|
|turn|4
|
|switch|p2a: Edd|Scizor, M|331\/331
|-damage|p2a: Edd|290\/331|[from] Stealth Rock
|move|p1a: ItsRaining|Draco Meteor|p2a: Edd
|-resisted|p2a: Edd
|-damage|p2a: Edd|65\/331
|-unboost|p1a: ItsRaining|spa|2
|
|turn|5
|
|switch|p1a: Ferrothorn|Ferrothorn, F|352\/352
|switch|p2a: Jimmy|Azumarill, M|401\/401
|-damage|p2a: Jimmy|351\/401|[from] Stealth Rock
|
|turn|6
|
|move|p2a: Jimmy|Superpower|p1a: Ferrothorn
|-supereffective|p1a: Ferrothorn
|-damage|p1a: Ferrothorn|116\/352
|-damage|p2a: Jimmy|301\/401|[from] ability: Iron Barbs|[of] p1a: Ferrothorn
|-damage|p2a: Jimmy|235\/401|[from] item: Rocky Helmet|[of] p1a: Ferrothorn
|-unboost|p2a: Jimmy|atk|1
|-unboost|p2a: Jimmy|def|1
|move|p1a: Ferrothorn|Spikes|p2a: Jimmy
|-sidestart|p2: X TREE|Spikes
|
|turn|7
|
|switch|p1a: StrongLikeLando|Landorus, M|320\/320
|move|p2a: Jimmy|Superpower|p1a: StrongLikeLando
|-resisted|p1a: StrongLikeLando
|-damage|p1a: StrongLikeLando|257\/320
|-unboost|p2a: Jimmy|atk|1
|-unboost|p2a: Jimmy|def|1
|
|turn|8
|
|switch|p2a: Edd|Scizor, M|65\/331
|-damage|p2a: Edd|24\/331|[from] Stealth Rock
|-damage|p2a: Edd|0 fnt|[from] Spikes
|faint|p2a: Edd
|move|p1a: StrongLikeLando|Psychic|p2: Edd|[notarget]
|-notarget
|
|
|switch|p2a: Rolf|Infernape, F|293\/293
|-damage|p2a: Rolf|257\/293|[from] Spikes
|-damage|p2a: Rolf|221\/293|[from] Stealth Rock
|turn|9
|
|switch|p1a: ItsRaining|Latios, M, shiny|212\/302
|move|p2a: Rolf|U-turn|p1a: ItsRaining
|-supereffective|p1a: ItsRaining
|-damage|p1a: ItsRaining|82\/302
|
|switch|p2a: Ed|Landorus-Therian, M|319\/319
|-damage|p2a: Ed|280\/319|[from] Stealth Rock
|-ability|p2a: Ed|Intimidate|[of] p1a: ItsRaining
|-unboost|p1a: ItsRaining|atk|1
|
|turn|10
|
|switch|p1a: StrongLikeLando|Landorus, M|257\/320
|move|p2a: Ed|U-turn|p1a: StrongLikeLando
|-resisted|p1a: StrongLikeLando
|-damage|p1a: StrongLikeLando|208\/320
|
|switch|p2a: Rolf|Infernape, F|221\/293
|-damage|p2a: Rolf|185\/293|[from] Stealth Rock
|-damage|p2a: Rolf|149\/293|[from] Spikes
|
|turn|11
|
|move|p2a: Rolf|Fire Blast|p1a: StrongLikeLando|[miss]
|-miss|p2a: Rolf|p1a: StrongLikeLando
|move|p1a: StrongLikeLando|Psychic|p2a: Rolf
|-supereffective|p2a: Rolf
|-damage|p2a: Rolf|0 fnt
|faint|p2a: Rolf
|
|-message|X TREE forfeited.
|
|win|Hogback_fosh_men
|raw|Ladder updating...
|leave|X TREE
|player|p2
|raw|Hogback_fosh_men's rating: 1749 &rarr; <strong>1763<\/strong><br \/>(+14 for winning)
|raw|X TREE's rating: 1627 &rarr; <strong>1614<\/strong><br \/>(-13 for losing)