|join|Mistakess
|join|5th
|player|p1|Mistakess|40
|player|p2|5th|20
|gametype|singles
|gen|6
|tier|OU
|clearpoke
|poke|p1|Greninja, M, shiny
|poke|p1|Charizard, M
|poke|p1|Infernape, M
|poke|p1|Dragonite, F
|poke|p1|Azumarill, F, shiny
|poke|p1|Scizor, M
|poke|p2|Metagross
|poke|p2|Rotom-Wash
|poke|p2|Ferrothorn, M
|poke|p2|Landorus-Therian, M
|poke|p2|Keldeo
|poke|p2|Latias, F
|rule|Swagger Clause: Swagger is banned
|rule|Baton Pass Clause: Limit one Pokémon knowing Baton Pass
|rule|Sleep Clause Mod: Limit one foe put to sleep
|rule|Species Clause: Limit one of each Pokémon
|rule|OHKO Clause: OHKO moves are banned
|rule|Moody Clause: Moody is banned
|rule|Evasion Moves Clause: Evasion moves are banned
|rule|Endless Battle Clause: Forcing endless battles is banned
|rule|HP Percentage Mod: HP is shown in percentages
|teampreview
|join|Prof Celebi
|c|★5th|nape!
|join|gyarad0site
|join|bommer
|c| Prof Celebi|shiny azu
|c|★5th|gl
|
|start
|switch|p1a: Lancer|Infernape, M|293\/293
|switch|p2a: Rotom-Wash|Rotom-Wash|303\/303
|turn|1
|leave|Prof Celebi
|
|move|p1a: Lancer|Stealth Rock|p2a: Rotom-Wash
|-sidestart|p2: 5th|move: Stealth Rock
|move|p2a: Rotom-Wash|Volt Switch|p1a: Lancer
|-damage|p1a: Lancer|184\/293
|join|DoneWithFinals
|join|Murkrow Jupiter
|
|switch|p2a: Landorus-Therian|Landorus-Therian, M|319\/319
|-damage|p2a: Landorus-Therian|280\/319|[from] Stealth Rock
|-ability|p2a: Landorus-Therian|Intimidate|[of] p1a: Lancer
|-unboost|p1a: Lancer|atk|1
|
|turn|2
|join|l123
|
|move|p2a: Landorus-Therian|U-turn|p1a: Lancer
|-resisted|p1a: Lancer
|-damage|p1a: Lancer|153\/293
|leave|DoneWithFinals
|
|switch|p2a: Latias|Latias, F|301\/301
|-damage|p2a: Latias|264\/301|[from] Stealth Rock
|move|p1a: Lancer|Fire Blast|p2a: Latias
|-resisted|p2a: Latias
|-damage|p2a: Latias|199\/301
|-status|p2a: Latias|brn
|
|-damage|p2a: Latias|162\/301 brn|[from] brn
|turn|3
|join|SwAg-WiZ
|
|switch|p1a: Assassin|Greninja, M, shiny|285\/285
|move|p2a: Latias|Psyshock|p1a: Assassin
|-immune|p1a: Assassin|[msg]
|
|-damage|p2a: Latias|125\/301 brn|[from] brn
|turn|4
|
|switch|p2a: Rotom-Wash|Rotom-Wash|303\/303
|-damage|p2a: Rotom-Wash|266\/303|[from] Stealth Rock
|move|p1a: Assassin|Ice Beam|p2a: Rotom-Wash
|-start|p1a: Assassin|typechange|Ice|[from] Protean
|-resisted|p2a: Rotom-Wash
|-damage|p2a: Rotom-Wash|184\/303
|-damage|p1a: Assassin|257\/285|[from] item: Life Orb
|
|-heal|p2a: Rotom-Wash|202\/303|[from] item: Leftovers
|turn|5
|
|move|p1a: Assassin|Extrasensory|p2a: Rotom-Wash
|-start|p1a: Assassin|typechange|Psychic|[from] Protean
|-damage|p2a: Rotom-Wash|50\/303
|-damage|p1a: Assassin|229\/285|[from] item: Life Orb
|cant|p2a: Rotom-Wash|flinch
|
|-heal|p2a: Rotom-Wash|68\/303|[from] item: Leftovers
|turn|6
|c|★Mistakess|wowowow
|
|switch|p2a: Ferrothorn|Ferrothorn, M|352\/352
|-damage|p2a: Ferrothorn|330\/352|[from] Stealth Rock
|move|p1a: Assassin|Extrasensory|p2a: Ferrothorn
|-resisted|p2a: Ferrothorn
|-damage|p2a: Ferrothorn|272\/352
|-damage|p1a: Assassin|201\/285|[from] item: Life Orb
|
|-heal|p2a: Ferrothorn|294\/352|[from] item: Leftovers
|turn|7
|
|switch|p1a: Saber|Dragonite, F|323\/323
|switch|p2a: Keldeo|Keldeo|323\/323
|-damage|p2a: Keldeo|303\/323|[from] Stealth Rock
|
|-heal|p2a: Keldeo|323\/323|[from] item: Leftovers
|turn|8
|
|switch|p2a: Landorus-Therian|Landorus-Therian, M|280\/319
|-damage|p2a: Landorus-Therian|241\/319|[from] Stealth Rock
|-ability|p2a: Landorus-Therian|Intimidate|[of] p1a: Saber
|-unboost|p1a: Saber|atk|1
|move|p1a: Saber|Draco Meteor|p2a: Landorus-Therian
|-damage|p2a: Landorus-Therian|0 fnt
|-unboost|p1a: Saber|spa|2
|-damage|p1a: Saber|291\/323|[from] item: Life Orb
|faint|p2a: Landorus-Therian
|
|
|switch|p2a: Metagross|Metagross|301\/301
|-damage|p2a: Metagross|283\/301|[from] Stealth Rock
|turn|9
|
|detailschange|p2a: Metagross|Metagross-Mega
|message|Metagross has Mega Evolved into Mega Metagross!
|move|p2a: Metagross|Meteor Mash|p1a: Saber
|-damage|p1a: Saber|11\/323
|move|p1a: Saber|Fire Blast|p2a: Metagross
|-supereffective|p2a: Metagross
|-damage|p2a: Metagross|143\/301
|-damage|p1a: Saber|0 fnt|[from] item: Life Orb
|faint|p1a: Saber
|
|
|switch|p1a: Assassin|Greninja, M, shiny|201\/285
|turn|10
|
|switch|p1a: Lancer|Infernape, M|153\/293
|switch|p2a: Keldeo|Keldeo|323\/323
|-damage|p2a: Keldeo|303\/323|[from] Stealth Rock
|
|-heal|p2a: Keldeo|323\/323|[from] item: Leftovers
|turn|11
|
|switch|p1a: Rider|Azumarill, F, shiny|403\/403
|move|p2a: Keldeo|Scald|p1a: Rider
|-resisted|p1a: Rider
|-damage|p1a: Rider|323\/403
|-status|p1a: Rider|brn
|
|-damage|p1a: Rider|273\/403 brn|[from] brn
|turn|12
|
|move|p2a: Keldeo|Substitute|p2a: Keldeo
|-start|p2a: Keldeo|Substitute
|-damage|p2a: Keldeo|243\/323
|move|p1a: Rider|Play Rough|p2a: Keldeo
|-supereffective|p2a: Keldeo
|-end|p2a: Keldeo|Substitute
|
|-heal|p2a: Keldeo|263\/323|[from] item: Leftovers
|-damage|p1a: Rider|223\/403 brn|[from] brn
|turn|13
|
|switch|p2a: Ferrothorn|Ferrothorn, M|294\/352
|-damage|p2a: Ferrothorn|272\/352|[from] Stealth Rock
|move|p1a: Rider|Play Rough|p2a: Ferrothorn
|-resisted|p2a: Ferrothorn
|-damage|p2a: Ferrothorn|221\/352
|-damage|p1a: Rider|173\/403 brn|[from] ability: Iron Barbs|[of] p2a: Ferrothorn
|
|-heal|p2a: Ferrothorn|243\/352|[from] item: Leftovers
|-damage|p1a: Rider|123\/403 brn|[from] brn
|turn|14
|
|switch|p1a: Berserker|Charizard, M|333\/333
|move|p2a: Ferrothorn|Stealth Rock|p1a: Berserker
|-sidestart|p1: Mistakess|move: Stealth Rock
|
|-heal|p2a: Ferrothorn|265\/352|[from] item: Leftovers
|turn|15
|
|detailschange|p1a: Berserker|Charizard-Mega-X, M
|message|Charizard has Mega Evolved into Mega Charizard!
|move|p1a: Berserker|Dragon Dance|p1a: Berserker
|-boost|p1a: Berserker|atk|1
|-boost|p1a: Berserker|spe|1
|move|p2a: Ferrothorn|Leech Seed|p1a: Berserker
|-start|p1a: Berserker|move: Leech Seed
|
|-heal|p2a: Ferrothorn|287\/352|[from] item: Leftovers
|-damage|p1a: Berserker|292\/333|[from] Leech Seed|[of] p2a: Ferrothorn
|-heal|p2a: Ferrothorn|328\/352|[silent]
|turn|16
|
|switch|p2a: Rotom-Wash|Rotom-Wash|68\/303
|-damage|p2a: Rotom-Wash|31\/303|[from] Stealth Rock
|move|p1a: Berserker|Fire Punch|p2a: Rotom-Wash
|-resisted|p2a: Rotom-Wash
|-damage|p2a: Rotom-Wash|0 fnt
|faint|p2a: Rotom-Wash
|
|
|switch|p2a: Keldeo|Keldeo|263\/323
|-damage|p2a: Keldeo|243\/323|[from] Stealth Rock
|turn|17
|
|switch|p2a: Ferrothorn|Ferrothorn, M|328\/352
|-damage|p2a: Ferrothorn|306\/352|[from] Stealth Rock
|move|p1a: Berserker|Dragon Claw|p2a: Ferrothorn
|-resisted|p2a: Ferrothorn
|-damage|p2a: Ferrothorn|197\/352
|-damage|p1a: Berserker|251\/333|[from] ability: Iron Barbs|[of] p2a: Ferrothorn
|
|-heal|p2a: Ferrothorn|219\/352|[from] item: Leftovers
|-damage|p1a: Berserker|210\/333|[from] Leech Seed|[of] p2a: Ferrothorn
|-heal|p2a: Ferrothorn|260\/352|[silent]
|turn|18
|
|move|p2a: Ferrothorn|Protect|p2a: Ferrothorn
|-singleturn|p2a: Ferrothorn|Protect
|move|p1a: Berserker|Fire Punch|p2a: Ferrothorn
|-activate|p2a: Ferrothorn|Protect
|
|-heal|p2a: Ferrothorn|282\/352|[from] item: Leftovers
|-damage|p1a: Berserker|169\/333|[from] Leech Seed|[of] p2a: Ferrothorn
|-heal|p2a: Ferrothorn|323\/352|[silent]
|turn|19
|
|switch|p2a: Latias|Latias, F|125\/301 brn
|-damage|p2a: Latias|88\/301 brn|[from] Stealth Rock
|move|p1a: Berserker|Fire Punch|p2a: Latias
|-crit|p2a: Latias
|-resisted|p2a: Latias
|-damage|p2a: Latias|0 fnt
|faint|p2a: Latias
|
|
|switch|p2a: Ferrothorn|Ferrothorn, M|323\/352
|-damage|p2a: Ferrothorn|301\/352|[from] Stealth Rock
|turn|20
|c|★Mistakess|is this time stall?
|
|move|p1a: Berserker|Roost|p1a: Berserker
|-heal|p1a: Berserker|333\/333
|move|p2a: Ferrothorn|Gyro Ball|p1a: Berserker
|-resisted|p1a: Berserker
|-damage|p1a: Berserker|252\/333
|
|-heal|p2a: Ferrothorn|323\/352|[from] item: Leftovers
|-damage|p1a: Berserker|211\/333|[from] Leech Seed|[of] p2a: Ferrothorn
|-heal|p2a: Ferrothorn|352\/352|[silent]
|turn|21
|c|★5th|prob
|
|move|p1a: Berserker|Fire Punch|p2a: Ferrothorn
|-supereffective|p2a: Ferrothorn
|-damage|p2a: Ferrothorn|0 fnt
|-damage|p1a: Berserker|170\/333|[from] ability: Iron Barbs|[of] p2a: Ferrothorn
|faint|p2a: Ferrothorn
|
|
|switch|p2a: Keldeo|Keldeo|243\/323
|-damage|p2a: Keldeo|223\/323|[from] Stealth Rock
|turn|22
|c|★5th|well, gg
|
|move|p1a: Berserker|Dragon Claw|p2a: Keldeo
|-damage|p2a: Keldeo|0 fnt
|faint|p2a: Keldeo
|
|
|switch|p2a: Metagross|Metagross-Mega|143\/301
|-damage|p2a: Metagross|125\/301|[from] Stealth Rock
|turn|23
|c|★Mistakess|gg
|
|move|p1a: Berserker|Fire Punch|p2a: Metagross
|-supereffective|p2a: Metagross
|-damage|p2a: Metagross|0 fnt
|faint|p2a: Metagross
|
|win|Mistakess
|leave|5th
|player|p2