|join|Jefo
|join|5th
|player|p1|Jefo|98
|player|p2|5th|20
|gametype|singles
|gen|6
|tier|OU
|clearpoke
|poke|p1|Azumarill, F, shiny
|poke|p1|Keldeo-Resolute, shiny
|poke|p1|Diggersby, M, shiny
|poke|p1|Metagross, shiny
|poke|p1|Ferrothorn, M, shiny
|poke|p1|Slowbro, F, shiny
|poke|p2|Gallade, M
|poke|p2|Bisharp, F
|poke|p2|Clefable, F
|poke|p2|Gengar, F
|poke|p2|Rotom-Wash
|poke|p2|Landorus-Therian, M
|rule|Swagger Clause: Swagger is banned
|rule|Baton Pass Clause: Limit one Pokémon knowing Baton Pass
|rule|Sleep Clause Mod: Limit one foe put to sleep
|rule|Species Clause: Limit one of each Pokémon
|rule|OHKO Clause: OHKO moves are banned
|rule|Moody Clause: Moody is banned
|rule|Evasion Moves Clause: Evasion moves are banned
|rule|Endless Battle Clause: Forcing endless battles is banned
|rule|HP Percentage Mod: HP is shown in percentages
|teampreview
|join|HuffleYourPuff
|join|Jeevs
|join|JDynasty
|join|Shadow Poochyena
|join|Venom GT
|join|slim MAttie
|join|Bloodz
|join|SwaggBoi
|join|UrsaReign
|join|nogard23
|c| Jeevs|finals?
|leave|JDynasty
|join|i love drake
|join|JDynasty
|join|SharpAsAttack
|join|Vogas
|join|Diagnostic
|join|Slacking King
|join|LonelyAtTheBottom
|join|Mouzourides
|c| slim MAttie|y
|join|Where Dey At Doe
|c| Jeevs|wow gj 5th
|c|★Jefo|your team x_x
|join|use1her1name1
|join|Monsey
|c| JDynasty|yes
|join|Alvadora
|c| JDynasty|finals
|c|★5th|YOUR team
|join|Prankster
|join|Candk
|c| Jeevs|my team ._.
|c|★5th|well, glhf
|
|start
|switch|p1a: Dild|Keldeo-Resolute, shiny|322\/322
|switch|p2a: Rotom-Wash|Rotom-Wash|303\/303
|turn|1
|join|Kung Fu Pancham
|join|Qubae
|join|hyper887
|c| UrsaReign|hydro 5th
|join|asfsdgdfgfgh
|join|pertatohbro
|join|Politoed in Green
|c|★5th|Sorry, had to afk
|
|switch|p1a: Ferrothorn|Ferrothorn, M, shiny|352\/352
|move|p2a: Rotom-Wash|Volt Switch|p1a: Ferrothorn
|-crit|p1a: Ferrothorn
|-resisted|p1a: Ferrothorn
|-damage|p1a: Ferrothorn|293\/352
|join|shadowthorn
|
|switch|p2a: Gallade|Gallade, M|277\/277
|
|turn|2
|c|★Jefo|good start
|
|switch|p1a: Slowbro|Slowbro, F, shiny|394\/394
|detailschange|p2a: Gallade|Gallade-Mega, M
|message|Gallade has Mega Evolved into Mega Gallade!
|move|p2a: Gallade|Knock Off|p1a: Slowbro
|-supereffective|p1a: Slowbro
|-damage|p1a: Slowbro|206\/394
|-enditem|p1a: Slowbro|Leftovers|[from] move: Knock Off|[of] p2a: Gallade
|
|turn|3
|c| Where Dey At Doe|Gallade looks like it's going to put in work
|c| SharpAsAttack|w0w would have been best play imo
|
|switch|p2a: Clefable|Clefable, F|394\/394
|switch|p1a: Metagross|Metagross, shiny|301\/301
|
|turn|4
|join|Doctor Octagon
|
|switch|p1a: Ferrothorn|Ferrothorn, M, shiny|293\/352
|switch|p2a: Rotom-Wash|Rotom-Wash|303\/303
|
|turn|5
|
|move|p2a: Rotom-Wash|Will-O-Wisp|p1a: Ferrothorn
|-status|p1a: Ferrothorn|brn
|move|p1a: Ferrothorn|Stealth Rock|p2a: Rotom-Wash
|-sidestart|p2: 5th|move: Stealth Rock
|
|-damage|p1a: Ferrothorn|249\/352 brn|[from] brn
|turn|6
|
|move|p2a: Rotom-Wash|Volt Switch|p1a: Ferrothorn
|-resisted|p1a: Ferrothorn
|-damage|p1a: Ferrothorn|208\/352 brn
|
|switch|p2a: Clefable|Clefable, F|394\/394
|move|p1a: Ferrothorn|Leech Seed|p2a: Clefable
|-start|p2a: Clefable|move: Leech Seed
|
|-damage|p1a: Ferrothorn|164\/352 brn|[from] brn
|turn|7
|join|slownif
|
|switch|p1a: Slowbro|Slowbro, F, shiny|337\/394
|move|p2a: Clefable|Stealth Rock|p1a: Slowbro
|-sidestart|p1: Jefo|move: Stealth Rock
|
|turn|8
|
|switch|p1a: Metagross|Metagross, shiny|301\/301
|-damage|p1a: Metagross|283\/301|[from] Stealth Rock
|move|p2a: Clefable|Moonblast|p1a: Metagross
|-crit|p1a: Metagross
|-resisted|p1a: Metagross
|-damage|p1a: Metagross|197\/301
|
|turn|9
|
|switch|p2a: Rotom-Wash|Rotom-Wash|303\/303
|-damage|p2a: Rotom-Wash|266\/303|[from] Stealth Rock
|detailschange|p1a: Metagross|Metagross-Mega, shiny
|message|Metagross has Mega Evolved into Mega Metagross!
|move|p1a: Metagross|Earthquake|p2a: Rotom-Wash
|-immune|p2a: Rotom-Wash|[msg]
|
|-heal|p2a: Rotom-Wash|284\/303|[from] item: Leftovers
|turn|10
|
|switch|p1a: Ferrothorn|Ferrothorn, M, shiny|164\/352 brn
|-damage|p1a: Ferrothorn|142\/352 brn|[from] Stealth Rock
|move|p2a: Rotom-Wash|Volt Switch|p1a: Ferrothorn
|-resisted|p1a: Ferrothorn
|-damage|p1a: Ferrothorn|103\/352 brn
|
|switch|p2a: Gallade|Gallade-Mega, M|277\/277
|-damage|p2a: Gallade|260\/277|[from] Stealth Rock
|
|-damage|p1a: Ferrothorn|59\/352 brn|[from] brn
|turn|11
|
|move|p2a: Gallade|Knock Off|p1a: Ferrothorn
|-damage|p1a: Ferrothorn|0 fnt
|-damage|p2a: Gallade|226\/277|[from] ability: Iron Barbs|[of] p1a: Ferrothorn
|-enditem|p1a: Ferrothorn|Shed Shell|[from] move: Knock Off|[of] p2a: Gallade
|faint|p1a: Ferrothorn
|
|c| nogard23|eq with 3 mons that dont get hit by it 0.0
|c| Jeevs|rotom putting in werk
|join|hi im hanyuu
|
|switch|p1a: Slowbro|Slowbro, F, shiny|394\/394
|-damage|p1a: Slowbro|345\/394|[from] Stealth Rock
|turn|12
|
|switch|p2a: Clefable|Clefable, F|394\/394
|move|p1a: Slowbro|Psyshock|p2a: Clefable
|-damage|p2a: Clefable|298\/394
|
|-heal|p2a: Clefable|322\/394|[from] item: Leftovers
|turn|13
|
|switch|p1a: Metagross|Metagross-Mega, shiny|197\/301
|-damage|p1a: Metagross|179\/301|[from] Stealth Rock
|move|p2a: Clefable|Fire Blast|p1a: Metagross|[miss]
|-miss|p2a: Clefable|p1a: Metagross
|
|-heal|p2a: Clefable|346\/394|[from] item: Leftovers
|turn|14
|c| Slacking King|men at werk
|c| SharpAsAttack|rotom always puts in work lol
|c|★5th|so close
|c| UrsaReign|miss mattered
|join|DaBigBlueBoat
|c| Where Dey At Doe|Did it?
|leave|slownif
|c| SharpAsAttack|ofc it did
|join|NootScope
|
|switch|p2a: Rotom-Wash|Rotom-Wash|284\/303
|-damage|p2a: Rotom-Wash|247\/303|[from] Stealth Rock
|move|p1a: Metagross|Zen Headbutt|p2a: Rotom-Wash
|-damage|p2a: Rotom-Wash|105\/303
|
|-heal|p2a: Rotom-Wash|123\/303|[from] item: Leftovers
|turn|15
|leave|NootScope
|
|switch|p2a: Bisharp|Bisharp, F|271\/271
|-damage|p2a: Bisharp|255\/271|[from] Stealth Rock
|move|p1a: Metagross|Zen Headbutt|p2a: Bisharp
|-immune|p2a: Bisharp|[msg]
|
|turn|16
|
|switch|p1a: Dild|Keldeo-Resolute, shiny|322\/322
|-damage|p1a: Dild|302\/322|[from] Stealth Rock
|move|p2a: Bisharp|Sucker Punch|p1a: Dild
|-fail|p1a: Dild
|
|turn|17
|join|Zamrock
|join|CorvusPeroxied
|c| nogard23|eq woulda been real right there
|join|UnB0lievable
|
|switch|p2a: Clefable|Clefable, F|346\/394
|move|p1a: Dild|Secret Sword|p2a: Clefable
|-resisted|p2a: Clefable
|-damage|p2a: Clefable|268\/394
|
|-heal|p2a: Clefable|292\/394|[from] item: Leftovers
|turn|18
|join|CorvusPeroxide
|
|move|p1a: Dild|Calm Mind|p1a: Dild
|-boost|p1a: Dild|spa|1
|-boost|p1a: Dild|spd|1
|move|p2a: Clefable|Moonblast|p1a: Dild
|-supereffective|p1a: Dild
|-damage|p1a: Dild|138\/322
|-unboost|p1a: Dild|spa|1
|
|-heal|p2a: Clefable|316\/394|[from] item: Leftovers
|turn|19
|
|move|p1a: Dild|Scald|p2a: Clefable
|-damage|p2a: Clefable|198\/394
|-status|p2a: Clefable|brn
|move|p2a: Clefable|Moonblast|p1a: Dild
|-supereffective|p1a: Dild
|-damage|p1a: Dild|0 fnt
|faint|p1a: Dild
|
|-heal|p2a: Clefable|222\/394 brn|[from] item: Leftovers
|
|switch|p1a: Metagross|Metagross-Mega, shiny|179\/301
|-damage|p1a: Metagross|161\/301|[from] Stealth Rock
|turn|20
|leave|i love drake
|c|★Jefo|almost clciked eq
|c| SharpAsAttack|predictions time
|
|switch|p2a: Landorus-Therian|Landorus-Therian, M|319\/319
|-damage|p2a: Landorus-Therian|280\/319|[from] Stealth Rock
|-ability|p2a: Landorus-Therian|Intimidate|[of] p1a: Metagross
|-unboost|p1a: Metagross|atk|1
|move|p1a: Metagross|Meteor Mash|p2a: Landorus-Therian
|-crit|p2a: Landorus-Therian
|-damage|p2a: Landorus-Therian|0 fnt
|faint|p2a: Landorus-Therian
|
|c|★5th|o
|c| slim MAttie|0.0
|c| Vogas|...
|c| nogard23|its hard to with 3 mons that dont get hit by it
|c| Mouzourides|:(
|c| Slacking King|...
|c| hi im hanyuu|holy dick
|c| UrsaReign|crit mattered
|c| Where Dey At Doe|Did it?
|c| UrsaReign|yea
|c| slim MAttie|no it didnt
|c|★Jefo|i cant get past clef+rotom
|join|shartruce2
|c| UrsaReign|that certainly did
|c| JDynasty|yeah it did
|c| slim MAttie|nah
|c| SharpAsAttack|it was at -1
|
|switch|p2a: Bisharp|Bisharp, F|255\/271
|-damage|p2a: Bisharp|239\/271|[from] Stealth Rock
|turn|21
|
|switch|p1a: Azumarill|Azumarill, F, shiny|404\/404
|-damage|p1a: Azumarill|354\/404|[from] Stealth Rock
|move|p2a: Bisharp|Swords Dance|p2a: Bisharp
|-boost|p2a: Bisharp|atk|2
|
|turn|22
|c| slim MAttie|didn't matter
|join|Yiffeon
|
|move|p2a: Bisharp|Iron Head|p1a: Azumarill
|-damage|p1a: Azumarill|0 fnt
|faint|p1a: Azumarill
|
|c| Diagnostic|sarcasm anyone?
|c| slim MAttie|;)
|c| UnB0lievable|ooh
|
|switch|p1a: Metagross|Metagross-Mega, shiny|161\/301
|-damage|p1a: Metagross|143\/301|[from] Stealth Rock
|turn|23
|
|move|p2a: Bisharp|Sucker Punch|p1a: Metagross
|-crit|p1a: Metagross
|-supereffective|p1a: Metagross
|-damage|p1a: Metagross|0 fnt
|faint|p1a: Metagross
|
|c| SharpAsAttack|lol
|
|switch|p1a: Diggersby|Diggersby, M, shiny|311\/311
|-damage|p1a: Diggersby|292\/311|[from] Stealth Rock
|turn|24
|c| Where Dey At Doe|I know his spread didn't matter
|join|Preverb
|c| slim MAttie|^
|
|move|p2a: Bisharp|Sucker Punch|p1a: Diggersby
|-fail|p1a: Diggersby
|move|p1a: Diggersby|Swords Dance|p1a: Diggersby
|-boost|p1a: Diggersby|atk|2
|
|turn|25
|c| Jeevs|o shit
|c|★5th|the sd game
|
|move|p1a: Diggersby|Earthquake|p2a: Bisharp
|-supereffective|p2a: Bisharp
|-damage|p2a: Bisharp|0 fnt
|-damage|p1a: Diggersby|261\/311|[from] item: Life Orb
|faint|p2a: Bisharp
|
|c| Jeevs|.
|join|PLEASE MURDER ME
|c| Jeevs|i think he won the sd game
|
|switch|p2a: Gengar|Gengar, F|259\/259
|-damage|p2a: Gengar|227\/259|[from] Stealth Rock
|turn|26
|c| hi im hanyuu|uhh oh
|c| UrsaReign|how digger gonna gengar?
|c| SwaggBoi|oh
|c| Zamrock|jolly diggersby?
|c| hi im hanyuu|nevermind
|
|switch|p1a: Slowbro|Slowbro, F, shiny|394\/394
|-damage|p1a: Slowbro|345\/394|[from] Stealth Rock
|move|p2a: Gengar|Focus Blast|p1a: Slowbro|[miss]
|-miss|p2a: Gengar|p1a: Slowbro
|
|turn|27
|c|★Jefo|av bro
|c|★Jefo|lgi
|
|switch|p2a: Clefable|Clefable, F|222\/394 brn
|move|p1a: Slowbro|Psyshock|p2a: Clefable
|-damage|p2a: Clefable|113\/394 brn
|
|-heal|p2a: Clefable|137\/394 brn|[from] item: Leftovers
|turn|28
|
|switch|p1a: Diggersby|Diggersby, M, shiny|261\/311
|-damage|p1a: Diggersby|242\/311|[from] Stealth Rock
|move|p2a: Clefable|Soft-Boiled|p2a: Clefable
|-heal|p2a: Clefable|334\/394 brn
|
|-heal|p2a: Clefable|358\/394 brn|[from] item: Leftovers
|turn|29
|c|★5th|I really
|c|★5th|don't think you have Knock Off
|c|★Jefo|i-i do
|c|★5th|eh, fuck it
|
|switch|p2a: Gengar|Gengar, F|227\/259
|-damage|p2a: Gengar|195\/259|[from] Stealth Rock
|move|p1a: Diggersby|Earthquake|p2a: Gengar
|-immune|p2a: Gengar|[msg]
|
|turn|30
|join|StripShot
|
|move|p1a: Diggersby|Quick Attack|p2a: Gengar
|-immune|p2a: Gengar|[msg]
|move|p2a: Gengar|Shadow Ball|p1a: Diggersby
|-immune|p1a: Diggersby|[msg]
|
|turn|31
|
|switch|p1a: Slowbro|Slowbro, F, shiny|394\/394
|-damage|p1a: Slowbro|345\/394|[from] Stealth Rock
|move|p2a: Gengar|Shadow Ball|p1a: Slowbro
|-supereffective|p1a: Slowbro
|-damage|p1a: Slowbro|0 fnt
|-damage|p2a: Gengar|170\/259|[from] item: Life Orb
|faint|p1a: Slowbro
|
|join|Chivalry Abounds
|c| slim MAttie|rofl
|c| UrsaReign|the read
|c| Venom GT|reveal knock off
|
|switch|p1a: Diggersby|Diggersby, M, shiny|242\/311
|-damage|p1a: Diggersby|223\/311|[from] Stealth Rock
|turn|32
|c| SharpAsAttack|:O
|c| UnB0lievable|lmao
|c|★Jefo|g_g
|c| Jeevs|gg
|leave|PLEASE MURDER ME
|c| use1her1name1|get  shrekt
|c|★5th|gg
|
|move|p2a: Gengar|Focus Blast|p1a: Diggersby
|-supereffective|p1a: Diggersby
|-damage|p1a: Diggersby|0 fnt
|-damage|p2a: Gengar|145\/259|[from] item: Life Orb
|faint|p1a: Diggersby
|
|win|5th
|c| Venom GT|gg
|leave|Zamrock
|leave|Jefo
|player|p1
|c| Slacking King|gg
|leave|Qubae
|leave|Jeevs
|leave|nogard23
|leave|5th
|player|p2
|leave|UrsaReign
|leave|hyper887
|c| use1her1name1|you can't just try to outplay for one turn
|leave|Prankster
|leave|hi im hanyuu
|leave|UnB0lievable