|join|lil manaphy
|join|5th
|player|p1|lil manaphy|8
|player|p2|5th|52
|gametype|singles
|gen|6
|tier|OU
|rated
|clearpoke
|poke|p1|Lopunny, F
|poke|p1|Rotom-Wash
|poke|p1|Gothitelle, F
|poke|p1|Mandibuzz, F
|poke|p1|Heatran, M
|poke|p1|Celebi
|poke|p2|Metagross
|poke|p2|Rotom-Wash
|poke|p2|Ferrothorn, F
|poke|p2|Landorus-Therian, M
|poke|p2|Keldeo
|poke|p2|Latias, F
|rule|Swagger Clause: Swagger is banned
|rule|Baton Pass Clause: Limit one Pokémon knowing Baton Pass
|rule|Sleep Clause Mod: Limit one foe put to sleep
|rule|Species Clause: Limit one of each Pokémon
|rule|OHKO Clause: OHKO moves are banned
|rule|Moody Clause: Moody is banned
|rule|Evasion Moves Clause: Evasion moves are banned
|rule|Endless Battle Clause: Forcing endless battles is banned
|rule|HP Percentage Mod: HP is shown in percentages
|teampreview
|
|start
|switch|p1a: Rotom-Wash|Rotom-Wash|303\/303
|switch|p2a: Landorus-Therian|Landorus-Therian, M|319\/319
|-ability|p2a: Landorus-Therian|Intimidate|[of] p1a: Rotom-Wash
|-unboost|p1a: Rotom-Wash|atk|1
|turn|1
|
|move|p2a: Landorus-Therian|U-turn|p1a: Rotom-Wash
|-damage|p1a: Rotom-Wash|236\/303
|join|Shiratori_Inoue
|
|switch|p2a: Latias|Latias, F|301\/301
|move|p1a: Rotom-Wash|Will-O-Wisp|p2a: Latias|[miss]
|-miss|p1a: Rotom-Wash|p2a: Latias
|
|-heal|p1a: Rotom-Wash|254\/303|[from] item: Leftovers
|turn|2
|
|switch|p2a: Rotom-Wash|Rotom-Wash|303\/303
|switch|p1a: Celebi|Celebi|404\/404
|
|turn|3
|
|switch|p2a: Metagross|Metagross|301\/301
|move|p1a: Celebi|Giga Drain|p2a: Metagross
|-resisted|p2a: Metagross
|-damage|p2a: Metagross|254\/301
|
|turn|4
|
|switch|p1a: Mandibuzz|Mandibuzz, F|424\/424
|detailschange|p2a: Metagross|Metagross-Mega
|message|Metagross has Mega Evolved into Mega Metagross!
|move|p2a: Metagross|Zen Headbutt|p1a: Mandibuzz
|-immune|p1a: Mandibuzz|[msg]
|
|turn|5
|
|switch|p2a: Rotom-Wash|Rotom-Wash|303\/303
|move|p1a: Mandibuzz|Foul Play|p2a: Rotom-Wash
|-damage|p2a: Rotom-Wash|258\/303
|
|-heal|p2a: Rotom-Wash|276\/303|[from] item: Leftovers
|turn|6
|
|switch|p1a: Celebi|Celebi|404\/404
|move|p2a: Rotom-Wash|Volt Switch|p1a: Celebi
|-resisted|p1a: Celebi
|-damage|p1a: Celebi|374\/404
|
|switch|p2a: Landorus-Therian|Landorus-Therian, M|319\/319
|-ability|p2a: Landorus-Therian|Intimidate|[of] p1a: Celebi
|-unboost|p1a: Celebi|atk|1
|
|-heal|p1a: Celebi|399\/404|[from] item: Leftovers
|turn|7
|
|switch|p1a: Heatran|Heatran, M|386\/386
|move|p2a: Landorus-Therian|U-turn|p1a: Heatran
|-resisted|p1a: Heatran
|-damage|p1a: Heatran|365\/386
|
|switch|p2a: Metagross|Metagross-Mega|254\/301
|
|-heal|p1a: Heatran|386\/386|[from] item: Leftovers
|turn|8
|
|switch|p2a: Rotom-Wash|Rotom-Wash|276\/303
|switch|p1a: Mandibuzz|Mandibuzz, F|424\/424
|
|-heal|p2a: Rotom-Wash|294\/303|[from] item: Leftovers
|turn|9
|
|switch|p1a: Celebi|Celebi|399\/404
|move|p2a: Rotom-Wash|Will-O-Wisp|p1a: Celebi
|-status|p1a: Celebi|brn
|
|-heal|p1a: Celebi|404\/404 brn|[from] item: Leftovers
|-heal|p2a: Rotom-Wash|303\/303|[from] item: Leftovers
|-damage|p1a: Celebi|354\/404 brn|[from] brn
|turn|10
|
|switch|p2a: Latias|Latias, F|301\/301
|move|p1a: Celebi|Baton Pass|p1a: Celebi
|
|switch|p1a: Heatran|Heatran, M|386\/386
|
|turn|11
|
|switch|p2a: Rotom-Wash|Rotom-Wash|303\/303
|move|p1a: Heatran|Stealth Rock|p2a: Rotom-Wash
|-sidestart|p2: 5th|move: Stealth Rock
|
|turn|12
|
|move|p2a: Rotom-Wash|Hydro Pump|p1a: Heatran|[miss]
|-miss|p2a: Rotom-Wash|p1a: Heatran
|move|p1a: Heatran|Toxic|p2a: Rotom-Wash
|-status|p2a: Rotom-Wash|tox
|
|-damage|p2a: Rotom-Wash|285\/303 tox|[from] psn
|turn|13
|
|move|p1a: Heatran|Protect|p1a: Heatran
|-singleturn|p1a: Heatran|Protect
|move|p2a: Rotom-Wash|Volt Switch|p1a: Heatran
|-activate|p1a: Heatran|Protect
|
|-heal|p2a: Rotom-Wash|303\/303 tox|[from] item: Leftovers
|-damage|p2a: Rotom-Wash|267\/303 tox|[from] psn
|turn|14
|
|switch|p1a: Celebi|Celebi|354\/404
|move|p2a: Rotom-Wash|Volt Switch|p1a: Celebi
|-resisted|p1a: Celebi
|-damage|p1a: Celebi|325\/404
|
|switch|p2a: Landorus-Therian|Landorus-Therian, M|319\/319
|-damage|p2a: Landorus-Therian|280\/319|[from] Stealth Rock
|-ability|p2a: Landorus-Therian|Intimidate|[of] p1a: Celebi
|-unboost|p1a: Celebi|atk|1
|
|-heal|p1a: Celebi|350\/404|[from] item: Leftovers
|turn|15
|
|switch|p1a: Mandibuzz|Mandibuzz, F|424\/424
|move|p2a: Landorus-Therian|U-turn|p1a: Mandibuzz
|-damage|p1a: Mandibuzz|360\/424
|
|switch|p2a: Rotom-Wash|Rotom-Wash|267\/303 tox
|-damage|p2a: Rotom-Wash|230\/303 tox|[from] Stealth Rock
|
|-heal|p2a: Rotom-Wash|248\/303 tox|[from] item: Leftovers
|-heal|p1a: Mandibuzz|386\/424|[from] item: Leftovers
|-damage|p2a: Rotom-Wash|230\/303 tox|[from] psn
|turn|16
|
|switch|p1a: Celebi|Celebi|350\/404
|move|p2a: Rotom-Wash|Volt Switch|p1a: Celebi
|-resisted|p1a: Celebi
|-damage|p1a: Celebi|321\/404
|
|switch|p2a: Landorus-Therian|Landorus-Therian, M|280\/319
|-damage|p2a: Landorus-Therian|241\/319|[from] Stealth Rock
|-ability|p2a: Landorus-Therian|Intimidate|[of] p1a: Celebi
|-unboost|p1a: Celebi|atk|1
|
|-heal|p1a: Celebi|346\/404|[from] item: Leftovers
|turn|17
|
|switch|p1a: Rotom-Wash|Rotom-Wash|254\/303
|move|p2a: Landorus-Therian|U-turn|p1a: Rotom-Wash
|-damage|p1a: Rotom-Wash|195\/303
|
|switch|p2a: Latias|Latias, F|301\/301
|-damage|p2a: Latias|264\/301|[from] Stealth Rock
|
|-heal|p1a: Rotom-Wash|213\/303|[from] item: Leftovers
|turn|18
|
|switch|p1a: Heatran|Heatran, M|386\/386
|move|p2a: Latias|Defog|p1a: Heatran
|-unboost|p1a: Heatran|evasion|1
|-sideend|p2: 5th|Stealth Rock|[from] move: Defog|[of] p2a: Latias
|
|turn|19
|
|switch|p2a: Metagross|Metagross-Mega|254\/301
|move|p1a: Heatran|Stealth Rock|p2a: Metagross
|-sidestart|p2: 5th|move: Stealth Rock
|
|turn|20
|
|move|p1a: Heatran|Protect|p1a: Heatran
|-singleturn|p1a: Heatran|Protect
|move|p2a: Metagross|Earthquake|p1a: Heatran
|-activate|p1a: Heatran|Protect
|
|turn|21
|
|switch|p1a: Mandibuzz|Mandibuzz, F|386\/424
|move|p2a: Metagross|Earthquake|p1a: Mandibuzz
|-immune|p1a: Mandibuzz|[msg]
|
|-heal|p1a: Mandibuzz|412\/424|[from] item: Leftovers
|turn|22
|
|switch|p2a: Rotom-Wash|Rotom-Wash|230\/303 tox
|-damage|p2a: Rotom-Wash|193\/303 tox|[from] Stealth Rock
|switch|p1a: Lopunny|Lopunny, F|271\/271
|
|-heal|p2a: Rotom-Wash|211\/303 tox|[from] item: Leftovers
|-damage|p2a: Rotom-Wash|193\/303 tox|[from] psn
|turn|23
|
|switch|p2a: Ferrothorn|Ferrothorn, F|352\/352
|-damage|p2a: Ferrothorn|330\/352|[from] Stealth Rock
|detailschange|p1a: Lopunny|Lopunny-Mega, F
|message|Lopunny has Mega Evolved into Mega Lopunny!
|move|p1a: Lopunny|Fake Out|p2a: Ferrothorn
|-resisted|p2a: Ferrothorn
|-damage|p2a: Ferrothorn|303\/352
|-damage|p1a: Lopunny|238\/271|[from] ability: Iron Barbs|[of] p2a: Ferrothorn
|
|-heal|p2a: Ferrothorn|325\/352|[from] item: Leftovers
|turn|24
|
|switch|p1a: Gothitelle|Gothitelle, F|301\/301
|switch|p2a: Latias|Latias, F|264\/301
|-damage|p2a: Latias|227\/301|[from] Stealth Rock
|
|turn|25
|
|switch|p1a: Heatran|Heatran, M|386\/386
|move|p2a: Latias|Draco Meteor|p1a: Heatran
|-resisted|p1a: Heatran
|-damage|p1a: Heatran|296\/386
|-unboost|p2a: Latias|spa|2
|-damage|p2a: Latias|197\/301|[from] item: Life Orb
|
|-heal|p1a: Heatran|320\/386|[from] item: Leftovers
|turn|26
|
|switch|p2a: Rotom-Wash|Rotom-Wash|193\/303 tox
|-damage|p2a: Rotom-Wash|156\/303 tox|[from] Stealth Rock
|move|p1a: Heatran|Toxic|p2a: Rotom-Wash
|-fail|p2a: Rotom-Wash|tox
|
|-heal|p2a: Rotom-Wash|174\/303 tox|[from] item: Leftovers
|-heal|p1a: Heatran|344\/386|[from] item: Leftovers
|-damage|p2a: Rotom-Wash|156\/303 tox|[from] psn
|turn|27
|
|switch|p1a: Celebi|Celebi|346\/404
|move|p2a: Rotom-Wash|Hydro Pump|p1a: Celebi
|-resisted|p1a: Celebi
|-damage|p1a: Celebi|300\/404
|
|-heal|p1a: Celebi|325\/404|[from] item: Leftovers
|-heal|p2a: Rotom-Wash|174\/303 tox|[from] item: Leftovers
|-damage|p2a: Rotom-Wash|138\/303 tox|[from] psn
|turn|28
|
|switch|p2a: Latias|Latias, F|197\/301
|-damage|p2a: Latias|160\/301|[from] Stealth Rock
|move|p1a: Celebi|Giga Drain|p2a: Latias
|-resisted|p2a: Latias
|-damage|p2a: Latias|123\/301
|-heal|p1a: Celebi|344\/404|[from] drain|[of] p2a: Latias
|
|-heal|p1a: Celebi|369\/404|[from] item: Leftovers
|turn|29
|
|switch|p1a: Heatran|Heatran, M|344\/386
|move|p2a: Latias|Defog|p1a: Heatran
|-unboost|p1a: Heatran|evasion|1
|-sideend|p2: 5th|Stealth Rock|[from] move: Defog|[of] p2a: Latias
|
|-heal|p1a: Heatran|368\/386|[from] item: Leftovers
|turn|30
|
|switch|p2a: Rotom-Wash|Rotom-Wash|138\/303 tox
|move|p1a: Heatran|Stealth Rock|p2a: Rotom-Wash
|-sidestart|p2: 5th|move: Stealth Rock
|
|-heal|p2a: Rotom-Wash|156\/303 tox|[from] item: Leftovers
|-heal|p1a: Heatran|386\/386|[from] item: Leftovers
|-damage|p2a: Rotom-Wash|138\/303 tox|[from] psn
|turn|31
|
|switch|p1a: Celebi|Celebi|369\/404
|move|p2a: Rotom-Wash|Pain Split|p1a: Celebi
|-sethp|p1a: Celebi|253\/404|p2a: Rotom-Wash|253\/303 tox|[from] move: Pain Split
|
|-heal|p1a: Celebi|278\/404|[from] item: Leftovers
|-heal|p2a: Rotom-Wash|271\/303 tox|[from] item: Leftovers
|-damage|p2a: Rotom-Wash|235\/303 tox|[from] psn
|turn|32
|join|WECAMEASROMANS
|
|switch|p2a: Ferrothorn|Ferrothorn, F|325\/352
|-damage|p2a: Ferrothorn|303\/352|[from] Stealth Rock
|move|p1a: Celebi|Baton Pass|p1a: Celebi
|
|switch|p1a: Gothitelle|Gothitelle, F|301\/301
|
|-heal|p2a: Ferrothorn|325\/352|[from] item: Leftovers
|turn|33
|
|move|p1a: Gothitelle|Trick|p2a: Ferrothorn
|-activate|p1a: Gothitelle|move: Trick|[of] p2a: Ferrothorn
|-item|p2a: Ferrothorn|Choice Scarf|[from] move: Trick
|-item|p1a: Gothitelle|Leftovers|[from] move: Trick
|move|p2a: Ferrothorn|Gyro Ball|p1a: Gothitelle
|-damage|p1a: Gothitelle|187\/301
|
|-heal|p1a: Gothitelle|205\/301|[from] item: Leftovers
|turn|34
|
|switch|p1a: Rotom-Wash|Rotom-Wash|213\/303
|move|p2a: Ferrothorn|Gyro Ball|p1a: Rotom-Wash
|-resisted|p1a: Rotom-Wash
|-damage|p1a: Rotom-Wash|196\/303
|
|-heal|p1a: Rotom-Wash|214\/303|[from] item: Leftovers
|turn|35
|
|switch|p2a: Rotom-Wash|Rotom-Wash|235\/303 tox
|-damage|p2a: Rotom-Wash|198\/303 tox|[from] Stealth Rock
|move|p1a: Rotom-Wash|Volt Switch|p2a: Rotom-Wash
|-crit|p2a: Rotom-Wash
|-damage|p2a: Rotom-Wash|84\/303 tox
|join|thespiritinthesky
|
|switch|p1a: Lopunny|Lopunny-Mega, F|238\/271
|
|-heal|p2a: Rotom-Wash|102\/303 tox|[from] item: Leftovers
|-damage|p2a: Rotom-Wash|84\/303 tox|[from] psn
|turn|36
|
|switch|p2a: Ferrothorn|Ferrothorn, F|325\/352
|-damage|p2a: Ferrothorn|303\/352|[from] Stealth Rock
|move|p1a: Lopunny|Return|p2a: Ferrothorn
|-resisted|p2a: Ferrothorn
|-damage|p2a: Ferrothorn|237\/352
|-damage|p1a: Lopunny|205\/271|[from] ability: Iron Barbs|[of] p2a: Ferrothorn
|
|turn|37
|
|switch|p1a: Gothitelle|Gothitelle, F|205\/301
|move|p2a: Ferrothorn|Protect|p2a: Ferrothorn
|-fail|p2a: Ferrothorn
|
|-heal|p1a: Gothitelle|223\/301|[from] item: Leftovers
|turn|38
|
|move|p2a: Ferrothorn|Protect|p2a: Ferrothorn
|-singleturn|p2a: Ferrothorn|Protect
|move|p1a: Gothitelle|Calm Mind|p1a: Gothitelle
|-boost|p1a: Gothitelle|spa|1
|-boost|p1a: Gothitelle|spd|1
|
|-heal|p1a: Gothitelle|241\/301|[from] item: Leftovers
|turn|39
|
|move|p2a: Ferrothorn|Protect|p2a: Ferrothorn
|-fail|p2a: Ferrothorn
|move|p1a: Gothitelle|Calm Mind|p1a: Gothitelle
|-boost|p1a: Gothitelle|spa|1
|-boost|p1a: Gothitelle|spd|1
|
|-heal|p1a: Gothitelle|259\/301|[from] item: Leftovers
|turn|40
|
|move|p2a: Ferrothorn|Protect|p2a: Ferrothorn
|-singleturn|p2a: Ferrothorn|Protect
|move|p1a: Gothitelle|Calm Mind|p1a: Gothitelle
|-boost|p1a: Gothitelle|spa|1
|-boost|p1a: Gothitelle|spd|1
|
|-heal|p1a: Gothitelle|277\/301|[from] item: Leftovers
|turn|41
|
|move|p2a: Ferrothorn|Protect|p2a: Ferrothorn
|-fail|p2a: Ferrothorn
|move|p1a: Gothitelle|Calm Mind|p1a: Gothitelle
|-boost|p1a: Gothitelle|spa|1
|-boost|p1a: Gothitelle|spd|1
|
|-heal|p1a: Gothitelle|295\/301|[from] item: Leftovers
|turn|42
|leave|WECAMEASROMANS
|
|move|p2a: Ferrothorn|Protect|p2a: Ferrothorn
|-singleturn|p2a: Ferrothorn|Protect
|move|p1a: Gothitelle|Calm Mind|p1a: Gothitelle
|-boost|p1a: Gothitelle|spa|1
|-boost|p1a: Gothitelle|spd|1
|
|-heal|p1a: Gothitelle|301\/301|[from] item: Leftovers
|turn|43
|
|move|p2a: Ferrothorn|Protect|p2a: Ferrothorn
|-singleturn|p2a: Ferrothorn|Protect
|move|p1a: Gothitelle|Calm Mind|p1a: Gothitelle
|-boost|p1a: Gothitelle|spa|1
|-boost|p1a: Gothitelle|spd|1
|
|turn|44
|
|move|p2a: Ferrothorn|Protect|p2a: Ferrothorn
|-fail|p2a: Ferrothorn
|move|p1a: Gothitelle|Psychic|p2a: Ferrothorn
|-resisted|p2a: Ferrothorn
|-damage|p2a: Ferrothorn|51\/352
|
|turn|45
|
|move|p2a: Ferrothorn|Protect|p2a: Ferrothorn
|-singleturn|p2a: Ferrothorn|Protect
|move|p1a: Gothitelle|Psychic|p2a: Ferrothorn
|-activate|p2a: Ferrothorn|Protect
|
|turn|46
|
|move|p2a: Ferrothorn|Protect|p2a: Ferrothorn
|-fail|p2a: Ferrothorn
|move|p1a: Gothitelle|Psychic|p2a: Ferrothorn
|-resisted|p2a: Ferrothorn
|-damage|p2a: Ferrothorn|0 fnt
|faint|p2a: Ferrothorn
|
|
|switch|p2a: Landorus-Therian|Landorus-Therian, M|241\/319
|-damage|p2a: Landorus-Therian|202\/319|[from] Stealth Rock
|-ability|p2a: Landorus-Therian|Intimidate|[of] p1a: Gothitelle
|-unboost|p1a: Gothitelle|atk|1
|turn|47
|
|move|p2a: Landorus-Therian|U-turn|p1a: Gothitelle
|-supereffective|p1a: Gothitelle
|-damage|p1a: Gothitelle|119\/301
|
|switch|p2a: Latias|Latias, F|123\/301
|-damage|p2a: Latias|86\/301|[from] Stealth Rock
|move|p1a: Gothitelle|Psychic|p2a: Latias
|-resisted|p2a: Latias
|-damage|p2a: Latias|0 fnt
|faint|p2a: Latias
|
|-heal|p1a: Gothitelle|137\/301|[from] item: Leftovers
|
|switch|p2a: Landorus-Therian|Landorus-Therian, M|202\/319
|-damage|p2a: Landorus-Therian|163\/319|[from] Stealth Rock
|-ability|p2a: Landorus-Therian|Intimidate|[of] p1a: Gothitelle
|-unboost|p1a: Gothitelle|atk|1
|turn|48
|
|move|p2a: Landorus-Therian|U-turn|p1a: Gothitelle
|-supereffective|p1a: Gothitelle
|-damage|p1a: Gothitelle|0 fnt
|faint|p1a: Gothitelle
|
|switch|p2a: Keldeo|Keldeo|323\/323
|-damage|p2a: Keldeo|303\/323|[from] Stealth Rock
|
|-heal|p2a: Keldeo|323\/323|[from] item: Leftovers
|
|switch|p1a: Celebi|Celebi|278\/404
|turn|49
|
|switch|p2a: Metagross|Metagross-Mega|254\/301
|-damage|p2a: Metagross|236\/301|[from] Stealth Rock
|move|p1a: Celebi|Giga Drain|p2a: Metagross
|-resisted|p2a: Metagross
|-damage|p2a: Metagross|195\/301
|-heal|p1a: Celebi|299\/404|[from] drain|[of] p2a: Metagross
|
|-heal|p1a: Celebi|324\/404|[from] item: Leftovers
|turn|50
|
|switch|p1a: Mandibuzz|Mandibuzz, F|412\/424
|move|p2a: Metagross|Meteor Mash|p1a: Mandibuzz
|-damage|p1a: Mandibuzz|235\/424
|
|-heal|p1a: Mandibuzz|261\/424|[from] item: Leftovers
|turn|51
|
|switch|p2a: Keldeo|Keldeo|323\/323
|-damage|p2a: Keldeo|303\/323|[from] Stealth Rock
|move|p1a: Mandibuzz|Roost|p1a: Mandibuzz
|-heal|p1a: Mandibuzz|424\/424
|
|-heal|p2a: Keldeo|323\/323|[from] item: Leftovers
|turn|52
|
|switch|p1a: Celebi|Celebi|324\/404
|move|p2a: Keldeo|Calm Mind|p2a: Keldeo
|-boost|p2a: Keldeo|spa|1
|-boost|p2a: Keldeo|spd|1
|
|-heal|p1a: Celebi|349\/404|[from] item: Leftovers
|turn|53
|
|move|p2a: Keldeo|Calm Mind|p2a: Keldeo
|-boost|p2a: Keldeo|spa|1
|-boost|p2a: Keldeo|spd|1
|move|p1a: Celebi|Perish Song|p1a: Celebi
|-fieldactivate|move: Perish Song
|
|-start|p2a: Keldeo|perish3
|-start|p1a: Celebi|perish3
|-heal|p1a: Celebi|374\/404|[from] item: Leftovers
|turn|54
|
|move|p2a: Keldeo|Calm Mind|p2a: Keldeo
|-boost|p2a: Keldeo|spa|1
|-boost|p2a: Keldeo|spd|1
|move|p1a: Celebi|Giga Drain|p2a: Keldeo
|-supereffective|p2a: Keldeo
|-damage|p2a: Keldeo|251\/323
|-heal|p1a: Celebi|404\/404|[from] drain|[of] p2a: Keldeo
|
|-start|p2a: Keldeo|perish2
|-start|p1a: Celebi|perish2
|-heal|p2a: Keldeo|271\/323|[from] item: Leftovers
|turn|55
|
|move|p2a: Keldeo|Scald|p1a: Celebi
|-resisted|p1a: Celebi
|-damage|p1a: Celebi|272\/404
|move|p1a: Celebi|Giga Drain|p2a: Keldeo
|-crit|p2a: Keldeo
|-supereffective|p2a: Keldeo
|-damage|p2a: Keldeo|0 fnt
|-heal|p1a: Celebi|404\/404|[from] drain|[of] p2a: Keldeo
|faint|p2a: Keldeo
|
|-start|p1a: Celebi|perish1
|
|switch|p2a: Landorus-Therian|Landorus-Therian, M|163\/319
|-damage|p2a: Landorus-Therian|124\/319|[from] Stealth Rock
|-ability|p2a: Landorus-Therian|Intimidate|[of] p1a: Celebi
|-unboost|p1a: Celebi|atk|1
|turn|56
|
|switch|p1a: Rotom-Wash|Rotom-Wash|214\/303
|move|p2a: Landorus-Therian|U-turn|p1a: Rotom-Wash
|-damage|p1a: Rotom-Wash|153\/303
|
|switch|p2a: Metagross|Metagross-Mega|195\/301
|-damage|p2a: Metagross|177\/301|[from] Stealth Rock
|
|-heal|p1a: Rotom-Wash|171\/303|[from] item: Leftovers
|turn|57
|
|switch|p1a: Mandibuzz|Mandibuzz, F|424\/424
|move|p2a: Metagross|Meteor Mash|p1a: Mandibuzz|[miss]
|-miss|p2a: Metagross|p1a: Mandibuzz
|
|turn|58
|
|move|p2a: Metagross|Meteor Mash|p1a: Mandibuzz
|-damage|p1a: Mandibuzz|264\/424
|move|p1a: Mandibuzz|Foul Play|p2a: Metagross
|-supereffective|p2a: Metagross
|-damage|p2a: Metagross|0 fnt
|faint|p2a: Metagross
|
|-heal|p1a: Mandibuzz|290\/424|[from] item: Leftovers
|
|switch|p2a: Landorus-Therian|Landorus-Therian, M|124\/319
|-damage|p2a: Landorus-Therian|85\/319|[from] Stealth Rock
|-ability|p2a: Landorus-Therian|Intimidate|[of] p1a: Mandibuzz
|-unboost|p1a: Mandibuzz|atk|1
|turn|59
|
|move|p2a: Landorus-Therian|Stone Edge|p1a: Mandibuzz
|-supereffective|p1a: Mandibuzz
|-damage|p1a: Mandibuzz|116\/424
|move|p1a: Mandibuzz|Foul Play|p2a: Landorus-Therian
|-damage|p2a: Landorus-Therian|0 fnt
|faint|p2a: Landorus-Therian
|
|-heal|p1a: Mandibuzz|142\/424|[from] item: Leftovers
|
|switch|p2a: Rotom-Wash|Rotom-Wash|84\/303 tox
|-damage|p2a: Rotom-Wash|47\/303 tox|[from] Stealth Rock
|turn|60
|
|switch|p1a: Lopunny|Lopunny-Mega, F|205\/271
|move|p2a: Rotom-Wash|Hydro Pump|p1a: Lopunny|[miss]
|-miss|p2a: Rotom-Wash|p1a: Lopunny
|
|-heal|p2a: Rotom-Wash|65\/303 tox|[from] item: Leftovers
|-damage|p2a: Rotom-Wash|47\/303 tox|[from] psn
|turn|61
|
|move|p1a: Lopunny|Return|p2a: Rotom-Wash
|-damage|p2a: Rotom-Wash|0 fnt
|faint|p2a: Rotom-Wash
|
|win|lil manaphy
|raw|Ladder updating...