|join|alka
|join|benito camelo
|player|p1|alka|169
|player|p2|benito camelo|209
|gametype|singles
|gen|6
|tier|OU
|clearpoke
|poke|p1|Volcarona, F
|poke|p1|Slowbro, F
|poke|p1|Breloom, F
|poke|p1|Sableye, F
|poke|p1|Talonflame, F
|poke|p1|Mandibuzz, F
|poke|p2|Altaria, F
|poke|p2|Heatran, F, shiny
|poke|p2|Keldeo
|poke|p2|Skarmory, M
|poke|p2|Landorus-Therian, M, shiny
|poke|p2|Gothitelle, M, shiny
|rule|Swagger Clause: Swagger is banned
|rule|Baton Pass Clause: Limit one Pokémon knowing Baton Pass
|rule|Sleep Clause Mod: Limit one foe put to sleep
|rule|Species Clause: Limit one of each Pokémon
|rule|OHKO Clause: OHKO moves are banned
|rule|Moody Clause: Moody is banned
|rule|Evasion Moves Clause: Evasion moves are banned
|rule|Endless Battle Clause: Forcing endless battles is banned
|rule|HP Percentage Mod: HP is shown in percentages
|teampreview
|
|start
|switch|p1a: Sableye|Sableye, F|304\/304
|switch|p2a: lolipop 2.0|Landorus-Therian, M, shiny|369\/369
|-ability|p2a: lolipop 2.0|Intimidate|[of] p1a: Sableye
|-unboost|p1a: Sableye|atk|1
|turn|1
|
|detailschange|p1a: Sableye|Sableye-Mega, F
|-mega|p1a: Sableye|Sableye|Sablenite
|move|p1a: Sableye|Will-O-Wisp|p2a: lolipop 2.0
|-status|p2a: lolipop 2.0|brn
|move|p2a: lolipop 2.0|U-turn|p1a: Sableye
|-damage|p1a: Sableye|257\/304
|c|★alka|xD
|
|switch|p2a: dont touch isotopo|Heatran, F, shiny|386\/386
|
|turn|2
|c|★alka|no sirve de nada ese lilipop ya
|
|move|p2a: dont touch isotopo|Lava Plume|p1a: Sableye
|-damage|p1a: Sableye|151\/304
|move|p1a: Sableye|Calm Mind|p1a: Sableye
|-boost|p1a: Sableye|spa|1
|-boost|p1a: Sableye|spd|1
|
|turn|3
|c|★benito camelo|te hodio
|c|★benito camelo|xD
|
|switch|p2a: isotopo|Altaria, F|307\/307
|move|p1a: Sableye|Recover|p1a: Sableye
|-heal|p1a: Sableye|303\/304
|
|turn|4
|c|★benito camelo|lag o no le has picado?
|
|detailschange|p2a: isotopo|Altaria-Mega, F
|-mega|p2a: isotopo|Altaria|Altarianite
|move|p2a: isotopo|Return|p1a: Sableye
|-supereffective|p1a: Sableye
|-damage|p1a: Sableye|33\/304
|move|p1a: Sableye|Will-O-Wisp|p2a: isotopo
|-status|p2a: isotopo|brn
|
|-damage|p2a: isotopo|269\/307 brn|[from] brn
|turn|5
|
|switch|p1a: Talonflame|Talonflame, F|297\/297
|move|p2a: isotopo|Return|p1a: Talonflame
|-resisted|p1a: Talonflame
|-damage|p1a: Talonflame|229\/297
|
|-damage|p2a: isotopo|231\/307 brn|[from] brn
|turn|6
|
|switch|p2a: lolipop 2.0|Landorus-Therian, M, shiny|369\/369 brn
|-ability|p2a: lolipop 2.0|Intimidate|[of] p1a: Talonflame
|-unboost|p1a: Talonflame|atk|1
|move|p1a: Talonflame|Brave Bird|p2a: lolipop 2.0
|-damage|p2a: lolipop 2.0|204\/369 brn
|-damage|p1a: Talonflame|175\/297|[from] recoil|[of] p2a: lolipop 2.0
|-damage|p1a: Talonflame|146\/297|[from] item: Life Orb
|
|-damage|p2a: lolipop 2.0|158\/369 brn|[from] brn
|turn|7
|
|move|p1a: Talonflame|U-turn|p2a: lolipop 2.0
|-resisted|p2a: lolipop 2.0
|-damage|p2a: lolipop 2.0|128\/369 brn
|-damage|p1a: Talonflame|117\/297|[from] item: Life Orb
|
|switch|p1a: Sableye|Sableye-Mega, F|33\/304
|move|p2a: lolipop 2.0|U-turn|p1a: Sableye
|-damage|p1a: Sableye|0 fnt
|faint|p1a: Sableye
|c|★alka|murio :S
|
|switch|p2a: my little pony|Keldeo|323\/323
|
|c|★benito camelo|que bueno
|
|switch|p1a: Breloom|Breloom, F|324\/324
|turn|8
|
|switch|p2a: lolipop 2.0|Landorus-Therian, M, shiny|128\/369 brn
|-ability|p2a: lolipop 2.0|Intimidate|[of] p1a: Breloom
|-unboost|p1a: Breloom|atk|1
|move|p1a: Breloom|Spore|p2a: lolipop 2.0
|-fail|p2a: lolipop 2.0
|
|-damage|p2a: lolipop 2.0|82\/369 brn|[from] brn
|-status|p1a: Breloom|tox|[from] item: Toxic Orb
|turn|9
|
|move|p1a: Breloom|Protect|p1a: Breloom
|-singleturn|p1a: Breloom|Protect
|move|p2a: lolipop 2.0|Explosion|p1a: Breloom
|-activate|p1a: Breloom|Protect
|faint|p2a: lolipop 2.0
|
|c|★alka|predecible
|c|★benito camelo|xD
|
|switch|p2a: TE COJI WEY|Gothitelle, M, shiny|281\/281
|turn|10
|
|move|p2a: TE COJI WEY|Psychic|p1a: Breloom
|-supereffective|p1a: Breloom
|-damage|p1a: Breloom|0 fnt
|faint|p1a: Breloom
|
|
|switch|p1a: Mandibuzz|Mandibuzz, F|423\/423
|turn|11
|
|switch|p2a: dont touch isotopo|Heatran, F, shiny|386\/386
|move|p1a: Mandibuzz|Knock Off|p2a: dont touch isotopo
|-damage|p2a: dont touch isotopo|311\/386
|-enditem|p2a: dont touch isotopo|Leftovers|[from] move: Knock Off|[of] p1a: Mandibuzz
|
|turn|12
|
|move|p1a: Mandibuzz|Knock Off|p2a: dont touch isotopo
|-damage|p2a: dont touch isotopo|262\/386
|move|p2a: dont touch isotopo|Stealth Rock|p1a: Mandibuzz
|-sidestart|p1: alka|move: Stealth Rock
|
|turn|13
|
|move|p1a: Mandibuzz|Defog|p2a: dont touch isotopo
|-unboost|p2a: dont touch isotopo|evasion|1
|-sideend|p1: alka|Stealth Rock|[from] move: Defog|[of] p1a: Mandibuzz
|move|p2a: dont touch isotopo|Toxic|p1a: Mandibuzz
|-status|p1a: Mandibuzz|tox
|
|-damage|p1a: Mandibuzz|397\/423 tox|[from] psn
|turn|14
|
|move|p1a: Mandibuzz|Knock Off|p2a: dont touch isotopo
|-damage|p2a: dont touch isotopo|211\/386
|move|p2a: dont touch isotopo|Taunt|p1a: Mandibuzz
|-start|p1a: Mandibuzz|move: Taunt
|
|-heal|p1a: Mandibuzz|423\/423 tox|[from] item: Leftovers
|-damage|p1a: Mandibuzz|371\/423 tox|[from] psn
|turn|15
|
|switch|p1a: Slowbro|Slowbro, F|394\/394
|switch|p2a: isotopo|Altaria-Mega, F|231\/307 brn
|
|-damage|p2a: isotopo|193\/307 brn|[from] brn
|turn|16
|
|switch|p2a: TE COJI WEY|Gothitelle, M, shiny|281\/281
|move|p1a: Slowbro|Calm Mind|p1a: Slowbro
|-boost|p1a: Slowbro|spa|1
|-boost|p1a: Slowbro|spd|1
|
|turn|17
|
|move|p2a: TE COJI WEY|Thunderbolt|p1a: Slowbro
|-supereffective|p1a: Slowbro
|-damage|p1a: Slowbro|172\/394
|move|p1a: Slowbro|Calm Mind|p1a: Slowbro
|-boost|p1a: Slowbro|spa|1
|-boost|p1a: Slowbro|spd|1
|
|turn|18
|
|move|p2a: TE COJI WEY|Thunderbolt|p1a: Slowbro
|-supereffective|p1a: Slowbro
|-damage|p1a: Slowbro|14\/394
|move|p1a: Slowbro|Slack Off|p1a: Slowbro
|-heal|p1a: Slowbro|211\/394
|
|turn|19
|
|move|p2a: TE COJI WEY|Thunderbolt|p1a: Slowbro
|-supereffective|p1a: Slowbro
|-damage|p1a: Slowbro|37\/394
|move|p1a: Slowbro|Slack Off|p1a: Slowbro
|-heal|p1a: Slowbro|234\/394
|
|turn|20
|
|move|p2a: TE COJI WEY|Thunderbolt|p1a: Slowbro
|-supereffective|p1a: Slowbro
|-damage|p1a: Slowbro|72\/394
|move|p1a: Slowbro|Slack Off|p1a: Slowbro
|-heal|p1a: Slowbro|269\/394
|
|turn|21
|
|move|p2a: TE COJI WEY|Thunderbolt|p1a: Slowbro
|-supereffective|p1a: Slowbro
|-damage|p1a: Slowbro|99\/394
|move|p1a: Slowbro|Slack Off|p1a: Slowbro
|-heal|p1a: Slowbro|296\/394
|
|turn|22
|
|move|p2a: TE COJI WEY|Thunderbolt|p1a: Slowbro
|-supereffective|p1a: Slowbro
|-damage|p1a: Slowbro|114\/394
|move|p1a: Slowbro|Slack Off|p1a: Slowbro
|-heal|p1a: Slowbro|311\/394
|
|turn|23
|
|move|p2a: TE COJI WEY|Thunderbolt|p1a: Slowbro
|-supereffective|p1a: Slowbro
|-damage|p1a: Slowbro|125\/394
|-status|p1a: Slowbro|par
|-enditem|p1a: Slowbro|Lum Berry|[eat]
|-curestatus|p1a: Slowbro|par
|move|p1a: Slowbro|Slack Off|p1a: Slowbro
|-heal|p1a: Slowbro|322\/394
|
|turn|24
|
|move|p2a: TE COJI WEY|Thunderbolt|p1a: Slowbro
|-supereffective|p1a: Slowbro
|-damage|p1a: Slowbro|140\/394
|move|p1a: Slowbro|Calm Mind|p1a: Slowbro
|-boost|p1a: Slowbro|spa|1
|-boost|p1a: Slowbro|spd|1
|
|turn|25
|
|move|p2a: TE COJI WEY|Thunderbolt|p1a: Slowbro
|-supereffective|p1a: Slowbro
|-damage|p1a: Slowbro|0 fnt
|faint|p1a: Slowbro
|
|c|★alka|no calcule bien
|
|switch|p1a: Volcarona|Volcarona, F|374\/374
|turn|26
|
|switch|p2a: dont touch isotopo|Heatran, F, shiny|211\/386
|move|p1a: Volcarona|Quiver Dance|p1a: Volcarona
|-boost|p1a: Volcarona|spa|1
|-boost|p1a: Volcarona|spd|1
|-boost|p1a: Volcarona|spe|1
|
|turn|27
|
|move|p1a: Volcarona|Substitute|p1a: Volcarona
|-start|p1a: Volcarona|Substitute
|-damage|p1a: Volcarona|281\/374
|move|p2a: dont touch isotopo|Taunt|p1a: Volcarona
|-start|p1a: Volcarona|move: Taunt
|
|-heal|p1a: Volcarona|304\/374|[from] item: Leftovers
|turn|28
|
|move|p1a: Volcarona|Giga Drain|p2a: dont touch isotopo
|-resisted|p2a: dont touch isotopo
|-damage|p2a: dont touch isotopo|193\/386
|-heal|p1a: Volcarona|313\/374|[from] drain|[of] p2a: dont touch isotopo
|move|p2a: dont touch isotopo|Stealth Rock|p1a: Volcarona
|-sidestart|p1: alka|move: Stealth Rock
|
|-heal|p1a: Volcarona|336\/374|[from] item: Leftovers
|turn|29
|
|move|p1a: Volcarona|Giga Drain|p2a: dont touch isotopo
|-resisted|p2a: dont touch isotopo
|-damage|p2a: dont touch isotopo|172\/386
|-heal|p1a: Volcarona|347\/374|[from] drain|[of] p2a: dont touch isotopo
|move|p2a: dont touch isotopo|Lava Plume|p1a: Volcarona
|-activate|p1a: Volcarona|Substitute|[damage]
|
|-heal|p1a: Volcarona|370\/374|[from] item: Leftovers
|turn|30
|
|move|p1a: Volcarona|Giga Drain|p2a: dont touch isotopo
|-resisted|p2a: dont touch isotopo
|-damage|p2a: dont touch isotopo|152\/386
|-heal|p1a: Volcarona|374\/374|[from] drain|[of] p2a: dont touch isotopo
|move|p2a: dont touch isotopo|Lava Plume|p1a: Volcarona
|-end|p1a: Volcarona|Substitute
|
|-end|p1a: Volcarona|move: Taunt
|turn|31
|
|move|p1a: Volcarona|Substitute|p1a: Volcarona
|-start|p1a: Volcarona|Substitute
|-damage|p1a: Volcarona|281\/374
|move|p2a: dont touch isotopo|Taunt|p1a: Volcarona
|-start|p1a: Volcarona|move: Taunt
|
|-heal|p1a: Volcarona|304\/374|[from] item: Leftovers
|turn|32
|
|move|p1a: Volcarona|Giga Drain|p2a: dont touch isotopo
|-resisted|p2a: dont touch isotopo
|-damage|p2a: dont touch isotopo|131\/386
|-heal|p1a: Volcarona|315\/374|[from] drain|[of] p2a: dont touch isotopo
|move|p2a: dont touch isotopo|Lava Plume|p1a: Volcarona
|-activate|p1a: Volcarona|Substitute|[damage]
|
|-heal|p1a: Volcarona|338\/374|[from] item: Leftovers
|turn|33
|
|move|p1a: Volcarona|Giga Drain|p2a: dont touch isotopo
|-resisted|p2a: dont touch isotopo
|-damage|p2a: dont touch isotopo|113\/386
|-heal|p1a: Volcarona|347\/374|[from] drain|[of] p2a: dont touch isotopo
|move|p2a: dont touch isotopo|Lava Plume|p1a: Volcarona
|-end|p1a: Volcarona|Substitute
|
|-heal|p1a: Volcarona|370\/374|[from] item: Leftovers
|turn|34
|
|switch|p1a: Mandibuzz|Mandibuzz, F|371\/423 tox
|-damage|p1a: Mandibuzz|266\/423 tox|[from] Stealth Rock
|move|p2a: dont touch isotopo|Toxic|p1a: Mandibuzz
|-fail|p1a: Mandibuzz|tox
|
|-heal|p1a: Mandibuzz|292\/423 tox|[from] item: Leftovers
|-damage|p1a: Mandibuzz|266\/423 tox|[from] psn
|turn|35
|
|move|p1a: Mandibuzz|Defog|p2a: dont touch isotopo
|-unboost|p2a: dont touch isotopo|evasion|1
|-sideend|p1: alka|Stealth Rock|[from] move: Defog|[of] p1a: Mandibuzz
|move|p2a: dont touch isotopo|Taunt|p1a: Mandibuzz
|-start|p1a: Mandibuzz|move: Taunt
|
|-heal|p1a: Mandibuzz|292\/423 tox|[from] item: Leftovers
|-damage|p1a: Mandibuzz|240\/423 tox|[from] psn
|turn|36
|
|switch|p1a: Volcarona|Volcarona, F|370\/374
|move|p2a: dont touch isotopo|Stealth Rock|p1a: Volcarona
|-sidestart|p1: alka|move: Stealth Rock
|
|-heal|p1a: Volcarona|374\/374|[from] item: Leftovers
|turn|37
|
|move|p1a: Volcarona|Substitute|p1a: Volcarona
|-start|p1a: Volcarona|Substitute
|-damage|p1a: Volcarona|281\/374
|move|p2a: dont touch isotopo|Taunt|p1a: Volcarona
|-start|p1a: Volcarona|move: Taunt
|
|-heal|p1a: Volcarona|304\/374|[from] item: Leftovers
|turn|38
|
|move|p1a: Volcarona|Giga Drain|p2a: dont touch isotopo
|-resisted|p2a: dont touch isotopo
|-damage|p2a: dont touch isotopo|101\/386
|-heal|p1a: Volcarona|310\/374|[from] drain|[of] p2a: dont touch isotopo
|move|p2a: dont touch isotopo|Lava Plume|p1a: Volcarona
|-end|p1a: Volcarona|Substitute
|
|-heal|p1a: Volcarona|333\/374|[from] item: Leftovers
|turn|39
|c|★alka|k p2?
|
|switch|p1a: Mandibuzz|Mandibuzz, F|240\/423 tox
|-damage|p1a: Mandibuzz|135\/423 tox|[from] Stealth Rock
|move|p2a: dont touch isotopo|Lava Plume|p1a: Mandibuzz
|-damage|p1a: Mandibuzz|15\/423 tox
|
|-heal|p1a: Mandibuzz|41\/423 tox|[from] item: Leftovers
|-damage|p1a: Mandibuzz|15\/423 tox|[from] psn
|turn|40
|
|move|p1a: Mandibuzz|Roost|p1a: Mandibuzz
|-heal|p1a: Mandibuzz|227\/423 tox
|move|p2a: dont touch isotopo|Taunt|p1a: Mandibuzz
|-start|p1a: Mandibuzz|move: Taunt
|
|-heal|p1a: Mandibuzz|253\/423 tox|[from] item: Leftovers
|-damage|p1a: Mandibuzz|201\/423 tox|[from] psn
|turn|41
|
|move|p1a: Mandibuzz|Knock Off|p2a: dont touch isotopo
|-damage|p2a: dont touch isotopo|53\/386
|move|p2a: dont touch isotopo|Lava Plume|p1a: Mandibuzz
|-damage|p1a: Mandibuzz|84\/423 tox
|
|-heal|p1a: Mandibuzz|110\/423 tox|[from] item: Leftovers
|-damage|p1a: Mandibuzz|32\/423 tox|[from] psn
|turn|42
|c|★benito camelo|se llama
|c|★benito camelo|me la pelas
|c|★benito camelo|so hard
|c|★alka|jahhja
|
|move|p1a: Mandibuzz|Knock Off|p2a: dont touch isotopo
|-damage|p2a: dont touch isotopo|2\/386
|move|p2a: dont touch isotopo|Lava Plume|p1a: Mandibuzz
|-damage|p1a: Mandibuzz|0 fnt
|faint|p1a: Mandibuzz
|
|
|switch|p1a: Volcarona|Volcarona, F|333\/374
|-damage|p1a: Volcarona|146\/374|[from] Stealth Rock
|turn|43
|
|move|p1a: Volcarona|Quiver Dance|p1a: Volcarona
|-boost|p1a: Volcarona|spa|1
|-boost|p1a: Volcarona|spd|1
|-boost|p1a: Volcarona|spe|1
|move|p2a: dont touch isotopo|Lava Plume|p1a: Volcarona
|-damage|p1a: Volcarona|74\/374
|
|-heal|p1a: Volcarona|97\/374|[from] item: Leftovers
|turn|44
|
|move|p1a: Volcarona|Giga Drain|p2a: dont touch isotopo
|-resisted|p2a: dont touch isotopo
|-damage|p2a: dont touch isotopo|0 fnt
|-heal|p1a: Volcarona|98\/374|[from] drain|[of] p2a: dont touch isotopo
|faint|p2a: dont touch isotopo
|
|-heal|p1a: Volcarona|121\/374|[from] item: Leftovers
|
|switch|p2a: hit me hard|Skarmory, M|334\/334
|turn|45
|
|move|p1a: Volcarona|Substitute|p1a: Volcarona
|-start|p1a: Volcarona|Substitute
|-damage|p1a: Volcarona|28\/374
|move|p2a: hit me hard|Brave Bird|p1a: Volcarona
|-supereffective|p1a: Volcarona
|-end|p1a: Volcarona|Substitute
|-damage|p2a: hit me hard|303\/334|[from] recoil|[of] p1a: Volcarona
|
|-heal|p1a: Volcarona|51\/374|[from] item: Leftovers
|turn|46
|
|move|p1a: Volcarona|Fiery Dance|p2a: hit me hard
|-supereffective|p2a: hit me hard
|-damage|p2a: hit me hard|0 fnt
|-boost|p1a: Volcarona|spa|1
|faint|p2a: hit me hard
|
|-heal|p1a: Volcarona|74\/374|[from] item: Leftovers
|
|switch|p2a: my little pony|Keldeo|323\/323
|turn|47
|c|★benito camelo|valsite
|c|★benito camelo|berenjena
|
|move|p2a: my little pony|Scald|p1a: Volcarona
|-supereffective|p1a: Volcarona
|-damage|p1a: Volcarona|0 fnt
|faint|p1a: Volcarona
|
|c|★alka|xD
|leave|alka
|player|p1
|-message|Player 1 lost due to inactivity.
|
|win|benito camelo