|join|benito camelo
|join|BigSpore
|player|p1|benito camelo|209
|player|p2|BigSpore|93
|gametype|singles
|gen|6
|tier|OU
|clearpoke
|poke|p1|Landorus-Therian, M, shiny
|poke|p1|Latias, F
|poke|p1|Rotom-Wash
|poke|p1|Medicham, M, shiny
|poke|p1|Scizor, M, shiny
|poke|p1|Gengar, F, shiny
|poke|p2|Sceptile, M, shiny
|poke|p2|Bisharp, M
|poke|p2|Talonflame, F, shiny
|poke|p2|Rotom-Wash
|poke|p2|Latios, M
|poke|p2|Clefable, F
|rule|Swagger Clause: Swagger is banned
|rule|Baton Pass Clause: Limit one Pokémon knowing Baton Pass
|rule|Sleep Clause Mod: Limit one foe put to sleep
|rule|Species Clause: Limit one of each Pokémon
|rule|OHKO Clause: OHKO moves are banned
|rule|Moody Clause: Moody is banned
|rule|Evasion Moves Clause: Evasion moves are banned
|rule|Endless Battle Clause: Forcing endless battles is banned
|rule|HP Percentage Mod: HP is shown in percentages
|teampreview
|
|start
|switch|p1a: gocowash|Rotom-Wash|241\/241
|switch|p2a: FUZZ WUZZ|Rotom-Wash|303\/303
|turn|1
|
|move|p1a: gocowash|Hidden Power|p2a: FUZZ WUZZ
|-resisted|p2a: FUZZ WUZZ
|-damage|p2a: FUZZ WUZZ|274\/303
|move|p2a: FUZZ WUZZ|Volt Switch|p1a: gocowash
|-damage|p1a: gocowash|166\/241
|c|★benito camelo|.i.i
|
|switch|p2a: Rob|Bisharp, M|272\/272
|
|turn|2
|c|★BigSpore|AHAHAHA
|
|switch|p1a: kha zix|Scizor, M, shiny|343\/343
|move|p2a: Rob|Knock Off|p1a: kha zix
|-damage|p1a: kha zix|150\/343
|-enditem|p1a: kha zix|Choice Band|[from] move: Knock Off|[of] p2a: Rob
|
|turn|3
|c|★BigSpore|No tengo porque switchear a sceptile
|c|★BigSpore|si no soy mega
|
|switch|p1a: dance this cumbia|Medicham, M, shiny|265\/265
|move|p2a: Rob|Sucker Punch|p1a: dance this cumbia
|-fail|p1a: dance this cumbia
|
|turn|4
|c|★benito camelo|ahora
|c|★benito camelo|si
|c|★benito camelo|cara de mis bolas
|
|detailschange|p1a: dance this cumbia|Medicham-Mega, M, shiny
|message|Medicham has Mega Evolved into Mega Medicham!
|move|p1a: dance this cumbia|Fake Out|p2a: Rob
|-resisted|p2a: Rob
|-damage|p2a: Rob|231\/272
|cant|p2a: Rob|flinch
|
|turn|5
|c|★BigSpore|u_u
|
|move|p2a: Rob|Sucker Punch|p1a: dance this cumbia
|-damage|p1a: dance this cumbia|78\/265
|move|p1a: dance this cumbia|High Jump Kick|p2a: Rob
|-supereffective|p2a: Rob
|-damage|p2a: Rob|0 fnt
|faint|p2a: Rob
|
|c|★BigSpore|verguia
|c|★benito camelo|e.e
|
|switch|p2a: Mugen|Sceptile, M, shiny|282\/282
|turn|6
|c|★benito camelo|como quita
|
|switch|p1a: sasha grey|Latias, F|319\/319
|detailschange|p2a: Mugen|Sceptile-Mega, M, shiny
|message|Sceptile has Mega Evolved into Mega Sceptile!
|move|p2a: Mugen|Dragon Pulse|p1a: sasha grey
|-supereffective|p1a: sasha grey
|-damage|p1a: sasha grey|59\/319
|
|turn|7
|
|switch|p1a: kha zix|Scizor, M, shiny|150\/343
|move|p2a: Mugen|Dragon Pulse|p1a: kha zix
|-resisted|p1a: kha zix
|-damage|p1a: kha zix|51\/343
|
|turn|8
|
|switch|p2a: FUZZ WUZZ|Rotom-Wash|274\/303
|move|p1a: kha zix|Bullet Punch|p2a: FUZZ WUZZ
|-resisted|p2a: FUZZ WUZZ
|-damage|p2a: FUZZ WUZZ|253\/303
|
|-heal|p2a: FUZZ WUZZ|271\/303|[from] item: Leftovers
|turn|9
|
|move|p2a: FUZZ WUZZ|Volt Switch|p1a: kha zix
|-damage|p1a: kha zix|0 fnt
|faint|p1a: kha zix
|
|switch|p2a: Mugen|Sceptile-Mega, M, shiny|282\/282
|
|
|switch|p1a: bloody mary|Gengar, F, shiny|273\/273
|turn|10
|
|move|p2a: Mugen|Dragon Pulse|p1a: bloody mary
|-damage|p1a: bloody mary|77\/273
|move|p1a: bloody mary|Substitute|p1a: bloody mary
|-start|p1a: bloody mary|Substitute
|-damage|p1a: bloody mary|9\/273
|
|-heal|p1a: bloody mary|26\/273|[from] item: Black Sludge
|turn|11
|c|★BigSpore|ptm
|c|★benito camelo|tus nalgas
|c|★benito camelo|wey
|c|★benito camelo|tus nalgas
|
|move|p2a: Mugen|Dragon Pulse|p1a: bloody mary
|-crit|p1a: bloody mary
|-end|p1a: bloody mary|Substitute
|move|p1a: bloody mary|Sludge Wave|p2a: Mugen
|-supereffective|p2a: Mugen
|-damage|p2a: Mugen|0 fnt
|faint|p2a: Mugen
|
|-heal|p1a: bloody mary|43\/273|[from] item: Black Sludge
|c|★BigSpore|AHAHAH
|c|★BigSpore|Sin bisharp
|c|★BigSpore|está cabrón ganarle llengar
|
|switch|p2a: CannonBird|Talonflame, F, shiny|297\/297
|turn|12
|
|switch|p1a: lolipop|Landorus-Therian, M, shiny|382\/382
|-ability|p1a: lolipop|Intimidate|[of] p2a: CannonBird
|-unboost|p2a: CannonBird|atk|1
|move|p2a: CannonBird|U-turn|p1a: lolipop
|-resisted|p1a: lolipop
|-damage|p1a: lolipop|366\/382
|
|switch|p2a: FUZZ WUZZ|Rotom-Wash|271\/303
|
|-heal|p1a: lolipop|382\/382|[from] item: Leftovers
|-heal|p2a: FUZZ WUZZ|289\/303|[from] item: Leftovers
|turn|13
|
|move|p1a: lolipop|U-turn|p2a: FUZZ WUZZ
|-damage|p2a: FUZZ WUZZ|231\/303
|
|switch|p1a: gocowash|Rotom-Wash|166\/241
|move|p2a: FUZZ WUZZ|Volt Switch|p1a: gocowash
|-damage|p1a: gocowash|87\/241
|
|switch|p2a: Abomination|Clefable, F|394\/394
|
|turn|14
|
|move|p1a: gocowash|Trick|p2a: Abomination
|-activate|p1a: gocowash|move: Trick|[of] p2a: Abomination
|-item|p2a: Abomination|Choice Scarf|[from] move: Trick
|-item|p1a: gocowash|Leftovers|[from] move: Trick
|move|p2a: Abomination|Stealth Rock|p1a: gocowash
|-sidestart|p1: benito camelo|move: Stealth Rock
|
|-heal|p1a: gocowash|102\/241|[from] item: Leftovers
|turn|15
|
|switch|p2a: NoNeedEvs|Latios, M|302\/302
|move|p1a: gocowash|Volt Switch|p2a: NoNeedEvs
|-resisted|p2a: NoNeedEvs
|-damage|p2a: NoNeedEvs|254\/302
|
|switch|p1a: dance this cumbia|Medicham-Mega, M, shiny|78\/265
|-damage|p1a: dance this cumbia|62\/265|[from] Stealth Rock
|
|turn|16
|
|switch|p2a: Abomination|Clefable, F|394\/394
|move|p1a: dance this cumbia|Fake Out|p2a: Abomination
|-damage|p2a: Abomination|294\/394
|
|turn|17
|
|switch|p1a: lolipop|Landorus-Therian, M, shiny|382\/382
|-damage|p1a: lolipop|335\/382|[from] Stealth Rock
|-ability|p1a: lolipop|Intimidate|[of] p2a: Abomination
|-unboost|p2a: Abomination|atk|1
|move|p2a: Abomination|Moonblast|p1a: lolipop
|-damage|p1a: lolipop|211\/382
|
|-heal|p1a: lolipop|234\/382|[from] item: Leftovers
|turn|18
|
|move|p2a: Abomination|Moonblast|p1a: lolipop
|-damage|p1a: lolipop|102\/382
|move|p1a: lolipop|Stealth Rock|p2a: Abomination
|-sidestart|p2: BigSpore|move: Stealth Rock
|
|-heal|p1a: lolipop|125\/382|[from] item: Leftovers
|turn|19
|
|move|p2a: Abomination|Moonblast|p1a: lolipop
|-crit|p1a: lolipop
|-damage|p1a: lolipop|0 fnt
|faint|p1a: lolipop
|
|
|switch|p1a: bloody mary|Gengar, F, shiny|43\/273
|-damage|p1a: bloody mary|9\/273|[from] Stealth Rock
|turn|20
|
|move|p1a: bloody mary|Sludge Wave|p2a: Abomination
|-supereffective|p2a: Abomination
|-damage|p2a: Abomination|0 fnt
|faint|p2a: Abomination
|
|-heal|p1a: bloody mary|26\/273|[from] item: Black Sludge
|c|★benito camelo|zorra
|
|switch|p2a: CannonBird|Talonflame, F, shiny|297\/297
|-damage|p2a: CannonBird|149\/297|[from] Stealth Rock
|turn|21
|
|move|p2a: CannonBird|Brave Bird|p1a: bloody mary
|-damage|p1a: bloody mary|0 fnt
|-damage|p2a: CannonBird|140\/297|[from] recoil|[of] p1a: bloody mary
|faint|p1a: bloody mary
|
|c|★benito camelo|tira roost
|c|★benito camelo|we
|c|★benito camelo|te prometo
|c|★benito camelo|que cambio
|c|★BigSpore|QUE LOCO AHAHA
|
|switch|p1a: dance this cumbia|Medicham-Mega, M, shiny|62\/265
|-damage|p1a: dance this cumbia|46\/265|[from] Stealth Rock
|turn|22
|
|switch|p2a: FUZZ WUZZ|Rotom-Wash|231\/303
|-damage|p2a: FUZZ WUZZ|194\/303|[from] Stealth Rock
|move|p1a: dance this cumbia|Fake Out|p2a: FUZZ WUZZ
|-crit|p2a: FUZZ WUZZ
|-damage|p2a: FUZZ WUZZ|95\/303
|
|-heal|p2a: FUZZ WUZZ|113\/303|[from] item: Leftovers
|turn|23
|c|★benito camelo|se pone
|c|★benito camelo|interesante
|c|★benito camelo|nena
|c|★BigSpore|*3*
|
|switch|p1a: gocowash|Rotom-Wash|102\/241
|-damage|p1a: gocowash|72\/241|[from] Stealth Rock
|move|p2a: FUZZ WUZZ|Volt Switch|p1a: gocowash
|-damage|p1a: gocowash|0 fnt
|faint|p1a: gocowash
|c|★BigSpore|AHAHAHA
|
|switch|p2a: NoNeedEvs|Latios, M|254\/302
|-damage|p2a: NoNeedEvs|217\/302|[from] Stealth Rock
|
|
|switch|p1a: dance this cumbia|Medicham-Mega, M, shiny|46\/265
|-damage|p1a: dance this cumbia|30\/265|[from] Stealth Rock
|turn|24
|
|switch|p2a: FUZZ WUZZ|Rotom-Wash|113\/303
|-damage|p2a: FUZZ WUZZ|76\/303|[from] Stealth Rock
|move|p1a: dance this cumbia|Fake Out|p2a: FUZZ WUZZ
|-damage|p2a: FUZZ WUZZ|10\/303
|
|-heal|p2a: FUZZ WUZZ|28\/303|[from] item: Leftovers
|turn|25
|c|★benito camelo|bullet
|c|★benito camelo|te mata
|c|★benito camelo|estoy seguro
|c|★BigSpore|Sí
|c|★benito camelo|si no
|c|★BigSpore|me quedan 28 de hp
|c|★benito camelo|aprendere algo de esta batalla
|c|★BigSpore|a huevo que me matas
|
|move|p1a: dance this cumbia|Bullet Punch|p2a: FUZZ WUZZ
|-resisted|p2a: FUZZ WUZZ
|-damage|p2a: FUZZ WUZZ|13\/303
|move|p2a: FUZZ WUZZ|Volt Switch|p1a: dance this cumbia
|-damage|p1a: dance this cumbia|0 fnt
|faint|p1a: dance this cumbia
|c|★BigSpore|AHAHAH
|c|★BigSpore|AHAHAHAHA
|c|★BigSpore|QUE FALSO AHAHAHAHA
|c|★benito camelo|a todo esto
|c|★benito camelo|no era mas rapido yo?
|c|★benito camelo|XD
|c|★BigSpore|Sí we
|c|★BigSpore|PENDEJO AAHHAHA
|c|★benito camelo|JJAJAJAA
|
|switch|p2a: CannonBird|Talonflame, F, shiny|140\/297
|-damage|p2a: CannonBird|0 fnt|[from] Stealth Rock
|faint|p2a: CannonBird
|
|c|★BigSpore|CHECA
|c|★BigSpore|AHAHAHA
|
|switch|p1a: sasha grey|Latias, F|59\/319
|switch|p2a: FUZZ WUZZ|Rotom-Wash|13\/303
|-damage|p1a: sasha grey|20\/319|[from] Stealth Rock
|-damage|p2a: FUZZ WUZZ|0 fnt|[from] Stealth Rock
|faint|p2a: FUZZ WUZZ
|c|★BigSpore|AAHAHAHA
|c|★BigSpore|ME PUEDES GANAR AHAHA
|c|★benito camelo|JAJAJJAJAJAJAJa
|
|switch|p2a: NoNeedEvs|Latios, M|217\/302
|-damage|p2a: NoNeedEvs|180\/302|[from] Stealth Rock
|turn|26
|c|★benito camelo|sube esta
|c|★benito camelo|al grupo
|c|★benito camelo|JAJAJA
|
|move|p1a: sasha grey|Draco Meteor|p2a: NoNeedEvs
|-supereffective|p2a: NoNeedEvs
|-damage|p2a: NoNeedEvs|0 fnt
|-unboost|p1a: sasha grey|spa|2
|-damage|p1a: sasha grey|0 fnt|[from] item: Life Orb
|faint|p2a: NoNeedEvs
|faint|p1a: sasha grey
|
|win|benito camelo
|c|★BigSpore|Sí we
|c|★BigSpore|ASCO
|c|★BigSpore|AGHAHAHAHAHA
|c|★BigSpore|EWE
|c|★BigSpore|EWE
|c|★benito camelo|JAJAJAJAAJAJAJ
|c|★BigSpore|AHAHAHAHAHA
|c|★benito camelo|gane
|c|★benito camelo|salio que gane
|c|★benito camelo|aunque fue empate segun yo
|c|★benito camelo|XD
|c|★BigSpore|Simona
|c|★BigSpore|nel
|c|★BigSpore|ya no hay tie
|c|★BigSpore|en smogon
|c|★benito camelo|ewe
|c|★benito camelo|subela
|c|★BigSpore|ewe
|c|★benito camelo|JAJAJAJA
|c|★BigSpore|no me sale
|c|★BigSpore|para comratir
|c|★BigSpore|subela tú