|join|d0ubledee
|join|benito camelo
|player|p1|d0ubledee|102
|player|p2|benito camelo|209
|gametype|singles
|gen|6
|tier|OU
|rated
|clearpoke
|poke|p1|Gengar, M, shiny
|poke|p1|Machamp, M
|poke|p1|Umbreon, F
|poke|p1|Magnezone
|poke|p1|Swampert, M
|poke|p1|Arcanine, M
|poke|p2|Landorus-Therian, M, shiny
|poke|p2|Latias, F
|poke|p2|Rotom-Wash
|poke|p2|Medicham, M, shiny
|poke|p2|Scizor, M, shiny
|poke|p2|Gengar, F, shiny
|rule|Swagger Clause: Swagger is banned
|rule|Baton Pass Clause: Limit one Pokémon knowing Baton Pass
|rule|Sleep Clause Mod: Limit one foe put to sleep
|rule|Species Clause: Limit one of each Pokémon
|rule|OHKO Clause: OHKO moves are banned
|rule|Moody Clause: Moody is banned
|rule|Evasion Moves Clause: Evasion moves are banned
|rule|Endless Battle Clause: Forcing endless battles is banned
|rule|HP Percentage Mod: HP is shown in percentages
|teampreview
|
|start
|switch|p1a: Goro|Machamp, M|384\/384
|switch|p2a: dance this cumbia|Medicham, M, shiny|265\/265
|turn|1
|
|switch|p1a: NoEscape|Gengar, M, shiny|261\/261
|detailschange|p2a: dance this cumbia|Medicham-Mega, M, shiny
|message|Medicham has Mega Evolved into Mega Medicham!
|move|p2a: dance this cumbia|Zen Headbutt|p1a: NoEscape
|-supereffective|p1a: NoEscape
|-enditem|p1a: NoEscape|Focus Sash
|-damage|p1a: NoEscape|1\/261
|
|turn|2
|
|move|p2a: dance this cumbia|Bullet Punch|p1a: NoEscape
|-damage|p1a: NoEscape|0 fnt
|faint|p1a: NoEscape
|
|c|★benito camelo|¿¿??
|c|★d0ubledee|?
|
|switch|p1a: Rain|Swampert, M|341\/341
|turn|3
|
|detailschange|p1a: Rain|Swampert-Mega, M
|message|Swampert has Mega Evolved into Mega Swampert!
|move|p2a: dance this cumbia|High Jump Kick|p1a: Rain
|-crit|p1a: Rain
|-damage|p1a: Rain|0 fnt
|faint|p1a: Rain
|
|
|switch|p1a: Noob|Umbreon, F|394\/394
|turn|4
|
|move|p2a: dance this cumbia|High Jump Kick|p1a: Noob
|-supereffective|p1a: Noob
|-damage|p1a: Noob|0 fnt
|faint|p1a: Noob
|
|
|switch|p1a: Smoke|Magnezone|281\/281
|turn|5
|
|move|p2a: dance this cumbia|High Jump Kick|p1a: Smoke
|-supereffective|p1a: Smoke
|-damage|p1a: Smoke|0 fnt
|faint|p1a: Smoke
|
|
|switch|p1a: Goro|Machamp, M|384\/384
|turn|6
|
|move|p2a: dance this cumbia|Zen Headbutt|p1a: Goro
|-supereffective|p1a: Goro
|-damage|p1a: Goro|0 fnt
|faint|p1a: Goro
|
|-message|d0ubledee forfeited.
|
|win|benito camelo
|raw|Ladder updating...
|leave|d0ubledee
|player|p1
|c|★benito camelo|izi