|join|helkijin
|join|IggyRoselia
|player|p1|helkijin|170
|player|p2|IggyRoselia|78
|gametype|singles
|gen|6
|tier|OU
|rated
|clearpoke
|poke|p1|Politoed, M
|poke|p1|Swampert, F
|poke|p1|Tornadus-Therian, M
|poke|p1|Starmie
|poke|p1|Chesnaught, M
|poke|p1|Empoleon, M
|poke|p2|Lopunny, M
|poke|p2|Ferrothorn, M, shiny
|poke|p2|Heatran, M, shiny
|poke|p2|Greninja, M
|poke|p2|Azumarill, M, shiny
|poke|p2|Landorus-Therian, M
|rule|Swagger Clause: Swagger is banned
|rule|Baton Pass Clause: Limit one Pokémon knowing Baton Pass
|rule|Sleep Clause Mod: Limit one foe put to sleep
|rule|Species Clause: Limit one of each Pokémon
|rule|OHKO Clause: OHKO moves are banned
|rule|Moody Clause: Moody is banned
|rule|Evasion Moves Clause: Evasion moves are banned
|rule|Endless Battle Clause: Forcing endless battles is banned
|rule|HP Percentage Mod: HP is shown in percentages
|teampreview
|
|start
|switch|p1a: Tornadus-Therian|Tornadus-Therian, M|301\/301
|switch|p2a: PlayBoi|Lopunny, M|272\/272
|turn|1
|
|detailschange|p2a: PlayBoi|Lopunny-Mega, M
|message|Lopunny has Mega Evolved into Mega Lopunny!
|move|p2a: PlayBoi|Fake Out|p1a: Tornadus-Therian
|-damage|p1a: Tornadus-Therian|216\/301
|cant|p1a: Tornadus-Therian|flinch
|
|turn|2
|
|switch|p2a: worring about none|Ferrothorn, M, shiny|352\/352
|switch|p1a: Chesnaught|Chesnaught, M|379\/379
|
|turn|3
|
|switch|p2a: Heatran|Heatran, M, shiny|357\/357
|move|p1a: Chesnaught|Spikes|p2a: Heatran
|-sidestart|p2: IggyRoselia|Spikes
|
|turn|4
|
|switch|p1a: Politoed|Politoed, M|383\/383
|-weather|RainDance
|move|p2a: Heatran|Lava Plume|p1a: Politoed
|-crit|p1a: Politoed
|-resisted|p1a: Politoed
|-damage|p1a: Politoed|339\/383
|-status|p1a: Politoed|brn
|
|-weather|RainDance|[upkeep]
|-damage|p1a: Politoed|292\/383 brn|[from] brn
|turn|5
|c|★helkijin|crit mattered
|
|move|p2a: Heatran|Stealth Rock|p1a: Politoed
|-sidestart|p1: helkijin|move: Stealth Rock
|move|p1a: Politoed|Scald|p2a: Heatran
|-supereffective|p2a: Heatran
|-damage|p2a: Heatran|147\/357
|
|-weather|RainDance|[upkeep]
|-heal|p2a: Heatran|169\/357|[from] item: Leftovers
|-damage|p1a: Politoed|245\/383 brn|[from] brn
|turn|6
|
|switch|p2a: worring about none|Ferrothorn, M, shiny|352\/352
|-damage|p2a: worring about none|308\/352|[from] Spikes
|move|p1a: Politoed|Rest|p1a: Politoed
|-status|p1a: Politoed|slp
|-heal|p1a: Politoed|383\/383 slp|[silent]
|-status|p1a: Politoed|slp|[from] move: Rest
|
|-weather|RainDance|[upkeep]
|-heal|p2a: worring about none|330\/352|[from] item: Leftovers
|turn|7
|c|★IggyRoselia|definitly
|
|switch|p1a: Chesnaught|Chesnaught, M|379\/379
|-damage|p1a: Chesnaught|356\/379|[from] Stealth Rock
|move|p2a: worring about none|Leech Seed|p1a: Chesnaught
|-immune|p1a: Chesnaught|[msg]
|
|-weather|RainDance|[upkeep]
|-heal|p1a: Chesnaught|379\/379|[from] item: Leftovers
|-heal|p2a: worring about none|352\/352|[from] item: Leftovers
|turn|8
|
|switch|p2a: Heatran|Heatran, M, shiny|169\/357
|-damage|p2a: Heatran|125\/357|[from] Spikes
|move|p1a: Chesnaught|Spikes|p2a: Heatran
|-sidestart|p2: IggyRoselia|Spikes
|
|-weather|RainDance|[upkeep]
|-heal|p2a: Heatran|147\/357|[from] item: Leftovers
|turn|9
|
|switch|p1a: Empoleon|Empoleon, M|371\/371
|-damage|p1a: Empoleon|348\/371|[from] Stealth Rock
|move|p2a: Heatran|Lava Plume|p1a: Empoleon
|-damage|p1a: Empoleon|273\/371
|
|-weather|RainDance|[upkeep]
|-heal|p2a: Heatran|169\/357|[from] item: Leftovers
|turn|10
|
|move|p2a: Heatran|Earth Power|p1a: Empoleon
|-supereffective|p1a: Empoleon
|-damage|p1a: Empoleon|59\/371
|move|p1a: Empoleon|Stealth Rock|p2a: Heatran
|-sidestart|p2: IggyRoselia|move: Stealth Rock
|
|-weather|RainDance|[upkeep]
|-heal|p2a: Heatran|191\/357|[from] item: Leftovers
|turn|11
|
|switch|p1a: Starmie|Starmie|261\/261
|-damage|p1a: Starmie|229\/261|[from] Stealth Rock
|move|p2a: Heatran|Lava Plume|p1a: Starmie
|-resisted|p1a: Starmie
|-damage|p1a: Starmie|184\/261
|
|-weather|none
|-heal|p2a: Heatran|213\/357|[from] item: Leftovers
|turn|12
|
|switch|p2a: worring about none|Ferrothorn, M, shiny|352\/352
|-damage|p2a: worring about none|294\/352|[from] Spikes
|-damage|p2a: worring about none|272\/352|[from] Stealth Rock
|move|p1a: Starmie|Hydro Pump|p2a: worring about none
|-resisted|p2a: worring about none
|-damage|p2a: worring about none|165\/352
|-damage|p1a: Starmie|158\/261|[from] item: Life Orb
|
|-heal|p2a: worring about none|187\/352|[from] item: Leftovers
|turn|13
|
|switch|p1a: Chesnaught|Chesnaught, M|379\/379
|-damage|p1a: Chesnaught|356\/379|[from] Stealth Rock
|move|p2a: worring about none|Spikes|p1a: Chesnaught
|-sidestart|p1: helkijin|Spikes
|
|-heal|p1a: Chesnaught|379\/379|[from] item: Leftovers
|-heal|p2a: worring about none|209\/352|[from] item: Leftovers
|turn|14
|
|move|p1a: Chesnaught|Spikes|p2a: worring about none
|-sidestart|p2: IggyRoselia|Spikes
|move|p2a: worring about none|Spikes|p1a: Chesnaught
|-sidestart|p1: helkijin|Spikes
|
|-heal|p2a: worring about none|231\/352|[from] item: Leftovers
|turn|15
|
|switch|p2a: Azumarill|Azumarill, M, shiny|401\/401
|-damage|p2a: Azumarill|301\/401|[from] Spikes
|-damage|p2a: Azumarill|251\/401|[from] Stealth Rock
|move|p1a: Chesnaught|Drain Punch|p2a: Azumarill
|-resisted|p2a: Azumarill
|-damage|p2a: Azumarill|192\/401
|
|turn|16
|
|move|p1a: Chesnaught|Spiky Shield|p1a: Chesnaught
|-singleturn|p1a: Chesnaught|move: Protect
|move|p2a: Azumarill|Play Rough|p1a: Chesnaught
|-activate|p1a: Chesnaught|move: Protect
|-damage|p2a: Azumarill|142\/401|[from] Spiky Shield|[of] p1a: Chesnaught
|
|turn|17
|
|switch|p1a: Empoleon|Empoleon, M|59\/371
|-damage|p1a: Empoleon|36\/371|[from] Stealth Rock
|-damage|p1a: Empoleon|0 fnt|[from] Spikes
|faint|p1a: Empoleon
|move|p2a: Azumarill|Play Rough|p1: Empoleon|[notarget]
|-notarget
|
|
|switch|p1a: Starmie|Starmie|158\/261
|-damage|p1a: Starmie|126\/261|[from] Stealth Rock
|-damage|p1a: Starmie|83\/261|[from] Spikes
|turn|18
|
|move|p1a: Starmie|Rapid Spin|p2a: Azumarill
|-damage|p2a: Azumarill|128\/401
|-sideend|p1: helkijin|Spikes|[from] move: Rapid Spin|[of] p1a: Starmie
|-sideend|p1: helkijin|Stealth Rock|[from] move: Rapid Spin|[of] p1a: Starmie
|-damage|p1a: Starmie|57\/261|[from] item: Life Orb
|move|p2a: Azumarill|Play Rough|p1a: Starmie
|-damage|p1a: Starmie|0 fnt
|faint|p1a: Starmie
|
|
|switch|p1a: Swampert|Swampert, F|341\/341
|turn|19
|
|detailschange|p1a: Swampert|Swampert-Mega, F
|message|Swampert has Mega Evolved into Mega Swampert!
|move|p1a: Swampert|Earthquake|p2a: Azumarill
|-damage|p2a: Azumarill|0 fnt
|faint|p2a: Azumarill
|
|
|switch|p2a: Landorus-Therian|Landorus-Therian, M|320\/320
|-damage|p2a: Landorus-Therian|280\/320|[from] Stealth Rock
|-ability|p2a: Landorus-Therian|Intimidate|[of] p1a: Swampert
|-unboost|p1a: Swampert|atk|1
|turn|20
|
|move|p2a: Landorus-Therian|U-turn|p1a: Swampert
|-damage|p1a: Swampert|246\/341
|
|switch|p2a: worring about none|Ferrothorn, M, shiny|231\/352
|-damage|p2a: worring about none|209\/352|[from] Stealth Rock
|-damage|p2a: worring about none|121\/352|[from] Spikes
|move|p1a: Swampert|Earthquake|p2a: worring about none
|-damage|p2a: worring about none|39\/352
|
|-heal|p2a: worring about none|61\/352|[from] item: Leftovers
|turn|21
|
|move|p1a: Swampert|Earthquake|p2a: worring about none
|-damage|p2a: worring about none|0 fnt
|faint|p2a: worring about none
|
|
|switch|p2a: PlayBoi|Lopunny-Mega, M|272\/272
|-damage|p2a: PlayBoi|204\/272|[from] Spikes
|-damage|p2a: PlayBoi|187\/272|[from] Stealth Rock
|turn|22
|
|switch|p1a: Chesnaught|Chesnaught, M|379\/379
|move|p2a: PlayBoi|Return|p1a: Chesnaught
|-damage|p1a: Chesnaught|253\/379
|
|-heal|p1a: Chesnaught|276\/379|[from] item: Leftovers
|turn|23
|
|switch|p2a: Heatran|Heatran, M, shiny|213\/357
|-damage|p2a: Heatran|169\/357|[from] Stealth Rock
|-damage|p2a: Heatran|80\/357|[from] Spikes
|move|p1a: Chesnaught|Drain Punch|p2a: Heatran
|-supereffective|p2a: Heatran
|-damage|p2a: Heatran|0 fnt
|-heal|p1a: Chesnaught|316\/379|[from] drain|[of] p2a: Heatran
|faint|p2a: Heatran
|
|-heal|p1a: Chesnaught|339\/379|[from] item: Leftovers
|
|switch|p2a: Greninja|Greninja, M|285\/285
|-damage|p2a: Greninja|250\/285|[from] Stealth Rock
|-damage|p2a: Greninja|179\/285|[from] Spikes
|turn|24
|
|switch|p2a: PlayBoi|Lopunny-Mega, M|187\/272
|-damage|p2a: PlayBoi|170\/272|[from] Stealth Rock
|-damage|p2a: PlayBoi|102\/272|[from] Spikes
|move|p1a: Chesnaught|Spiky Shield|p1a: Chesnaught
|-fail|p1a: Chesnaught
|
|-heal|p1a: Chesnaught|362\/379|[from] item: Leftovers
|turn|25
|
|move|p2a: PlayBoi|High Jump Kick|p1a: Chesnaught
|-damage|p1a: Chesnaught|200\/379
|move|p1a: Chesnaught|Drain Punch|p2a: PlayBoi
|-supereffective|p2a: PlayBoi
|-damage|p2a: PlayBoi|0 fnt
|-heal|p1a: Chesnaught|251\/379|[from] drain|[of] p2a: PlayBoi
|faint|p2a: PlayBoi
|
|-heal|p1a: Chesnaught|274\/379|[from] item: Leftovers
|
|switch|p2a: Greninja|Greninja, M|179\/285
|-damage|p2a: Greninja|108\/285|[from] Spikes
|-damage|p2a: Greninja|73\/285|[from] Stealth Rock
|turn|26
|
|move|p1a: Chesnaught|Spiky Shield|p1a: Chesnaught
|-singleturn|p1a: Chesnaught|move: Protect
|move|p2a: Greninja|Ice Beam|p1a: Chesnaught
|-start|p2a: Greninja|typechange|Ice|[from] Protean
|-activate|p1a: Chesnaught|move: Protect
|
|-heal|p1a: Chesnaught|297\/379|[from] item: Leftovers
|turn|27
|
|switch|p1a: Politoed|Politoed, M|383\/383 slp
|-weather|RainDance
|move|p2a: Greninja|Ice Beam|p1a: Politoed
|-resisted|p1a: Politoed
|-damage|p1a: Politoed|325\/383 slp
|-damage|p2a: Greninja|45\/285|[from] item: Life Orb
|
|-weather|RainDance|[upkeep]
|turn|28
|
|move|p2a: Greninja|Gunk Shot|p1a: Politoed
|-start|p2a: Greninja|typechange|Poison|[from] Protean
|-damage|p1a: Politoed|101\/383 slp
|-damage|p2a: Greninja|17\/285|[from] item: Life Orb
|cant|p1a: Politoed|slp
|move|p1a: Politoed|Sleep Talk|p1a: Politoed
|move|p1a: Politoed|Rest|p1a: Politoed|[from]Sleep Talk
|-fail|p1a: Politoed
|
|-weather|RainDance|[upkeep]
|turn|29
|c|★helkijin|gg
|c|★IggyRoselia|gg
|
|switch|p1a: Tornadus-Therian|Tornadus-Therian, M|301\/301
|move|p2a: Greninja|Gunk Shot|p1a: Tornadus-Therian
|-damage|p1a: Tornadus-Therian|94\/301
|-damage|p2a: Greninja|0 fnt|[from] item: Life Orb
|faint|p2a: Greninja
|
|-weather|RainDance|[upkeep]
|
|switch|p2a: Landorus-Therian|Landorus-Therian, M|280\/320
|-damage|p2a: Landorus-Therian|240\/320|[from] Stealth Rock
|-ability|p2a: Landorus-Therian|Intimidate|[of] p1a: Tornadus-Therian
|-unboost|p1a: Tornadus-Therian|atk|1
|turn|30
|
|move|p2a: Landorus-Therian|Knock Off|p1a: Tornadus-Therian
|-damage|p1a: Tornadus-Therian|0 fnt
|-enditem|p1a: Tornadus-Therian|Life Orb|[from] move: Knock Off|[of] p2a: Landorus-Therian
|faint|p1a: Tornadus-Therian
|
|-weather|RainDance|[upkeep]
|-message|IggyRoselia forfeited.
|
|win|helkijin
|raw|Ladder updating...
|raw|helkijin's rating: 1686 &rarr; <strong>1702<\/strong><br \/>(+16 for winning)
|raw|IggyRoselia's rating: 1615 &rarr; <strong>1599<\/strong><br \/>(-16 for losing)