|join|Pokemon Sins
|join|The Sinex
|player|p1|Pokemon Sins|136
|player|p2|The Sinex|167
|gametype|singles
|gen|6
|tier|UU
|rated
|rule|Sleep Clause Mod: Limit one foe put to sleep
|rule|Species Clause: Limit one of each Pokémon
|rule|OHKO Clause: OHKO moves are banned
|rule|Moody Clause: Moody is banned
|rule|Evasion Moves Clause: Evasion moves are banned
|rule|Endless Battle Clause: Forcing endless battles is banned
|rule|HP Percentage Mod: HP is shown in percentages
|clearpoke
|poke|p1|Donphan, F
|poke|p1|Vaporeon, M
|poke|p1|Aggron, F
|poke|p1|Crobat, F
|poke|p1|Lucario, F
|poke|p1|Hydreigon, M
|poke|p2|Nidoqueen, F, shiny
|poke|p2|Jirachi
|poke|p2|Starmie
|poke|p2|Infernape, F
|poke|p2|Hydreigon, F
|poke|p2|Quagsire, F
|rule|Swagger Clause: Swagger is banned
|rule|Baton Pass Clause: Limit one Pokémon knowing Baton Pass
|teampreview
|
|start
|switch|p1a: Donphan|Donphan, F|334\/334
|switch|p2a: Nidoqueen|Nidoqueen, F, shiny|321\/321
|turn|1
|
|move|p2a: Nidoqueen|Ice Beam|p1a: Donphan
|-supereffective|p1a: Donphan
|-activate|p1a: Donphan|Sturdy
|-damage|p1a: Donphan|1\/334
|move|p1a: Donphan|Earthquake|p2a: Nidoqueen
|-supereffective|p2a: Nidoqueen
|-damage|p2a: Nidoqueen|0 fnt
|faint|p2a: Nidoqueen
|
|
|switch|p2a: Hydreigon|Hydreigon, F|325\/325
|turn|2
|join|rofl uu peasants
|
|switch|p1a: Vaporeon|Vaporeon, M|452\/452
|move|p2a: Hydreigon|U-turn|p1a: Vaporeon
|-damage|p1a: Vaporeon|404\/452
|
|switch|p2a: Jirachi|Jirachi|404\/404
|
|-heal|p1a: Vaporeon|432\/452|[from] item: Leftovers
|turn|3
|
|move|p1a: Vaporeon|Protect|p1a: Vaporeon
|-singleturn|p1a: Vaporeon|Protect
|move|p2a: Jirachi|Substitute|p2a: Jirachi
|-start|p2a: Jirachi|Substitute
|-damage|p2a: Jirachi|303\/404
|
|-heal|p2a: Jirachi|328\/404|[from] item: Leftovers
|-heal|p1a: Vaporeon|452\/452|[from] item: Leftovers
|turn|4
|
|move|p2a: Jirachi|Toxic|p1a: Vaporeon
|-status|p1a: Vaporeon|tox
|move|p1a: Vaporeon|Baton Pass|p1a: Vaporeon
|c|★Pokemon Sins|sigh
|c|★Pokemon Sins|I hate it when cancel button is a turd
|
|switch|p1a: Aggron|Aggron, F|344\/344
|
|-heal|p2a: Jirachi|353\/404|[from] item: Leftovers
|turn|5
|c|★The Sinex|me too
|c|★Pokemon Sins|tbh PS without lag, shitty constant battling bugs and less idiotic trolls it would be great
|
|detailschange|p1a: Aggron|Aggron-Mega, F
|-mega|p1a: Aggron|Aggron|Aggronite
|move|p2a: Jirachi|Fire Punch|p1a: Aggron
|-supereffective|p1a: Aggron
|-damage|p1a: Aggron|307\/344
|move|p1a: Aggron|Roar|p2a: Jirachi
|drag|p2a: Quagsire|Quagsire, F|394\/394
|
|turn|6
|
|move|p1a: Aggron|Toxic|p2a: Quagsire
|-status|p2a: Quagsire|tox
|move|p2a: Quagsire|Scald|p1a: Aggron
|-damage|p1a: Aggron|238\/344
|
|-damage|p2a: Quagsire|370\/394 tox|[from] psn
|turn|7
|
|switch|p1a: Vaporeon|Vaporeon, M|452\/452 tox
|move|p2a: Quagsire|Scald|p1a: Vaporeon
|-immune|p1a: Vaporeon|[msg]
|
|-heal|p2a: Quagsire|394\/394 tox|[from] item: Leftovers
|-damage|p1a: Vaporeon|424\/452 tox|[from] psn
|-damage|p2a: Quagsire|346\/394 tox|[from] psn
|turn|8
|
|switch|p2a: Starmie|Starmie|324\/324
|move|p1a: Vaporeon|Wish|p1a: Vaporeon
|
|-heal|p1a: Vaporeon|452\/452 tox|[from] item: Leftovers
|-damage|p1a: Vaporeon|396\/452 tox|[from] psn
|turn|9
|c| rofl uu peasants|what is this
|c| rofl uu peasants|semistall
|c| rofl uu peasants|with luke
|c|★Pokemon Sins|It's like
|c|★Pokemon Sins|Offense with a quag
|
|switch|p2a: Infernape|Infernape, F|294\/294
|move|p1a: Vaporeon|Baton Pass|p1a: Vaporeon
|
|switch|p1a: Donphan|Donphan, F|1\/334
|
|-heal|p1a: Donphan|227\/334|[from] move: Wish|[wisher] Vaporeon
|turn|10
|c| rofl uu peasants|with a quag eh
|
|switch|p1a: Crobat|Crobat, F|323\/323
|move|p2a: Infernape|Grass Knot|p1a: Crobat
|-resisted|p1a: Crobat
|-damage|p1a: Crobat|292\/323
|-damage|p2a: Infernape|265\/294|[from] item: Life Orb
|
|turn|11
|c|★The Sinex|lol
|c|★Pokemon Sins|tsk tsk
|
|switch|p2a: Quagsire|Quagsire, F|346\/394 tox
|move|p1a: Crobat|U-turn|p2a: Quagsire
|-damage|p2a: Quagsire|289\/394 tox
|
|switch|p1a: Hydreigon|Hydreigon, M|325\/325
|
|-heal|p2a: Quagsire|313\/394 tox|[from] item: Leftovers
|-damage|p2a: Quagsire|289\/394 tox|[from] psn
|turn|12
|
|move|p1a: Hydreigon|Draco Meteor|p2a: Quagsire
|-damage|p2a: Quagsire|0 fnt
|-unboost|p1a: Hydreigon|spa|2
|-damage|p1a: Hydreigon|293\/325|[from] item: Life Orb
|faint|p2a: Quagsire
|
|
|switch|p2a: Hydreigon|Hydreigon, F|325\/325
|turn|13
|c| rofl uu peasants|sins
|c|★Pokemon Sins|hm?
|c| rofl uu peasants|damn sounds weird af
|c| rofl uu peasants|:\/
|
|switch|p1a: Aggron|Aggron-Mega, F|238\/344
|move|p2a: Hydreigon|Dark Pulse|p1a: Aggron
|-damage|p1a: Aggron|99\/344
|
|turn|14
|
|switch|p2a: Infernape|Infernape, F|265\/294
|switch|p1a: Lucario|Lucario, F|281\/281
|
|turn|15
|c| rofl uu peasants|!
|c| rofl uu peasants|sd on the miss
|
|switch|p1a: Vaporeon|Vaporeon, M|396\/452 tox
|move|p2a: Infernape|Nasty Plot|p2a: Infernape
|-boost|p2a: Infernape|spa|2
|
|-heal|p1a: Vaporeon|424\/452 tox|[from] item: Leftovers
|-damage|p1a: Vaporeon|396\/452 tox|[from] psn
|turn|16
|c| rofl uu peasants|smh
|c| rofl uu peasants|i told u
|
|move|p2a: Infernape|Fire Blast|p1a: Vaporeon|[miss]
|-miss|p2a: Infernape|p1a: Vaporeon
|move|p1a: Vaporeon|Scald|p2a: Infernape
|-supereffective|p2a: Infernape
|-damage|p2a: Infernape|0 fnt
|faint|p2a: Infernape
|
|-heal|p1a: Vaporeon|424\/452 tox|[from] item: Leftovers
|-damage|p1a: Vaporeon|368\/452 tox|[from] psn
|c|★Pokemon Sins|I'm not THAT real
|c| rofl uu peasants|...
|c|★Pokemon Sins|chill
|c| rofl uu peasants|haxing
|c| rofl uu peasants|trash
|c| rofl uu peasants|smhsmh
|
|switch|p2a: Jirachi|Jirachi|353\/404
|turn|17
|c|★Pokemon Sins|Ah nice prediction went well
|
|move|p2a: Jirachi|Iron Head|p1a: Vaporeon
|-crit|p1a: Vaporeon
|-resisted|p1a: Vaporeon
|-damage|p1a: Vaporeon|293\/452 tox
|move|p1a: Vaporeon|Wish|p1a: Vaporeon
|
|-heal|p2a: Jirachi|378\/404|[from] item: Leftovers
|-heal|p1a: Vaporeon|321\/452 tox|[from] item: Leftovers
|-damage|p1a: Vaporeon|237\/452 tox|[from] psn
|turn|18
|
|switch|p1a: Aggron|Aggron-Mega, F|99\/344
|move|p2a: Jirachi|Substitute|p2a: Jirachi
|-start|p2a: Jirachi|Substitute
|-damage|p2a: Jirachi|277\/404
|
|-heal|p1a: Aggron|325\/344|[from] move: Wish|[wisher] Vaporeon
|-heal|p2a: Jirachi|302\/404|[from] item: Leftovers
|turn|19
|
|move|p2a: Jirachi|Fire Punch|p1a: Aggron
|-supereffective|p1a: Aggron
|-damage|p1a: Aggron|285\/344
|-status|p1a: Aggron|brn
|move|p1a: Aggron|Roar|p2a: Jirachi
|drag|p2a: Starmie|Starmie|324\/324
|
|-damage|p1a: Aggron|242\/344 brn|[from] brn
|turn|20
|c| rofl uu peasants|>prediction
|
|move|p2a: Starmie|Psyshock|p1a: Aggron
|-resisted|p1a: Aggron
|-damage|p1a: Aggron|223\/344 brn
|move|p1a: Aggron|Stealth Rock|p2a: Starmie
|-sidestart|p2: The Sinex|move: Stealth Rock
|
|-damage|p1a: Aggron|180\/344 brn|[from] brn
|turn|21
|c|★Pokemon Sins|Crobat switch in was going to get roasted if I made it :\/
|
|move|p2a: Starmie|Psyshock|p1a: Aggron
|-resisted|p1a: Aggron
|-damage|p1a: Aggron|160\/344 brn
|move|p1a: Aggron|Toxic|p2a: Starmie
|-status|p2a: Starmie|tox
|
|-damage|p2a: Starmie|304\/324 tox|[from] psn
|-damage|p1a: Aggron|117\/344 brn|[from] brn
|turn|22
|c| rofl uu peasants|what crobat
|c| rofl uu peasants|smh
|
|switch|p1a: Hydreigon|Hydreigon, M|293\/325
|move|p2a: Starmie|Rapid Spin|p1a: Hydreigon
|-damage|p1a: Hydreigon|280\/325
|-sideend|p2: The Sinex|Stealth Rock|[from] move: Rapid Spin|[of] p2a: Starmie
|
|-heal|p2a: Starmie|324\/324 tox|[from] item: Leftovers
|-damage|p2a: Starmie|284\/324 tox|[from] psn
|turn|23
|c|★The Sinex|gg
|c|★Pokemon Sins|Idk you can come back from this imo
|
|move|p2a: Starmie|Scald|p1a: Hydreigon
|-resisted|p1a: Hydreigon
|-damage|p1a: Hydreigon|229\/325
|-status|p1a: Hydreigon|brn
|move|p1a: Hydreigon|Dark Pulse|p2a: Starmie
|-supereffective|p2a: Starmie
|-damage|p2a: Starmie|0 fnt
|-damage|p1a: Hydreigon|197\/325 brn|[from] item: Life Orb
|faint|p2a: Starmie
|
|-damage|p1a: Hydreigon|157\/325 brn|[from] brn
|c| rofl uu peasants|when theres a rachi
|c| rofl uu peasants|theres a way
|c| rofl uu peasants|i learned that
|c| rofl uu peasants|many times
|
|switch|p2a: Hydreigon|Hydreigon, F|325\/325
|turn|24
|c|★The Sinex|are u calcing
|c| rofl uu peasants|hes timestalling
|c| rofl uu peasants|on the timer imo
|c|★Pokemon Sins|nah I lagged out
|c|★Pokemon Sins|sry
|c| rofl uu peasants|smh
|
|switch|p1a: Aggron|Aggron-Mega, F|117\/344 brn
|move|p2a: Hydreigon|Draco Meteor|p1a: Aggron
|-crit|p1a: Aggron
|-resisted|p1a: Aggron
|-damage|p1a: Aggron|0 fnt
|-unboost|p2a: Hydreigon|spa|2
|faint|p1a: Aggron
|
|c| rofl uu peasants|smh hax
|
|switch|p1a: Lucario|Lucario, F|281\/281
|turn|25
|c| rofl uu peasants|sd
|c| rofl uu peasants|sd
|c| rofl uu peasants|sd
|c| rofl uu peasants|sd
|c| rofl uu peasants|sd
|
|move|p2a: Hydreigon|Draco Meteor|p1a: Lucario
|-resisted|p1a: Lucario
|-damage|p1a: Lucario|207\/281
|-unboost|p2a: Hydreigon|spa|2
|move|p1a: Lucario|Close Combat|p2a: Hydreigon
|-supereffective|p2a: Hydreigon
|-damage|p2a: Hydreigon|0 fnt
|-unboost|p1a: Lucario|def|1
|-unboost|p1a: Lucario|spd|1
|-damage|p1a: Lucario|179\/281|[from] item: Life Orb
|faint|p2a: Hydreigon
|
|c|★Pokemon Sins|Too real 5 me
|c| rofl uu peasants|smh
|c| rofl uu peasants|ok time for
|c| rofl uu peasants|rachi sweep
|
|switch|p2a: Jirachi|Jirachi|302\/404
|turn|26
|c|★Pokemon Sins|Honestly though rachi can clean which is sad
|c|★Pokemon Sins|per usual
|
|move|p2a: Jirachi|Fire Punch|p1a: Lucario
|-supereffective|p1a: Lucario
|-damage|p1a: Lucario|0 fnt
|faint|p1a: Lucario
|
|-heal|p2a: Jirachi|327\/404|[from] item: Leftovers
|c| rofl uu peasants|did you know that if it was like
|c| rofl uu peasants|superachi
|c|★Pokemon Sins|Yeah Latios has a point
|c|★Pokemon Sins|I mean
|
|switch|p1a: Donphan|Donphan, F|227\/334
|turn|27
|c|★Pokemon Sins|We've both been haxed to death by it
|c| rofl uu peasants|it would actually
|c|★Pokemon Sins|Damn
|c| rofl uu peasants|clean up
|c|★Pokemon Sins|I sent that message
|c| rofl uu peasants|ur whole team
|c|★Pokemon Sins|6 min ago
|c| rofl uu peasants|nb kreme
|c|★Pokemon Sins|Latios
|c|★Pokemon Sins|I would save Donphan's sturdy
|c|★Pokemon Sins|pls
|c| rofl uu peasants|look at how
|
|move|p2a: Jirachi|Iron Head|p1a: Donphan
|-damage|p1a: Donphan|142\/334
|cant|p1a: Donphan|flinch
|
|-heal|p2a: Jirachi|352\/404|[from] item: Leftovers
|turn|28
|c| rofl uu peasants|broken its sturdy is
|
|move|p2a: Jirachi|Iron Head|p1a: Donphan
|-damage|p1a: Donphan|67\/334
|cant|p1a: Donphan|flinch
|
|-heal|p2a: Jirachi|377\/404|[from] item: Leftovers
|turn|29
|c| rofl uu peasants|oooohh
|c| rofl uu peasants|the
|c| rofl uu peasants|comeback
|
|move|p2a: Jirachi|Iron Head|p1a: Donphan
|-damage|p1a: Donphan|0 fnt
|faint|p1a: Donphan
|
|-heal|p2a: Jirachi|402\/404|[from] item: Leftovers
|c| rofl uu peasants|is here
|c|★Pokemon Sins|Yeah this is usually how I lose nowadays
|c|★The Sinex|the sweep is real
|c|★Pokemon Sins|I'm sure it's the same for you Latios
|c| rofl uu peasants|man kreme
|c| rofl uu peasants|i feel u
|
|switch|p1a: Hydreigon|Hydreigon, M|157\/325 brn
|turn|30
|c| rofl uu peasants|i dropped 70+ points
|c| rofl uu peasants|from rachi flinch hax
|c|★Pokemon Sins|ONly 70?
|c|★Pokemon Sins|I've gone 400
|
|move|p2a: Jirachi|Substitute|p2a: Jirachi
|-start|p2a: Jirachi|Substitute
|-damage|p2a: Jirachi|301\/404
|move|p1a: Hydreigon|Roost|p1a: Hydreigon
|-heal|p1a: Hydreigon|320\/325 brn
|
|-heal|p2a: Jirachi|326\/404|[from] item: Leftovers
|-damage|p1a: Hydreigon|280\/325 brn|[from] brn
|turn|31
|c| rofl uu peasants|:\/
|c| rofl uu peasants|ooh
|c| rofl uu peasants|death by flinch
|
|move|p2a: Jirachi|Iron Head|p1a: Hydreigon
|-damage|p1a: Hydreigon|186\/325 brn
|cant|p1a: Hydreigon|flinch
|
|-heal|p2a: Jirachi|351\/404|[from] item: Leftovers
|-damage|p1a: Hydreigon|146\/325 brn|[from] brn
|turn|32
|c| rofl uu peasants|behind a sub
|c| rofl uu peasants|rip
|c| rofl uu peasants|inb4
|c| rofl uu peasants|actually loses
|
|move|p2a: Jirachi|Iron Head|p1a: Hydreigon
|-damage|p1a: Hydreigon|43\/325 brn
|cant|p1a: Hydreigon|flinch
|
|-heal|p2a: Jirachi|376\/404|[from] item: Leftovers
|-damage|p1a: Hydreigon|3\/325 brn|[from] brn
|turn|33
|c| rofl uu peasants|tbh u might
|c|★Pokemon Sins|Yeah you know what
|c| rofl uu peasants|nah
|c| rofl uu peasants|play finish
|c|★Pokemon Sins|OU can take this thing now
|c|★Pokemon Sins|:\/
|c| rofl uu peasants|i need to save this
|c| rofl uu peasants|kreme
|
|move|p2a: Jirachi|Iron Head|p1a: Hydreigon
|-damage|p1a: Hydreigon|0 fnt
|faint|p1a: Hydreigon
|
|-heal|p2a: Jirachi|401\/404|[from] item: Leftovers
|c| rofl uu peasants|took u long enough
|c| rofl uu peasants|to realise
|c|★Pokemon Sins|Anyways
|c|★The Sinex|how can i save battles??
|c|★Pokemon Sins|I like how
|
|switch|p1a: Crobat|Crobat, F|292\/323
|turn|34
|c|★Pokemon Sins|I can be 6-3 up
|c|★Pokemon Sins|Have a nice winning position
|c|★Pokemon Sins|All chill
|c| rofl uu peasants|man watch shofu
|c| rofl uu peasants|he turned 6-3 into 0-3
|c|★Pokemon Sins|Then jirachi just shoves his non existing penis
|c| rofl uu peasants|jk shofu is trash
|
|move|p1a: Crobat|Brave Bird|p2a: Jirachi
|-resisted|p2a: Jirachi
|-damage|p2a: Jirachi|317\/404
|-damage|p1a: Crobat|264\/323|[from] recoil|[of] p2a: Jirachi
|move|p2a: Jirachi|Iron Head|p1a: Crobat
|-damage|p1a: Crobat|143\/323
|
|-heal|p2a: Jirachi|342\/404|[from] item: Leftovers
|turn|35
|
|move|p1a: Crobat|Brave Bird|p2a: Jirachi
|-resisted|p2a: Jirachi
|-damage|p2a: Jirachi|243\/404
|-damage|p1a: Crobat|110\/323|[from] recoil|[of] p2a: Jirachi
|move|p2a: Jirachi|Iron Head|p1a: Crobat
|-damage|p1a: Crobat|0 fnt
|faint|p1a: Crobat
|
|-heal|p2a: Jirachi|268\/404|[from] item: Leftovers
|c| rofl uu peasants|nb
|c| rofl uu peasants|nb at all
|c|★Pokemon Sins|Tbh
|
|switch|p1a: Vaporeon|Vaporeon, M|237\/452 tox
|turn|36
|c|★Pokemon Sins|The main problem with Jirachi
|c| rofl uu peasants|is serene grace
|c| rofl uu peasants|smh
|c| rofl uu peasants|ik
|c|★Pokemon Sins|Is that it has so little shit that can really fit on many teams and outspeed it while having type advantage
|c|★The Sinex|dms you were right with the jirachi quote
|
|move|p2a: Jirachi|Iron Head|p1a: Vaporeon
|-resisted|p1a: Vaporeon
|-damage|p1a: Vaporeon|186\/452 tox
|move|p1a: Vaporeon|Scald|p2a: Jirachi
|-activate|p2a: Jirachi|Substitute|[damage]
|
|-heal|p2a: Jirachi|293\/404|[from] item: Leftovers
|-heal|p1a: Vaporeon|214\/452 tox|[from] item: Leftovers
|-damage|p1a: Vaporeon|186\/452 tox|[from] psn
|turn|37
|
|move|p2a: Jirachi|Iron Head|p1a: Vaporeon
|-resisted|p1a: Vaporeon
|-damage|p1a: Vaporeon|137\/452 tox
|cant|p1a: Vaporeon|flinch
|
|-heal|p2a: Jirachi|318\/404|[from] item: Leftovers
|-heal|p1a: Vaporeon|165\/452 tox|[from] item: Leftovers
|-damage|p1a: Vaporeon|109\/452 tox|[from] psn
|turn|38
|join|SunnyORAS
|join|a kawaii girl
|c| a kawaii girl|oh
|
|move|p2a: Jirachi|Iron Head|p1a: Vaporeon
|-resisted|p1a: Vaporeon
|-damage|p1a: Vaporeon|61\/452 tox
|move|p1a: Vaporeon|Scald|p2a: Jirachi
|-end|p2a: Jirachi|Substitute
|
|-heal|p2a: Jirachi|343\/404|[from] item: Leftovers
|-heal|p1a: Vaporeon|89\/452 tox|[from] item: Leftovers
|-damage|p1a: Vaporeon|5\/452 tox|[from] psn
|turn|39
|
|move|p2a: Jirachi|Fire Punch|p1a: Vaporeon
|-resisted|p1a: Vaporeon
|-damage|p1a: Vaporeon|0 fnt
|faint|p1a: Vaporeon
|
|win|The Sinex
|raw|Ladder updating...
|raw|Pokemon Sins's rating: 1438 &rarr; <strong>1416<\/strong><br \/>(-22 for losing)
|raw|The Sinex's rating: 1395 &rarr; <strong>1417<\/strong><br \/>(+22 for winning)
|c|★The Sinex|gg sorry
|join|SkarmSteel
|c|★Pokemon Sins|it's w\/e
|leave|SunnyORAS
|c|★Pokemon Sins|Don't apologize if you liked the points
|c|★Pokemon Sins|I would have fucking appreciated the hax myself
|c| rofl uu peasants|man kreme
|leave|Pokemon Sins
|player|p1
|leave|rofl uu peasants