|join|The Sinex
|join|BashinTosh
|player|p1|The Sinex|109
|player|p2|BashinTosh|101
|gametype|singles
|gen|6
|tier|UU
|rated
|rule|Sleep Clause Mod: Limit one foe put to sleep
|rule|Species Clause: Limit one of each Pokémon
|rule|OHKO Clause: OHKO moves are banned
|rule|Moody Clause: Moody is banned
|rule|Evasion Moves Clause: Evasion moves are banned
|rule|Endless Battle Clause: Forcing endless battles is banned
|rule|HP Percentage Mod: HP is shown in percentages
|clearpoke
|poke|p1|Blastoise, M
|poke|p1|Mienshao, M
|poke|p1|Cresselia, F
|poke|p1|Crobat, M
|poke|p1|Jirachi
|poke|p1|Blissey, F
|poke|p2|Mienshao, F
|poke|p2|Forretress, F
|poke|p2|Raikou, shiny
|poke|p2|Sharpedo, F
|poke|p2|Chandelure, F
|poke|p2|Florges, F
|rule|Swagger Clause: Swagger is banned
|rule|Baton Pass Clause: Limit one Pokémon knowing Baton Pass
|teampreview
|
|start
|switch|p1a: Blastoise|Blastoise, M|362\/362
|switch|p2a: Forretress|Forretress, F|354\/354
|turn|1
|
|detailschange|p1a: Blastoise|Blastoise-Mega, M
|-mega|p1a: Blastoise|Blastoise|Blastoisinite
|move|p1a: Blastoise|Water Pulse|p2a: Forretress
|-damage|p2a: Forretress|143\/354
|move|p2a: Forretress|Stealth Rock|p1a: Blastoise
|-sidestart|p1: The Sinex|move: Stealth Rock
|
|-heal|p2a: Forretress|165\/354|[from] item: Leftovers
|turn|2
|
|switch|p2a: Florges|Florges, F|360\/360
|move|p1a: Blastoise|Water Pulse|p2a: Florges
|-damage|p2a: Florges|282\/360
|-start|p2a: Florges|confusion
|
|-heal|p2a: Florges|304\/360|[from] item: Leftovers
|turn|3
|
|switch|p1a: Jirachi|Jirachi|404\/404
|-damage|p1a: Jirachi|379\/404|[from] Stealth Rock
|switch|p2a: Forretress|Forretress, F|165\/354
|
|-heal|p1a: Jirachi|404\/404|[from] item: Leftovers
|-heal|p2a: Forretress|187\/354|[from] item: Leftovers
|turn|4
|
|move|p1a: Jirachi|Substitute|p1a: Jirachi
|-start|p1a: Jirachi|Substitute
|-damage|p1a: Jirachi|303\/404
|move|p2a: Forretress|Toxic Spikes|p1a: Jirachi
|-sidestart|p1: The Sinex|move: Toxic Spikes
|
|-heal|p1a: Jirachi|328\/404|[from] item: Leftovers
|-heal|p2a: Forretress|209\/354|[from] item: Leftovers
|turn|5
|
|switch|p2a: Chandelure|Chandelure, F|308\/308
|move|p1a: Jirachi|Fire Punch|p2a: Chandelure
|-start|p2a: Chandelure|ability: Flash Fire
|
|-heal|p1a: Jirachi|353\/404|[from] item: Leftovers
|turn|6
|
|move|p1a: Jirachi|Iron Head|p2a: Chandelure
|-resisted|p2a: Chandelure
|-damage|p2a: Chandelure|257\/308
|move|p2a: Chandelure|Shadow Ball|p1a: Jirachi
|-supereffective|p1a: Jirachi
|-end|p1a: Jirachi|Substitute
|
|-heal|p1a: Jirachi|378\/404|[from] item: Leftovers
|-heal|p2a: Chandelure|276\/308|[from] item: Leftovers
|turn|7
|
|switch|p1a: Blissey|Blissey, F|714\/714
|-damage|p1a: Blissey|625\/714|[from] Stealth Rock
|-status|p1a: Blissey|psn
|move|p2a: Chandelure|Fire Blast|p1a: Blissey
|-damage|p1a: Blissey|433\/714 psn
|
|-heal|p2a: Chandelure|295\/308|[from] item: Leftovers
|-heal|p1a: Blissey|477\/714 psn|[from] item: Leftovers
|-damage|p1a: Blissey|388\/714 psn|[from] psn
|turn|8
|
|switch|p2a: Forretress|Forretress, F|209\/354
|move|p1a: Blissey|Wish|p1a: Blissey
|
|-heal|p1a: Blissey|432\/714 psn|[from] item: Leftovers
|-heal|p2a: Forretress|231\/354|[from] item: Leftovers
|-damage|p1a: Blissey|343\/714 psn|[from] psn
|turn|9
|
|switch|p1a: Blastoise|Blastoise-Mega, M|362\/362
|-damage|p1a: Blastoise|317\/362|[from] Stealth Rock
|-status|p1a: Blastoise|psn
|move|p2a: Forretress|Toxic Spikes|p1a: Blastoise
|-sidestart|p1: The Sinex|move: Toxic Spikes
|
|-heal|p1a: Blastoise|362\/362 psn|[from] move: Wish|[wisher] Blissey
|-heal|p2a: Forretress|253\/354|[from] item: Leftovers
|-damage|p1a: Blastoise|317\/362 psn|[from] psn
|turn|10
|
|switch|p2a: Florges|Florges, F|304\/360
|move|p1a: Blastoise|Rapid Spin|p2a: Florges
|-damage|p2a: Florges|282\/360
|-sideend|p1: The Sinex|Toxic Spikes|[from] move: Rapid Spin|[of] p1a: Blastoise
|-sideend|p1: The Sinex|Stealth Rock|[from] move: Rapid Spin|[of] p1a: Blastoise
|
|-heal|p2a: Florges|304\/360|[from] item: Leftovers
|-damage|p1a: Blastoise|272\/362 psn|[from] psn
|turn|11
|
|switch|p1a: Crobat|Crobat, M|321\/321
|switch|p2a: Chandelure|Chandelure, F|295\/308
|
|-heal|p2a: Chandelure|308\/308|[from] item: Leftovers
|turn|12
|
|move|p1a: Crobat|Sludge Bomb|p2a: Chandelure
|-resisted|p2a: Chandelure
|-damage|p2a: Chandelure|249\/308
|move|p2a: Chandelure|Fire Blast|p1a: Crobat
|-damage|p1a: Crobat|101\/321
|
|-heal|p1a: Crobat|121\/321|[from] item: Black Sludge
|-heal|p2a: Chandelure|268\/308|[from] item: Leftovers
|turn|13
|
|switch|p1a: Blissey|Blissey, F|343\/714
|switch|p2a: Forretress|Forretress, F|253\/354
|
|-heal|p1a: Blissey|387\/714|[from] item: Leftovers
|-heal|p2a: Forretress|275\/354|[from] item: Leftovers
|turn|14
|
|switch|p1a: Cresselia|Cresselia, F|396\/396
|move|p2a: Forretress|Stealth Rock|p1a: Cresselia
|-sidestart|p1: The Sinex|move: Stealth Rock
|
|-heal|p2a: Forretress|297\/354|[from] item: Leftovers
|turn|15
|
|switch|p2a: Chandelure|Chandelure, F|268\/308
|move|p1a: Cresselia|Calm Mind|p1a: Cresselia
|-boost|p1a: Cresselia|spa|1
|-boost|p1a: Cresselia|spd|1
|
|-heal|p2a: Chandelure|287\/308|[from] item: Leftovers
|turn|16
|
|move|p2a: Chandelure|Shadow Ball|p1a: Cresselia
|-supereffective|p1a: Cresselia
|-damage|p1a: Cresselia|252\/396
|move|p1a: Cresselia|Psyshock|p2a: Chandelure
|-damage|p2a: Chandelure|133\/308
|
|-heal|p2a: Chandelure|152\/308|[from] item: Leftovers
|-heal|p1a: Cresselia|276\/396|[from] item: Leftovers
|turn|17
|
|move|p2a: Chandelure|Pain Split|p1a: Cresselia
|-sethp|p1a: Cresselia|214\/396|p2a: Chandelure|214\/308|[from] move: Pain Split
|move|p1a: Cresselia|Psyshock|p2a: Chandelure
|-damage|p2a: Chandelure|69\/308
|
|-heal|p2a: Chandelure|88\/308|[from] item: Leftovers
|-heal|p1a: Cresselia|238\/396|[from] item: Leftovers
|turn|18
|
|move|p2a: Chandelure|Shadow Ball|p1a: Cresselia
|-supereffective|p1a: Cresselia
|-damage|p1a: Cresselia|106\/396
|move|p1a: Cresselia|Moonblast|p2a: Chandelure
|-resisted|p2a: Chandelure
|-damage|p2a: Chandelure|26\/308
|
|-heal|p2a: Chandelure|45\/308|[from] item: Leftovers
|-heal|p1a: Cresselia|130\/396|[from] item: Leftovers
|turn|19
|
|move|p2a: Chandelure|Shadow Ball|p1a: Cresselia
|-supereffective|p1a: Cresselia
|-damage|p1a: Cresselia|0 fnt
|faint|p1a: Cresselia
|
|-heal|p2a: Chandelure|64\/308|[from] item: Leftovers
|
|switch|p1a: Jirachi|Jirachi|378\/404
|-damage|p1a: Jirachi|353\/404|[from] Stealth Rock
|turn|20
|
|move|p1a: Jirachi|Iron Head|p2a: Chandelure
|-resisted|p2a: Chandelure
|-damage|p2a: Chandelure|14\/308
|cant|p2a: Chandelure|flinch
|
|-heal|p1a: Jirachi|378\/404|[from] item: Leftovers
|-heal|p2a: Chandelure|33\/308|[from] item: Leftovers
|turn|21
|
|switch|p2a: Forretress|Forretress, F|297\/354
|move|p1a: Jirachi|Iron Head|p2a: Forretress
|-resisted|p2a: Forretress
|-damage|p2a: Forretress|269\/354
|
|-heal|p1a: Jirachi|403\/404|[from] item: Leftovers
|-heal|p2a: Forretress|291\/354|[from] item: Leftovers
|turn|22
|
|switch|p2a: Raikou|Raikou, shiny|321\/321
|-ability|p2a: Raikou|Pressure
|move|p1a: Jirachi|Substitute|p1a: Jirachi
|-start|p1a: Jirachi|Substitute
|-damage|p1a: Jirachi|302\/404
|
|-heal|p1a: Jirachi|327\/404|[from] item: Leftovers
|turn|23
|
|move|p2a: Raikou|Volt Switch|p1a: Jirachi
|-end|p1a: Jirachi|Substitute
|
|switch|p2a: Forretress|Forretress, F|291\/354
|move|p1a: Jirachi|Iron Head|p2a: Forretress
|-resisted|p2a: Forretress
|-damage|p2a: Forretress|263\/354
|
|-heal|p1a: Jirachi|352\/404|[from] item: Leftovers
|-heal|p2a: Forretress|285\/354|[from] item: Leftovers
|turn|24
|
|switch|p2a: Chandelure|Chandelure, F|33\/308
|move|p1a: Jirachi|Fire Punch|p2a: Chandelure
|-start|p2a: Chandelure|ability: Flash Fire
|
|-heal|p1a: Jirachi|377\/404|[from] item: Leftovers
|-heal|p2a: Chandelure|52\/308|[from] item: Leftovers
|turn|25
|
|move|p1a: Jirachi|Iron Head|p2a: Chandelure
|-resisted|p2a: Chandelure
|-damage|p2a: Chandelure|5\/308
|move|p2a: Chandelure|Pain Split|p1a: Jirachi
|-sethp|p1a: Jirachi|191\/404|p2a: Chandelure|191\/308|[from] move: Pain Split
|
|-heal|p1a: Jirachi|216\/404|[from] item: Leftovers
|-heal|p2a: Chandelure|210\/308|[from] item: Leftovers
|turn|26
|-message|The Sinex forfeited.
|
|win|BashinTosh
|raw|Ladder updating...
|leave|The Sinex
|player|p1
|raw|The Sinex's rating: 1524 &rarr; <strong>1493<\/strong><br \/>(-31 for losing)
|raw|BashinTosh's rating: 1288 &rarr; <strong>1328<\/strong><br \/>(+40 for winning)