|join|miasmata
|join|arumat
|player|p1|miasmata|169
|player|p2|arumat|101
|gametype|singles
|gen|6
|tier|OU
|rated
|clearpoke
|poke|p1|Cloyster, F
|poke|p1|Landorus-Therian, M
|poke|p1|Latios, M
|poke|p1|Azumarill, F
|poke|p1|Scizor, M
|poke|p1|Tyranitar, F
|poke|p2|Shuckle, F, shiny
|poke|p2|Thundurus, M
|poke|p2|Heracross, F
|poke|p2|Gyarados, M
|poke|p2|Azumarill, M
|poke|p2|Weavile, F
|rule|Swagger Clause: Swagger is banned
|rule|Baton Pass Clause: Limit one Pokémon knowing Baton Pass
|rule|Sleep Clause Mod: Limit one foe put to sleep
|rule|Species Clause: Limit one of each Pokémon
|rule|OHKO Clause: OHKO moves are banned
|rule|Moody Clause: Moody is banned
|rule|Evasion Moves Clause: Evasion moves are banned
|rule|Endless Battle Clause: Forcing endless battles is banned
|rule|HP Percentage Mod: HP is shown in percentages
|teampreview
|
|start
|switch|p1a: Landorus-Therian|Landorus-Therian, M|319\/319
|switch|p2a: Shuckle|Shuckle, F, shiny|243\/243
|-ability|p1a: Landorus-Therian|Intimidate|[of] p2a: Shuckle
|-unboost|p2a: Shuckle|atk|1
|turn|1
|
|move|p1a: Landorus-Therian|Earthquake|p2a: Shuckle
|-damage|p2a: Shuckle|155\/243
|move|p2a: Shuckle|Sticky Web|p1a: Landorus-Therian
|-sidestart|p1: miasmata|move: Sticky Web
|
|turn|2
|
|move|p1a: Landorus-Therian|Earthquake|p2a: Shuckle
|-damage|p2a: Shuckle|59\/243
|move|p2a: Shuckle|Stealth Rock|p1a: Landorus-Therian
|-sidestart|p1: miasmata|move: Stealth Rock
|
|turn|3
|
|switch|p2a: Thundurus|Thundurus, M|299\/299
|move|p1a: Landorus-Therian|Earthquake|p2a: Thundurus
|-immune|p2a: Thundurus|[msg]
|
|turn|4
|
|move|p2a: Thundurus|Knock Off|p1a: Landorus-Therian
|-damage|p1a: Landorus-Therian|170\/319
|-enditem|p1a: Landorus-Therian|Focus Sash|[from] move: Knock Off|[of] p2a: Thundurus
|-damage|p2a: Thundurus|270\/299|[from] item: Life Orb
|move|p1a: Landorus-Therian|Stealth Rock|p2a: Thundurus
|-sidestart|p2: arumat|move: Stealth Rock
|
|turn|5
|
|move|p2a: Thundurus|Knock Off|p1a: Landorus-Therian
|-damage|p1a: Landorus-Therian|75\/319
|-damage|p2a: Thundurus|241\/299|[from] item: Life Orb
|move|p1a: Landorus-Therian|Explosion|p2a: Thundurus
|-damage|p2a: Thundurus|0 fnt
|faint|p1a: Landorus-Therian
|faint|p2a: Thundurus
|
|
|switch|p1a: Latios|Latios, M|364\/364
|switch|p2a: Heracross|Heracross, F|309\/309
|-damage|p1a: Latios|319\/364|[from] Stealth Rock
|-damage|p2a: Heracross|271\/309|[from] Stealth Rock
|turn|6
|
|detailschange|p2a: Heracross|Heracross-Mega, F
|-mega|p2a: Heracross|Heracross|Heracronite
|move|p1a: Latios|Reflect|p1a: Latios
|-sidestart|p1: miasmata|Reflect
|move|p2a: Heracross|Pin Missile|p1a: Latios
|-supereffective|p1a: Latios
|-damage|p1a: Latios|238\/364
|-supereffective|p1a: Latios
|-damage|p1a: Latios|166\/364
|-supereffective|p1a: Latios
|-damage|p1a: Latios|85\/364
|-supereffective|p1a: Latios
|-damage|p1a: Latios|4\/364
|-supereffective|p1a: Latios
|-damage|p1a: Latios|0 fnt
|-hitcount|p1a: Latios|5
|faint|p1a: Latios
|
|
|switch|p1a: Azumarill|Azumarill, F|364\/364
|-activate|p1a: Azumarill|move: Sticky Web
|-unboost|p1a: Azumarill|spe|1
|-damage|p1a: Azumarill|319\/364|[from] Stealth Rock
|turn|7
|
|move|p2a: Heracross|Rock Blast|p1a: Azumarill
|-damage|p1a: Azumarill|295\/364
|-damage|p1a: Azumarill|270\/364
|-damage|p1a: Azumarill|243\/364
|-crit|p1a: Azumarill
|-damage|p1a: Azumarill|159\/364
|-enditem|p1a: Azumarill|Sitrus Berry|[eat]
|-heal|p1a: Azumarill|250\/364|[from] item: Sitrus Berry
|-damage|p1a: Azumarill|226\/364
|-hitcount|p1a: Azumarill|5
|move|p1a: Azumarill|Belly Drum|p1a: Azumarill
|-damage|p1a: Azumarill|44\/364
|-setboost|p1a: Azumarill|atk|6|[from] move: Belly Drum
|
|turn|8
|
|switch|p2a: Shuckle|Shuckle, F, shiny|59\/243
|-damage|p2a: Shuckle|0 fnt|[from] Stealth Rock
|faint|p2a: Shuckle
|move|p1a: Azumarill|Aqua Jet|p2: Shuckle|[notarget]
|-notarget
|
|
|switch|p2a: Azumarill|Azumarill, M|363\/363
|-damage|p2a: Azumarill|318\/363|[from] Stealth Rock
|turn|9
|
|move|p1a: Azumarill|Aqua Jet|p2a: Azumarill
|-resisted|p2a: Azumarill
|-damage|p2a: Azumarill|123\/363
|-enditem|p2a: Azumarill|Sitrus Berry|[eat]
|-heal|p2a: Azumarill|213\/363|[from] item: Sitrus Berry
|move|p2a: Azumarill|Play Rough|p1a: Azumarill
|-damage|p1a: Azumarill|0 fnt
|faint|p1a: Azumarill
|
|
|switch|p1a: Scizor|Scizor, M|281\/281
|-activate|p1a: Scizor|move: Sticky Web
|-unboost|p1a: Scizor|spe|1
|-damage|p1a: Scizor|246\/281|[from] Stealth Rock
|turn|10
|
|move|p2a: Azumarill|Knock Off|p1a: Scizor
|-damage|p1a: Scizor|172\/281
|-enditem|p1a: Scizor|Life Orb|[from] move: Knock Off|[of] p2a: Azumarill
|move|p1a: Scizor|Swords Dance|p1a: Scizor
|-boost|p1a: Scizor|atk|2
|
|turn|11
|
|move|p1a: Scizor|Bullet Punch|p2a: Azumarill
|-damage|p2a: Azumarill|0 fnt
|faint|p2a: Azumarill
|
|
|switch|p2a: Heracross|Heracross-Mega, F|271\/309
|-damage|p2a: Heracross|233\/309|[from] Stealth Rock
|turn|12
|
|move|p1a: Scizor|Bullet Punch|p2a: Heracross
|-damage|p2a: Heracross|14\/309
|move|p2a: Heracross|Close Combat|p1a: Scizor
|-damage|p1a: Scizor|24\/281
|-unboost|p2a: Heracross|def|1
|-unboost|p2a: Heracross|spd|1
|
|turn|13
|
|move|p1a: Scizor|Bullet Punch|p2a: Heracross
|-damage|p2a: Heracross|0 fnt
|faint|p2a: Heracross
|
|-sideend|p1: miasmata|Reflect
|
|switch|p2a: Gyarados|Gyarados, M|331\/331
|-damage|p2a: Gyarados|249\/331|[from] Stealth Rock
|turn|14
|
|move|p1a: Scizor|Bullet Punch|p2a: Gyarados
|-resisted|p2a: Gyarados
|-damage|p2a: Gyarados|117\/331
|move|p2a: Gyarados|Waterfall|p1a: Scizor
|-crit|p1a: Scizor
|-damage|p1a: Scizor|0 fnt
|faint|p1a: Scizor
|-boost|p2a: Gyarados|atk|1|[from] ability: Moxie
|
|-heal|p2a: Gyarados|137\/331|[from] item: Leftovers
|
|switch|p1a: Cloyster|Cloyster, F|247\/247
|-damage|p1a: Cloyster|186\/247|[from] Stealth Rock
|-activate|p1a: Cloyster|move: Sticky Web
|-unboost|p1a: Cloyster|spe|1
|turn|15
|
|move|p2a: Gyarados|Bounce|p1a: Cloyster|[still]
|-prepare|p2a: Gyarados|Bounce|p1a: Cloyster
|move|p1a: Cloyster|Icicle Spear|p2a: Gyarados|[miss]
|-miss|p1a: Cloyster|p2a: Gyarados
|
|-heal|p2a: Gyarados|157\/331|[from] item: Leftovers
|turn|16
|
|move|p2a: Gyarados|Bounce|p1a: Cloyster
|-damage|p1a: Cloyster|48\/247
|move|p1a: Cloyster|Icicle Spear|p2a: Gyarados
|-damage|p2a: Gyarados|105\/331
|-damage|p2a: Gyarados|60\/331
|-damage|p2a: Gyarados|11\/331
|-damage|p2a: Gyarados|0 fnt
|-hitcount|p2a: Gyarados|4
|faint|p2a: Gyarados
|
|
|switch|p2a: Weavile|Weavile, F|281\/281
|-damage|p2a: Weavile|211\/281|[from] Stealth Rock
|-ability|p2a: Weavile|Pressure
|turn|17
|
|move|p2a: Weavile|Knock Off|p1a: Cloyster
|-damage|p1a: Cloyster|0 fnt
|-enditem|p1a: Cloyster|King's Rock|[from] move: Knock Off|[of] p2a: Weavile
|-damage|p2a: Weavile|183\/281|[from] item: Life Orb
|faint|p1a: Cloyster
|
|
|switch|p1a: Tyranitar|Tyranitar, F|341\/341
|-activate|p1a: Tyranitar|move: Sticky Web
|-unboost|p1a: Tyranitar|spe|1
|-damage|p1a: Tyranitar|299\/341|[from] Stealth Rock
|-weather|Sandstorm
|turn|18
|
|detailschange|p1a: Tyranitar|Tyranitar-Mega, F
|-mega|p1a: Tyranitar|Tyranitar|Tyranitarite
|move|p2a: Weavile|Low Kick|p1a: Tyranitar
|-supereffective|p1a: Tyranitar
|-damage|p1a: Tyranitar|0 fnt
|-damage|p2a: Weavile|155\/281|[from] item: Life Orb
|faint|p1a: Tyranitar
|
|win|arumat
|raw|Ladder updating...
|raw|miasmata's rating: 1751 &rarr; <strong>1720<\/strong><br \/>(-31 for losing)
|raw|arumat's rating: 1547 &rarr; <strong>1578<\/strong><br \/>(+31 for winning)
|leave|miasmata
|player|p1
|c|★arumat|gg