|join|Reverb
|join|miasmata
|player|p1|Reverb|#reverb
|player|p2|miasmata|170
|gametype|singles
|gen|6
|tier|OU
|rated
|clearpoke
|poke|p1|Landorus, M
|poke|p1|Celebi
|poke|p1|Heatran, M
|poke|p1|Conkeldurr, M
|poke|p1|Azumarill, F
|poke|p1|Metagross
|poke|p2|Tyranitar, F
|poke|p2|Clefable, F
|poke|p2|Hippowdon, M
|poke|p2|Celebi
|poke|p2|Mew
|poke|p2|Charizard, M
|rule|Swagger Clause: Swagger is banned
|rule|Baton Pass Clause: Limit one Pokémon knowing Baton Pass
|rule|Sleep Clause Mod: Limit one foe put to sleep
|rule|Species Clause: Limit one of each Pokémon
|rule|OHKO Clause: OHKO moves are banned
|rule|Moody Clause: Moody is banned
|rule|Evasion Moves Clause: Evasion moves are banned
|rule|Endless Battle Clause: Forcing endless battles is banned
|rule|HP Percentage Mod: HP is shown in percentages
|teampreview
|join|iplaytennislol
|join|I Iike Squirtles
|join|gobosox
|join|Zamrock
|join|QuagGod
|join|Tom Bus
|join|lil manaphy
|join|Prankster
|
|start
|switch|p1a: Azumarill|Azumarill, F|372\/372
|switch|p2a: Charizard|Charizard, M|297\/297
|turn|1
|c| Zamrock|brah, reverb eats lunchables
|join|squirrelll
|c| Zamrock|whoop his ass
|c| Zamrock|knock some sense into him
|join|Demandred
|
|switch|p1a: Heatran|Heatran, M|385\/385
|detailschange|p2a: Charizard|Charizard-Mega-Y, M
|-mega|p2a: Charizard|Charizard|Charizardite Y
|-weather|SunnyDay
|move|p2a: Charizard|Solar Beam|p1a: Heatran|[still]
|-prepare|p2a: Charizard|Solar Beam|p1a: Heatran
|-anim|p2a: Charizard|Solar Beam|p1a: Heatran
|-resisted|p1a: Heatran
|-damage|p1a: Heatran|346\/385
|
|-weather|SunnyDay|[upkeep]
|-heal|p1a: Heatran|370\/385|[from] item: Leftovers
|turn|2
|c| iplaytennislol|lunchables are dank
|c| Zamrock|nasty
|
|move|p2a: Charizard|Focus Blast|p1a: Heatran
|-supereffective|p1a: Heatran
|-damage|p1a: Heatran|78\/385
|move|p1a: Heatran|Stealth Rock|p2a: Charizard
|-sidestart|p2: miasmata|move: Stealth Rock
|
|-weather|SunnyDay|[upkeep]
|-heal|p1a: Heatran|102\/385|[from] item: Leftovers
|turn|3
|join|BabyDickBandit
|join|anphonic
|c| Zamrock|reverb
|
|move|p2a: Charizard|Focus Blast|p1a: Heatran
|-supereffective|p1a: Heatran
|-damage|p1a: Heatran|0 fnt
|faint|p1a: Heatran
|
|-weather|SunnyDay|[upkeep]
|c| Zamrock|imma bring a natural gift fight talonflame
|c| Zamrock|and whoop u
|c| Zamrock|bop
|
|switch|p1a: Landorus|Landorus, M|319\/319
|turn|4
|join|abcdefghitony
|
|move|p1a: Landorus|Psychic|p2a: Charizard
|-damage|p2a: Charizard|153\/297
|move|p2a: Charizard|Fire Blast|p1a: Landorus
|-damage|p1a: Landorus|0 fnt
|faint|p1a: Landorus
|
|-weather|SunnyDay|[upkeep]
|
|switch|p1a: Azumarill|Azumarill, F|372\/372
|turn|5
|c| iplaytennislol|rock slide lando where
|
|switch|p2a: Mew|Mew|359\/359
|-damage|p2a: Mew|315\/359|[from] Stealth Rock
|move|p1a: Azumarill|Aqua Jet|p2a: Mew
|-damage|p2a: Mew|243\/359
|
|-weather|none
|-heal|p2a: Mew|265\/359|[from] item: Leftovers
|turn|6
|c| Zamrock|the birdie check
|join|oml it's too ez
|join|RedKingAlmighty
|
|switch|p1a: Conkeldurr|Conkeldurr, M|364\/364
|move|p2a: Mew|Defog|p1a: Conkeldurr
|-unboost|p1a: Conkeldurr|evasion|1
|-sideend|p2: miasmata|Stealth Rock|[from] move: Defog|[of] p2a: Mew
|
|-heal|p2a: Mew|287\/359|[from] item: Leftovers
|turn|7
|join|Invok3r
|join|Bloodz
|c| lil manaphy|ttar and hippo
|c| I Iike Squirtles|hp ground serperior kinda wreks reverbs team
|c| lil manaphy|no exca
|c| lil manaphy|mew and celebi
|
|switch|p2a: Clefable|Clefable, F|393\/393
|switch|p1a: Azumarill|Azumarill, F|372\/372
|
|turn|8
|c| RedKingAlmighty|top kek
|c| lil manaphy|this team is weird
|
|move|p2a: Clefable|Moonblast|p1a: Azumarill
|-damage|p1a: Azumarill|252\/372
|move|p1a: Azumarill|Waterfall|p2a: Clefable
|-damage|p2a: Clefable|171\/393
|
|-heal|p2a: Clefable|195\/393|[from] item: Leftovers
|turn|9
|join|WECAMEASROMANS
|-message|Reverb forfeited.
|
|win|miasmata
|raw|Ladder updating...
|raw|Reverb's rating: 1729 &rarr; <strong>1708<\/strong><br \/>(-21 for losing)
|raw|miasmata's rating: 1710 &rarr; <strong>1731<\/strong><br \/>(+21 for winning)
|c|★Reverb|meh
|c|★Reverb|char-y weakness
|leave|WECAMEASROMANS
|leave|Reverb
|player|p1
|leave|Bloodz
|leave|Tom Bus
|leave|abcdefghitony
|leave|gobosox
|leave|miasmata
|player|p2
|join|gobosox