|join|miasmata
|join|Alvadora
|player|p1|miasmata|1
|player|p2|Alvadora|256
|gametype|singles
|gen|6
|tier|OU
|rated
|clearpoke
|poke|p1|Tyranitar, F
|poke|p1|Mew
|poke|p1|Altaria, M
|poke|p1|Heatran, F
|poke|p1|Gliscor, M
|poke|p1|Dragalge, M
|poke|p2|Scizor, M
|poke|p2|Jirachi
|poke|p2|Serperior, M
|poke|p2|Keldeo
|poke|p2|Zapdos
|poke|p2|Landorus, M
|rule|Swagger Clause: Swagger is banned
|rule|Baton Pass Clause: Limit one Pokémon knowing Baton Pass
|rule|Sleep Clause Mod: Limit one foe put to sleep
|rule|Species Clause: Limit one of each Pokémon
|rule|OHKO Clause: OHKO moves are banned
|rule|Moody Clause: Moody is banned
|rule|Evasion Moves Clause: Evasion moves are banned
|rule|Endless Battle Clause: Forcing endless battles is banned
|rule|HP Percentage Mod: HP is shown in percentages
|teampreview
|
|start
|switch|p1a: Altaria|Altaria, M|351\/351
|switch|p2a: Landorus|Landorus, M|319\/319
|turn|1
|
|switch|p2a: Jirachi|Jirachi|403\/403
|detailschange|p1a: Altaria|Altaria-Mega, M
|-mega|p1a: Altaria|Altaria|Altarianite
|move|p1a: Altaria|Hyper Voice|p2a: Jirachi
|-resisted|p2a: Jirachi
|-damage|p2a: Jirachi|339\/403
|
|-heal|p2a: Jirachi|364\/403|[from] item: Leftovers
|turn|2
|
|switch|p1a: Mew|Mew|359\/359
|move|p2a: Jirachi|Stealth Rock|p1a: Mew
|-sidestart|p1: miasmata|move: Stealth Rock
|
|-heal|p2a: Jirachi|389\/403|[from] item: Leftovers
|turn|3
|
|switch|p2a: Zapdos|Zapdos|383\/383
|-ability|p2a: Zapdos|Pressure
|move|p1a: Mew|Defog|p2a: Zapdos
|-unboost|p2a: Zapdos|evasion|1
|-sideend|p1: miasmata|Stealth Rock|[from] move: Defog|[of] p1a: Mew
|
|turn|4
|
|move|p1a: Mew|Ice Beam|p2a: Zapdos
|-supereffective|p2a: Zapdos
|-damage|p2a: Zapdos|159\/383
|move|p2a: Zapdos|Volt Switch|p1a: Mew
|-damage|p1a: Mew|254\/359
|
|switch|p2a: Jirachi|Jirachi|389\/403
|
|-heal|p2a: Jirachi|403\/403|[from] item: Leftovers
|-heal|p1a: Mew|276\/359|[from] item: Leftovers
|turn|5
|
|switch|p1a: Heatran|Heatran, F|386\/386
|move|p2a: Jirachi|Iron Head|p1a: Heatran
|-resisted|p1a: Heatran
|-damage|p1a: Heatran|365\/386
|
|-heal|p1a: Heatran|386\/386|[from] item: Leftovers
|turn|6
|
|switch|p2a: Keldeo|Keldeo|323\/323
|move|p1a: Heatran|Stealth Rock|p2a: Keldeo
|-sidestart|p2: Alvadora|move: Stealth Rock
|
|turn|7
|
|switch|p2a: Landorus|Landorus, M|319\/319
|-damage|p2a: Landorus|280\/319|[from] Stealth Rock
|switch|p1a: Altaria|Altaria-Mega, M|351\/351
|
|turn|8
|
|move|p2a: Landorus|Earth Power|p1a: Altaria
|-damage|p1a: Altaria|88\/351
|move|p1a: Altaria|Hyper Voice|p2a: Landorus
|-damage|p2a: Landorus|57\/319
|
|turn|9
|
|switch|p1a: Gliscor|Gliscor, M|354\/354
|move|p2a: Landorus|Psychic|p1a: Gliscor
|-damage|p1a: Gliscor|184\/354
|
|-status|p1a: Gliscor|tox|[from] item: Toxic Orb
|turn|10
|join|Void
|join|Mistaken
|
|move|p2a: Landorus|Psychic|p1a: Gliscor
|-damage|p1a: Gliscor|0 fnt
|faint|p1a: Gliscor
|
|
|switch|p1a: Tyranitar|Tyranitar, F|341\/341
|-weather|Sandstorm
|turn|11
|
|move|p1a: Tyranitar|Pursuit|p2a: Landorus
|-damage|p2a: Landorus|0 fnt
|faint|p2a: Landorus
|
|-weather|Sandstorm|[upkeep]
|
|switch|p2a: Jirachi|Jirachi|403\/403
|-damage|p2a: Jirachi|378\/403|[from] Stealth Rock
|turn|12
|c| Mistaken|hi hugo
|
|switch|p1a: Heatran|Heatran, F|386\/386
|move|p2a: Jirachi|Stealth Rock|p1a: Heatran
|-sidestart|p1: miasmata|move: Stealth Rock
|
|-weather|Sandstorm|[upkeep]
|-heal|p2a: Jirachi|403\/403|[from] item: Leftovers
|turn|13
|
|switch|p2a: Zapdos|Zapdos|159\/383
|-damage|p2a: Zapdos|64\/383|[from] Stealth Rock
|-ability|p2a: Zapdos|Pressure
|move|p1a: Heatran|Lava Plume|p2a: Zapdos
|-damage|p2a: Zapdos|0 fnt
|faint|p2a: Zapdos
|
|-weather|Sandstorm|[upkeep]
|
|switch|p2a: Keldeo|Keldeo|323\/323
|-damage|p2a: Keldeo|303\/323|[from] Stealth Rock
|turn|14
|
|switch|p1a: Dragalge|Dragalge, M|334\/334
|-damage|p1a: Dragalge|293\/334|[from] Stealth Rock
|move|p2a: Keldeo|Scald|p1a: Dragalge
|-resisted|p1a: Dragalge
|-damage|p1a: Dragalge|230\/334
|-status|p1a: Dragalge|brn
|
|-weather|Sandstorm|[upkeep]
|-damage|p2a: Keldeo|283\/323|[from] sandstorm
|-damage|p1a: Dragalge|210\/334 brn|[from] sandstorm
|-heal|p1a: Dragalge|230\/334 brn|[from] item: Black Sludge
|-damage|p1a: Dragalge|189\/334 brn|[from] brn
|turn|15
|
|switch|p2a: Jirachi|Jirachi|403\/403
|-damage|p2a: Jirachi|378\/403|[from] Stealth Rock
|move|p1a: Dragalge|Toxic Spikes|p2a: Jirachi
|-sidestart|p2: Alvadora|move: Toxic Spikes
|
|-weather|none
|-heal|p2a: Jirachi|403\/403|[from] item: Leftovers
|-heal|p1a: Dragalge|209\/334 brn|[from] item: Black Sludge
|-damage|p1a: Dragalge|168\/334 brn|[from] brn
|turn|16
|
|switch|p1a: Heatran|Heatran, F|386\/386
|-damage|p1a: Heatran|338\/386|[from] Stealth Rock
|move|p2a: Jirachi|Iron Head|p1a: Heatran
|-resisted|p1a: Heatran
|-damage|p1a: Heatran|317\/386
|
|-heal|p1a: Heatran|341\/386|[from] item: Leftovers
|turn|17
|
|move|p2a: Jirachi|Body Slam|p1a: Heatran
|-resisted|p1a: Heatran
|-damage|p1a: Heatran|312\/386
|-status|p1a: Heatran|par
|cant|p1a: Heatran|par
|
|-heal|p1a: Heatran|336\/386 par|[from] item: Leftovers
|turn|18
|
|switch|p2a: Keldeo|Keldeo|283\/323
|-status|p2a: Keldeo|psn
|-damage|p2a: Keldeo|263\/323 psn|[from] Stealth Rock
|move|p1a: Heatran|Lava Plume|p2a: Keldeo
|-resisted|p2a: Keldeo
|-damage|p2a: Keldeo|203\/323 psn
|
|-heal|p1a: Heatran|360\/386 par|[from] item: Leftovers
|-damage|p2a: Keldeo|163\/323 psn|[from] psn
|turn|19
|
|switch|p1a: Dragalge|Dragalge, M|168\/334 brn
|-damage|p1a: Dragalge|127\/334 brn|[from] Stealth Rock
|move|p2a: Keldeo|Secret Sword|p1a: Dragalge
|-resisted|p1a: Dragalge
|-damage|p1a: Dragalge|38\/334 brn
|
|-heal|p1a: Dragalge|58\/334 brn|[from] item: Black Sludge
|-damage|p2a: Keldeo|123\/323 psn|[from] psn
|-damage|p1a: Dragalge|17\/334 brn|[from] brn
|turn|20
|
|switch|p1a: Mew|Mew|276\/359
|-damage|p1a: Mew|232\/359|[from] Stealth Rock
|move|p2a: Keldeo|Secret Sword|p1a: Mew
|-resisted|p1a: Mew
|-damage|p1a: Mew|164\/359
|
|-heal|p1a: Mew|186\/359|[from] item: Leftovers
|-damage|p2a: Keldeo|83\/323 psn|[from] psn
|turn|21
|
|switch|p2a: Serperior|Serperior, M|291\/291
|-status|p2a: Serperior|psn
|-damage|p2a: Serperior|255\/291 psn|[from] Stealth Rock
|move|p1a: Mew|Roost|p1a: Mew
|-heal|p1a: Mew|359\/359
|
|-heal|p2a: Serperior|273\/291 psn|[from] item: Leftovers
|-damage|p2a: Serperior|237\/291 psn|[from] psn
|turn|22
|
|switch|p2a: Scizor|Scizor, M|290\/290
|-damage|p2a: Scizor|254\/290|[from] Stealth Rock
|move|p1a: Mew|Ice Beam|p2a: Scizor
|-resisted|p2a: Scizor
|-damage|p2a: Scizor|194\/290
|
|turn|23
|
|switch|p1a: Heatran|Heatran, F|360\/386 par
|-damage|p1a: Heatran|312\/386 par|[from] Stealth Rock
|detailschange|p2a: Scizor|Scizor-Mega, M
|-mega|p2a: Scizor|Scizor|Scizorite
|move|p2a: Scizor|Bug Bite|p1a: Heatran
|-resisted|p1a: Heatran
|-damage|p1a: Heatran|267\/386 par
|
|-heal|p1a: Heatran|291\/386 par|[from] item: Leftovers
|turn|24
|
|move|p2a: Scizor|Superpower|p1a: Heatran
|-supereffective|p1a: Heatran
|-damage|p1a: Heatran|0 fnt
|-unboost|p2a: Scizor|atk|1
|-unboost|p2a: Scizor|def|1
|faint|p1a: Heatran
|
|
|switch|p1a: Tyranitar|Tyranitar, F|341\/341
|-damage|p1a: Tyranitar|299\/341|[from] Stealth Rock
|-weather|Sandstorm
|turn|25
|
|move|p1a: Tyranitar|Pursuit|p2a: Scizor|[from]Pursuit
|-damage|p2a: Scizor|40\/290
|switch|p2a: Jirachi|Jirachi|403\/403
|-damage|p2a: Jirachi|378\/403|[from] Stealth Rock
|
|-weather|Sandstorm|[upkeep]
|-heal|p2a: Jirachi|403\/403|[from] item: Leftovers
|turn|26
|
|switch|p1a: Dragalge|Dragalge, M|17\/334 brn
|-damage|p1a: Dragalge|0 fnt|[from] Stealth Rock
|faint|p1a: Dragalge
|move|p2a: Jirachi|Iron Head|p1: Dragalge|[notarget]
|-notarget
|
|-weather|Sandstorm|[upkeep]
|
|switch|p1a: Mew|Mew|359\/359
|-damage|p1a: Mew|315\/359|[from] Stealth Rock
|turn|27
|
|move|p2a: Jirachi|Iron Head|p1a: Mew
|-damage|p1a: Mew|228\/359
|cant|p1a: Mew|flinch
|
|-weather|Sandstorm|[upkeep]
|-damage|p1a: Mew|206\/359|[from] sandstorm
|-heal|p1a: Mew|228\/359|[from] item: Leftovers
|turn|28
|c|★Alvadora|im going in
|c|★Alvadora|with the para
|c|★Alvadora|flinch
|
|move|p2a: Jirachi|Iron Head|p1a: Mew
|-damage|p1a: Mew|143\/359
|move|p1a: Mew|Earth Power|p2a: Jirachi
|-supereffective|p2a: Jirachi
|-damage|p2a: Jirachi|235\/403
|
|-weather|Sandstorm|[upkeep]
|-damage|p1a: Mew|121\/359|[from] sandstorm
|-heal|p2a: Jirachi|260\/403|[from] item: Leftovers
|-heal|p1a: Mew|143\/359|[from] item: Leftovers
|turn|29
|c| Void|there's no para
|
|move|p2a: Jirachi|Iron Head|p1a: Mew
|-damage|p1a: Mew|49\/359
|cant|p1a: Mew|flinch
|
|-weather|none
|-heal|p2a: Jirachi|285\/403|[from] item: Leftovers
|-heal|p1a: Mew|71\/359|[from] item: Leftovers
|turn|30
|c|★Alvadora|ok
|c|★Alvadora|flinch
|c|★Alvadora|lol
|
|move|p2a: Jirachi|Iron Head|p1a: Mew
|-damage|p1a: Mew|0 fnt
|faint|p1a: Mew
|
|-heal|p2a: Jirachi|310\/403|[from] item: Leftovers
|
|switch|p1a: Tyranitar|Tyranitar, F|299\/341
|-damage|p1a: Tyranitar|257\/341|[from] Stealth Rock
|-weather|Sandstorm
|turn|31
|
|move|p1a: Tyranitar|Pursuit|p2a: Jirachi
|-supereffective|p2a: Jirachi
|-damage|p2a: Jirachi|164\/403
|move|p2a: Jirachi|Iron Head|p1a: Tyranitar
|-supereffective|p1a: Tyranitar
|-damage|p1a: Tyranitar|87\/341
|
|-weather|Sandstorm|[upkeep]
|-heal|p2a: Jirachi|189\/403|[from] item: Leftovers
|turn|32
|
|move|p1a: Tyranitar|Pursuit|p2a: Jirachi
|-crit|p2a: Jirachi
|-supereffective|p2a: Jirachi
|-damage|p2a: Jirachi|0 fnt
|faint|p2a: Jirachi
|
|-weather|Sandstorm|[upkeep]
|
|switch|p2a: Keldeo|Keldeo|83\/323 psn
|-damage|p2a: Keldeo|63\/323 psn|[from] Stealth Rock
|turn|33
|c|★Alvadora|gg
|
|move|p2a: Keldeo|Scald|p1a: Tyranitar
|-supereffective|p1a: Tyranitar
|-damage|p1a: Tyranitar|0 fnt
|faint|p1a: Tyranitar
|
|-weather|Sandstorm|[upkeep]
|-damage|p2a: Keldeo|43\/323 psn|[from] sandstorm
|-damage|p2a: Keldeo|3\/323 psn|[from] psn
|
|switch|p1a: Altaria|Altaria-Mega, M|88\/351
|-damage|p1a: Altaria|45\/351|[from] Stealth Rock
|turn|34
|c|★miasmata|if you say so
|
|move|p2a: Keldeo|Scald|p1a: Altaria
|-crit|p1a: Altaria
|-resisted|p1a: Altaria
|-damage|p1a: Altaria|0 fnt
|faint|p1a: Altaria
|
|win|Alvadora
|raw|Ladder updating...
|raw|miasmata's rating: 1717 &rarr; <strong>1696<\/strong><br \/>(-21 for losing)
|raw|Alvadora's rating: 1702 &rarr; <strong>1723<\/strong><br \/>(+21 for winning)
|c|★Alvadora|whats
|leave|miasmata
|player|p1
|c|★Alvadora|meh
|leave|Alvadora
|player|p2
|leave|Void
|join|Alvadora