|join|MetaFalken
|join|Samuraichu77
|player|p1|MetaFalken|163
|player|p2|Samuraichu77|290
|gametype|singles
|gen|6
|tier|OU
|rated
|clearpoke
|poke|p1|Scizor, F
|poke|p1|Rotom-Wash
|poke|p1|Landorus-Therian, M
|poke|p1|Lopunny, M
|poke|p1|Latios, M
|poke|p1|Porygon2
|poke|p2|Slowbro, M
|poke|p2|Sylveon, F, shiny
|poke|p2|Latios, M
|poke|p2|Scrafty, M, shiny
|poke|p2|Heatran, M
|poke|p2|Raichu, M
|rule|Swagger Clause: Swagger is banned
|rule|Baton Pass Clause: Limit one Pokémon knowing Baton Pass
|rule|Sleep Clause Mod: Limit one foe put to sleep
|rule|Species Clause: Limit one of each Pokémon
|rule|OHKO Clause: OHKO moves are banned
|rule|Moody Clause: Moody is banned
|rule|Evasion Moves Clause: Evasion moves are banned
|rule|Endless Battle Clause: Forcing endless battles is banned
|rule|HP Percentage Mod: HP is shown in percentages
|teampreview
|
|start
|switch|p1a: Landorus-Therian|Landorus-Therian, M|345\/345
|switch|p2a: I'm That Guy|Slowbro, M|393\/393
|-ability|p1a: Landorus-Therian|Intimidate|[of] p2a: I'm That Guy
|-unboost|p2a: I'm That Guy|atk|1
|turn|1
|join|dusblair8800
|
|switch|p2a: Spaceship Head|Heatran, M|386\/386
|-item|p2a: Spaceship Head|Air Balloon
|move|p1a: Landorus-Therian|U-turn|p2a: Spaceship Head
|-resisted|p2a: Spaceship Head
|-damage|p2a: Spaceship Head|370\/386
|-enditem|p2a: Spaceship Head|Air Balloon
|
|switch|p1a: Lopunny|Lopunny, M|271\/271
|
|turn|2
|
|detailschange|p1a: Lopunny|Lopunny-Mega, M
|-mega|p1a: Lopunny|Lopunny|Lopunnite
|move|p1a: Lopunny|Fake Out|p2a: Spaceship Head
|-resisted|p2a: Spaceship Head
|-damage|p2a: Spaceship Head|336\/386
|cant|p2a: Spaceship Head|flinch
|
|turn|3
|c| dusblair8800|jfjdjjejd
|
|switch|p2a: I'm That Eon|Sylveon, F, shiny|394\/394
|move|p1a: Lopunny|High Jump Kick|p2a: I'm That Eon|[miss]
|-miss|p1a: Lopunny|p2a: I'm That Eon
|-damage|p1a: Lopunny|136\/271|[from] highjumpkick
|
|turn|4
|
|switch|p1a: Scizor|Scizor, F|343\/343
|move|p2a: I'm That Eon|Hyper Voice|p1a: Scizor
|-resisted|p1a: Scizor
|-damage|p1a: Scizor|258\/343
|
|turn|5
|
|switch|p2a: Spaceship Head|Heatran, M|336\/386
|move|p1a: Scizor|Bullet Punch|p2a: Spaceship Head
|-resisted|p2a: Spaceship Head
|-damage|p2a: Spaceship Head|293\/386
|
|turn|6
|
|switch|p1a: Porygon2|Porygon2|374\/374
|-ability|p1a: Porygon2|Flash Fire|[from] ability: Trace|[of] p2a: Spaceship Head
|move|p2a: Spaceship Head|Stealth Rock|p1a: Porygon2
|-sidestart|p1: MetaFalken|move: Stealth Rock
|
|turn|7
|
|move|p2a: Spaceship Head|Earth Power|p1a: Porygon2
|-damage|p1a: Porygon2|311\/374
|move|p1a: Porygon2|Thunder Wave|p2a: Spaceship Head
|-status|p2a: Spaceship Head|par
|
|turn|8
|
|switch|p2a: I'm That Eon|Sylveon, F, shiny|394\/394
|move|p1a: Porygon2|Thunderbolt|p2a: I'm That Eon
|-damage|p2a: I'm That Eon|351\/394
|
|-heal|p2a: I'm That Eon|375\/394|[from] item: Leftovers
|turn|9
|
|switch|p1a: Landorus-Therian|Landorus-Therian, M|345\/345
|-damage|p1a: Landorus-Therian|302\/345|[from] Stealth Rock
|-ability|p1a: Landorus-Therian|Intimidate|[of] p2a: I'm That Eon
|-unboost|p2a: I'm That Eon|atk|1
|move|p2a: I'm That Eon|Heal Bell|p2a: I'm That Eon
|-cureteam|p2a: I'm That Eon|[from] move: HealBell
|
|-heal|p1a: Landorus-Therian|323\/345|[from] item: Leftovers
|-heal|p2a: I'm That Eon|394\/394|[from] item: Leftovers
|turn|10
|
|move|p2a: I'm That Eon|Protect|p2a: I'm That Eon
|-singleturn|p2a: I'm That Eon|Protect
|move|p1a: Landorus-Therian|Stealth Rock|p2a: I'm That Eon
|-sidestart|p2: Samuraichu77|move: Stealth Rock
|
|-heal|p1a: Landorus-Therian|344\/345|[from] item: Leftovers
|turn|11
|
|move|p1a: Landorus-Therian|Knock Off|p2a: I'm That Eon
|-resisted|p2a: I'm That Eon
|-damage|p2a: I'm That Eon|317\/394
|-enditem|p2a: I'm That Eon|Leftovers|[from] move: Knock Off|[of] p1a: Landorus-Therian
|move|p2a: I'm That Eon|Hyper Voice|p1a: Landorus-Therian
|-damage|p1a: Landorus-Therian|179\/345
|
|-heal|p1a: Landorus-Therian|200\/345|[from] item: Leftovers
|turn|12
|
|switch|p1a: Scizor|Scizor, F|258\/343
|-damage|p1a: Scizor|216\/343|[from] Stealth Rock
|move|p2a: I'm That Eon|Hyper Voice|p1a: Scizor
|-resisted|p1a: Scizor
|-damage|p1a: Scizor|121\/343
|
|turn|13
|
|switch|p2a: Spaceship Head|Heatran, M|293\/386
|-damage|p2a: Spaceship Head|245\/386|[from] Stealth Rock
|move|p1a: Scizor|U-turn|p2a: Spaceship Head
|-resisted|p2a: Spaceship Head
|-damage|p2a: Spaceship Head|193\/386
|
|switch|p1a: Porygon2|Porygon2|311\/374
|-damage|p1a: Porygon2|265\/374|[from] Stealth Rock
|-ability|p1a: Porygon2|Flash Fire|[from] ability: Trace|[of] p2a: Spaceship Head
|
|turn|14
|
|switch|p2a: Samuraichu|Raichu, M|262\/262
|-damage|p2a: Samuraichu|230\/262|[from] Stealth Rock
|move|p1a: Porygon2|Thunderbolt|p2a: Samuraichu
|-boost|p2a: Samuraichu|spa|1|[from] ability: Lightning Rod
|
|turn|15
|
|move|p2a: Samuraichu|Encore|p1a: Porygon2
|-start|p1a: Porygon2|Encore
|move|p1a: Porygon2|Thunderbolt|p2a: Samuraichu
|-boost|p2a: Samuraichu|spa|1|[from] ability: Lightning Rod
|
|turn|16
|
|switch|p1a: Landorus-Therian|Landorus-Therian, M|200\/345
|-damage|p1a: Landorus-Therian|157\/345|[from] Stealth Rock
|-ability|p1a: Landorus-Therian|Intimidate|[of] p2a: Samuraichu
|-unboost|p2a: Samuraichu|atk|1
|move|p2a: Samuraichu|Nasty Plot|p2a: Samuraichu
|-boost|p2a: Samuraichu|spa|2
|
|-heal|p1a: Landorus-Therian|178\/345|[from] item: Leftovers
|turn|17
|
|move|p2a: Samuraichu|Hidden Power|p1a: Landorus-Therian
|-supereffective|p1a: Landorus-Therian
|-damage|p1a: Landorus-Therian|0 fnt
|faint|p1a: Landorus-Therian
|
|
|switch|p1a: Lopunny|Lopunny-Mega, M|136\/271
|-damage|p1a: Lopunny|120\/271|[from] Stealth Rock
|turn|18
|
|move|p1a: Lopunny|Fake Out|p2a: Samuraichu
|-damage|p2a: Samuraichu|121\/262
|cant|p2a: Samuraichu|flinch
|
|turn|19
|
|move|p1a: Lopunny|Return|p2a: Samuraichu
|-crit|p2a: Samuraichu
|-damage|p2a: Samuraichu|0 fnt
|faint|p2a: Samuraichu
|
|
|switch|p2a: I'm That Guy|Slowbro, M|393\/393
|-damage|p2a: I'm That Guy|344\/393|[from] Stealth Rock
|turn|20
|
|switch|p1a: Porygon2|Porygon2|265\/374
|-damage|p1a: Porygon2|219\/374|[from] Stealth Rock
|-ability|p1a: Porygon2|Regenerator|[from] ability: Trace|[of] p2a: I'm That Guy
|detailschange|p2a: I'm That Guy|Slowbro-Mega, M
|-mega|p2a: I'm That Guy|Slowbro|Slowbronite
|move|p2a: I'm That Guy|Calm Mind|p2a: I'm That Guy
|-boost|p2a: I'm That Guy|spa|1
|-boost|p2a: I'm That Guy|spd|1
|
|turn|21
|
|move|p1a: Porygon2|Thunder Wave|p2a: I'm That Guy
|-status|p2a: I'm That Guy|par
|move|p2a: I'm That Guy|Calm Mind|p2a: I'm That Guy
|-boost|p2a: I'm That Guy|spa|1
|-boost|p2a: I'm That Guy|spd|1
|
|turn|22
|
|move|p1a: Porygon2|Thunderbolt|p2a: I'm That Guy
|-supereffective|p2a: I'm That Guy
|-damage|p2a: I'm That Guy|252\/393 par
|cant|p2a: I'm That Guy|par
|
|turn|23
|
|move|p1a: Porygon2|Recover|p1a: Porygon2
|-heal|p1a: Porygon2|374\/374
|move|p2a: I'm That Guy|Slack Off|p2a: I'm That Guy
|-heal|p2a: I'm That Guy|393\/393 par
|
|turn|24
|
|move|p1a: Porygon2|Thunderbolt|p2a: I'm That Guy
|-supereffective|p2a: I'm That Guy
|-damage|p2a: I'm That Guy|307\/393 par
|move|p2a: I'm That Guy|Calm Mind|p2a: I'm That Guy
|-boost|p2a: I'm That Guy|spa|1
|-boost|p2a: I'm That Guy|spd|1
|
|turn|25
|
|move|p1a: Porygon2|Thunderbolt|p2a: I'm That Guy
|-supereffective|p2a: I'm That Guy
|-damage|p2a: I'm That Guy|241\/393 par
|cant|p2a: I'm That Guy|par
|
|turn|26
|c|★Samuraichu77|of all the statuses you gave mega slowbro the best one
|
|move|p1a: Porygon2|Thunderbolt|p2a: I'm That Guy
|-supereffective|p2a: I'm That Guy
|-damage|p2a: I'm That Guy|165\/393 par
|move|p2a: I'm That Guy|Slack Off|p2a: I'm That Guy
|-heal|p2a: I'm That Guy|362\/393 par
|
|turn|27
|
|switch|p1a: Scizor|Scizor, F|121\/343
|-damage|p1a: Scizor|79\/343|[from] Stealth Rock
|move|p2a: I'm That Guy|Psyshock|p1a: Scizor
|-resisted|p1a: Scizor
|-damage|p1a: Scizor|0 fnt
|faint|p1a: Scizor
|
|
|switch|p1a: Latios|Latios, M|301\/301
|-damage|p1a: Latios|264\/301|[from] Stealth Rock
|turn|28
|
|move|p1a: Latios|Draco Meteor|p2a: I'm That Guy|[miss]
|-miss|p1a: Latios|p2a: I'm That Guy
|move|p2a: I'm That Guy|Scald|p1a: Latios
|-resisted|p1a: Latios
|-damage|p1a: Latios|123\/301
|
|turn|29
|
|move|p1a: Latios|Recover|p1a: Latios
|-heal|p1a: Latios|274\/301
|move|p2a: I'm That Guy|Scald|p1a: Latios
|-resisted|p1a: Latios
|-damage|p1a: Latios|136\/301
|-status|p1a: Latios|brn
|
|-damage|p1a: Latios|99\/301 brn|[from] brn
|turn|30
|
|move|p1a: Latios|Draco Meteor|p2a: I'm That Guy
|-damage|p2a: I'm That Guy|224\/393 par
|-unboost|p1a: Latios|spa|2
|-damage|p1a: Latios|69\/301 brn|[from] item: Life Orb
|move|p2a: I'm That Guy|Scald|p1a: Latios
|-resisted|p1a: Latios
|-damage|p1a: Latios|0 fnt
|faint|p1a: Latios
|
|
|switch|p1a: Lopunny|Lopunny-Mega, M|120\/271
|-damage|p1a: Lopunny|104\/271|[from] Stealth Rock
|turn|31
|
|move|p1a: Lopunny|Fake Out|p2a: I'm That Guy
|-damage|p2a: I'm That Guy|187\/393 par
|cant|p2a: I'm That Guy|par
|
|turn|32
|
|move|p1a: Lopunny|Return|p2a: I'm That Guy
|-damage|p2a: I'm That Guy|90\/393 par
|move|p2a: I'm That Guy|Slack Off|p2a: I'm That Guy
|-heal|p2a: I'm That Guy|287\/393 par
|
|turn|33
|
|move|p1a: Lopunny|Return|p2a: I'm That Guy
|-damage|p2a: I'm That Guy|202\/393 par
|move|p2a: I'm That Guy|Slack Off|p2a: I'm That Guy
|-heal|p2a: I'm That Guy|393\/393 par
|
|turn|34
|
|move|p1a: Lopunny|Return|p2a: I'm That Guy
|-damage|p2a: I'm That Guy|311\/393 par
|move|p2a: I'm That Guy|Psyshock|p1a: Lopunny
|-supereffective|p1a: Lopunny
|-damage|p1a: Lopunny|0 fnt
|faint|p1a: Lopunny
|
|
|switch|p1a: Porygon2|Porygon2|374\/374
|-damage|p1a: Porygon2|328\/374|[from] Stealth Rock
|-ability|p1a: Porygon2|Shell Armor|[from] ability: Trace|[of] p2a: I'm That Guy
|turn|35
|c|★Samuraichu77|i love mega slowbro
|
|move|p1a: Porygon2|Thunderbolt|p2a: I'm That Guy
|-supereffective|p2a: I'm That Guy
|-damage|p2a: I'm That Guy|237\/393 par
|cant|p2a: I'm That Guy|par
|
|turn|36
|
|move|p1a: Porygon2|Thunderbolt|p2a: I'm That Guy
|-supereffective|p2a: I'm That Guy
|-damage|p2a: I'm That Guy|167\/393 par
|cant|p2a: I'm That Guy|par
|
|turn|37
|
|move|p1a: Porygon2|Thunderbolt|p2a: I'm That Guy
|-supereffective|p2a: I'm That Guy
|-damage|p2a: I'm That Guy|97\/393 par
|cant|p2a: I'm That Guy|par
|
|turn|38
|
|move|p1a: Porygon2|Thunderbolt|p2a: I'm That Guy
|-supereffective|p2a: I'm That Guy
|-damage|p2a: I'm That Guy|21\/393 par
|move|p2a: I'm That Guy|Slack Off|p2a: I'm That Guy
|-heal|p2a: I'm That Guy|218\/393 par
|
|turn|39
|
|move|p1a: Porygon2|Thunderbolt|p2a: I'm That Guy
|-supereffective|p2a: I'm That Guy
|-damage|p2a: I'm That Guy|144\/393 par
|cant|p2a: I'm That Guy|par
|
|turn|40
|
|move|p1a: Porygon2|Thunderbolt|p2a: I'm That Guy
|-supereffective|p2a: I'm That Guy
|-damage|p2a: I'm That Guy|72\/393 par
|cant|p2a: I'm That Guy|par
|
|turn|41
|
|move|p1a: Porygon2|Thunderbolt|p2a: I'm That Guy
|-supereffective|p2a: I'm That Guy
|-damage|p2a: I'm That Guy|2\/393 par
|move|p2a: I'm That Guy|Slack Off|p2a: I'm That Guy
|-heal|p2a: I'm That Guy|199\/393 par
|
|turn|42
|
|move|p1a: Porygon2|Thunderbolt|p2a: I'm That Guy
|-supereffective|p2a: I'm That Guy
|-damage|p2a: I'm That Guy|133\/393 par
|move|p2a: I'm That Guy|Slack Off|p2a: I'm That Guy
|-heal|p2a: I'm That Guy|330\/393 par
|
|turn|43
|
|move|p1a: Porygon2|Thunderbolt|p2a: I'm That Guy
|-supereffective|p2a: I'm That Guy
|-damage|p2a: I'm That Guy|264\/393 par
|cant|p2a: I'm That Guy|par
|
|turn|44
|
|move|p1a: Porygon2|Thunderbolt|p2a: I'm That Guy
|-supereffective|p2a: I'm That Guy
|-damage|p2a: I'm That Guy|190\/393 par
|move|p2a: I'm That Guy|Slack Off|p2a: I'm That Guy
|-heal|p2a: I'm That Guy|387\/393 par
|
|turn|45
|
|move|p1a: Porygon2|Thunderbolt|p2a: I'm That Guy
|-supereffective|p2a: I'm That Guy
|-damage|p2a: I'm That Guy|311\/393 par
|move|p2a: I'm That Guy|Calm Mind|p2a: I'm That Guy
|-boost|p2a: I'm That Guy|spa|1
|-boost|p2a: I'm That Guy|spd|1
|
|turn|46
|
|move|p1a: Porygon2|Thunderbolt|p2a: I'm That Guy
|-supereffective|p2a: I'm That Guy
|-damage|p2a: I'm That Guy|253\/393 par
|cant|p2a: I'm That Guy|par
|
|turn|47
|
|move|p1a: Porygon2|Thunderbolt|p2a: I'm That Guy
|-supereffective|p2a: I'm That Guy
|-damage|p2a: I'm That Guy|197\/393 par
|cant|p2a: I'm That Guy|par
|
|turn|48
|
|move|p1a: Porygon2|Thunderbolt|p2a: I'm That Guy
|-supereffective|p2a: I'm That Guy
|-damage|p2a: I'm That Guy|141\/393 par
|move|p2a: I'm That Guy|Slack Off|p2a: I'm That Guy
|-heal|p2a: I'm That Guy|338\/393 par
|
|turn|49
|
|move|p1a: Porygon2|Thunderbolt|p2a: I'm That Guy
|-supereffective|p2a: I'm That Guy
|-damage|p2a: I'm That Guy|278\/393 par
|move|p2a: I'm That Guy|Psyshock|p1a: Porygon2
|-damage|p1a: Porygon2|81\/374
|
|turn|50
|
|move|p1a: Porygon2|Recover|p1a: Porygon2
|-heal|p1a: Porygon2|268\/374
|move|p2a: I'm That Guy|Calm Mind|p2a: I'm That Guy
|-boost|p2a: I'm That Guy|spa|1
|-boost|p2a: I'm That Guy|spd|1
|
|turn|51
|
|move|p1a: Porygon2|Thunderbolt|p2a: I'm That Guy
|-supereffective|p2a: I'm That Guy
|-damage|p2a: I'm That Guy|220\/393 par
|move|p2a: I'm That Guy|Slack Off|p2a: I'm That Guy
|-heal|p2a: I'm That Guy|393\/393 par
|
|turn|52
|
|move|p1a: Porygon2|Thunderbolt|p2a: I'm That Guy
|-supereffective|p2a: I'm That Guy
|-damage|p2a: I'm That Guy|341\/393 par
|cant|p2a: I'm That Guy|par
|
|turn|53
|
|switch|p1a: Rotom-Wash|Rotom-Wash|303\/303
|-damage|p1a: Rotom-Wash|266\/303|[from] Stealth Rock
|cant|p2a: I'm That Guy|par
|
|-heal|p1a: Rotom-Wash|284\/303|[from] item: Leftovers
|turn|54
|
|move|p1a: Rotom-Wash|Volt Switch|p2a: I'm That Guy
|-supereffective|p2a: I'm That Guy
|-damage|p2a: I'm That Guy|279\/393 par
|
|switch|p1a: Porygon2|Porygon2|268\/374
|-damage|p1a: Porygon2|222\/374|[from] Stealth Rock
|-ability|p1a: Porygon2|Shell Armor|[from] ability: Trace|[of] p2a: I'm That Guy
|move|p2a: I'm That Guy|Psyshock|p1a: Porygon2
|-damage|p1a: Porygon2|0 fnt
|faint|p1a: Porygon2
|
|
|switch|p1a: Rotom-Wash|Rotom-Wash|284\/303
|-damage|p1a: Rotom-Wash|247\/303|[from] Stealth Rock
|turn|55
|
|move|p1a: Rotom-Wash|Volt Switch|p2a: I'm That Guy
|-supereffective|p2a: I'm That Guy
|-damage|p2a: I'm That Guy|213\/393 par
|move|p2a: I'm That Guy|Slack Off|p2a: I'm That Guy
|-heal|p2a: I'm That Guy|393\/393 par
|
|-heal|p1a: Rotom-Wash|265\/303|[from] item: Leftovers
|turn|56
|
|move|p1a: Rotom-Wash|Volt Switch|p2a: I'm That Guy
|-supereffective|p2a: I'm That Guy
|-damage|p2a: I'm That Guy|333\/393 par
|move|p2a: I'm That Guy|Psyshock|p1a: Rotom-Wash
|-damage|p1a: Rotom-Wash|0 fnt
|faint|p1a: Rotom-Wash
|
|win|Samuraichu77
|raw|Ladder updating...
|raw|MetaFalken's rating: 1359 &rarr; <strong>1336<\/strong><br \/>(-23 for losing)
|raw|Samuraichu77's rating: 1298 &rarr; <strong>1328<\/strong><br \/>(+30 for winning)
|c|★Samuraichu77|gg
|c|★MetaFalken|gg
|leave|MetaFalken
|player|p1
|leave|dusblair8800