|join|lil manaphy
|join|huee hue hue
|player|p1|lil manaphy|8
|player|p2|huee hue hue|141
|gametype|singles
|gen|6
|tier|OU
|rated
|clearpoke
|poke|p1|Lopunny, M
|poke|p1|Rotom-Wash
|poke|p1|Gothitelle, M
|poke|p1|Mandibuzz, F
|poke|p1|Heatran, F
|poke|p1|Celebi
|poke|p2|Garchomp, M
|poke|p2|Landorus-Therian, M
|poke|p2|Charizard, M
|poke|p2|Kyurem-Black
|poke|p2|Starmie
|poke|p2|Scizor, F
|rule|Swagger Clause: Swagger is banned
|rule|Baton Pass Clause: Limit one Pokémon knowing Baton Pass
|rule|Sleep Clause Mod: Limit one foe put to sleep
|rule|Species Clause: Limit one of each Pokémon
|rule|OHKO Clause: OHKO moves are banned
|rule|Moody Clause: Moody is banned
|rule|Evasion Moves Clause: Evasion moves are banned
|rule|Endless Battle Clause: Forcing endless battles is banned
|rule|HP Percentage Mod: HP is shown in percentages
|teampreview
|c|★huee hue hue|gl hf!
|
|start
|switch|p1a: Rotom-Wash|Rotom-Wash|303\/303
|switch|p2a: Marcus|Garchomp, M|357\/357
|turn|1
|
|switch|p1a: Mandibuzz|Mandibuzz, F|424\/424
|move|p2a: Marcus|Stealth Rock|p1a: Mandibuzz
|-sidestart|p1: lil manaphy|move: Stealth Rock
|
|turn|2
|
|switch|p2a: Athos|Kyurem-Black|403\/403
|-ability|p2a: Athos|Teravolt
|move|p1a: Mandibuzz|Defog|p2a: Athos
|-unboost|p2a: Athos|evasion|1
|-sideend|p1: lil manaphy|Stealth Rock|[from] move: Defog|[of] p1a: Mandibuzz
|
|turn|3
|
|switch|p1a: Gothitelle|Gothitelle, M|301\/301
|move|p2a: Athos|Ice Beam|p1a: Gothitelle
|-damage|p1a: Gothitelle|124\/301
|-damage|p2a: Athos|363\/403|[from] item: Life Orb
|
|turn|4
|
|move|p1a: Gothitelle|Trick|p2a: Athos
|-activate|p1a: Gothitelle|move: Trick|[of] p2a: Athos
|-item|p2a: Athos|Choice Scarf|[from] move: Trick
|-item|p1a: Gothitelle|Life Orb|[from] move: Trick
|move|p2a: Athos|Fusion Bolt|p1a: Gothitelle
|-damage|p1a: Gothitelle|5\/301
|
|turn|5
|
|switch|p1a: Celebi|Celebi|404\/404
|move|p2a: Athos|Fusion Bolt|p1a: Celebi
|-resisted|p1a: Celebi
|-damage|p1a: Celebi|341\/404
|
|-heal|p1a: Celebi|366\/404|[from] item: Leftovers
|turn|6
|
|switch|p2a: Hector|Charizard, M|315\/315
|move|p1a: Celebi|Baton Pass|p1a: Celebi
|
|switch|p1a: Lopunny|Lopunny, M|271\/271
|
|turn|7
|
|switch|p2a: Guy|Landorus-Therian, M|319\/319
|-ability|p2a: Guy|Intimidate|[of] p1a: Lopunny
|-unboost|p1a: Lopunny|atk|1
|detailschange|p1a: Lopunny|Lopunny-Mega, M
|message|Lopunny has Mega Evolved into Mega Lopunny!
|move|p1a: Lopunny|Fake Out|p2a: Guy
|-damage|p2a: Guy|262\/319
|
|turn|8
|
|switch|p1a: Rotom-Wash|Rotom-Wash|303\/303
|move|p2a: Guy|Explosion|p1a: Rotom-Wash
|-damage|p1a: Rotom-Wash|80\/303
|faint|p2a: Guy
|
|-heal|p1a: Rotom-Wash|98\/303|[from] item: Leftovers
|
|switch|p2a: Nino|Starmie|261\/261
|turn|9
|
|move|p2a: Nino|Psychic|p1a: Rotom-Wash
|-damage|p1a: Rotom-Wash|0 fnt
|-damage|p2a: Nino|235\/261|[from] item: Life Orb
|faint|p1a: Rotom-Wash
|
|
|switch|p1a: Lopunny|Lopunny-Mega, M|271\/271
|turn|10
|
|switch|p2a: Hector|Charizard, M|315\/315
|move|p1a: Lopunny|Fake Out|p2a: Hector
|-damage|p2a: Hector|222\/315
|
|turn|11
|
|switch|p2a: Marcus|Garchomp, M|357\/357
|move|p1a: Lopunny|High Jump Kick|p2a: Marcus
|-damage|p2a: Marcus|105\/357
|-damage|p1a: Lopunny|238\/271|[from] ability: Rough Skin|[of] p2a: Marcus
|
|turn|12
|
|move|p1a: Lopunny|Return|p2a: Marcus
|-damage|p2a: Marcus|0 fnt
|-damage|p1a: Lopunny|205\/271|[from] ability: Rough Skin|[of] p2a: Marcus
|faint|p2a: Marcus
|
|
|switch|p2a: Nino|Starmie|235\/261
|turn|13
|
|switch|p1a: Celebi|Celebi|366\/404
|move|p2a: Nino|Ice Beam|p1a: Celebi
|-supereffective|p1a: Celebi
|-damage|p1a: Celebi|158\/404
|-status|p1a: Celebi|frz
|-damage|p2a: Nino|209\/261|[from] item: Life Orb
|
|-heal|p1a: Celebi|183\/404 frz|[from] item: Leftovers
|turn|14
|c|★huee hue hue|sorry
|
|move|p2a: Nino|Ice Beam|p1a: Celebi
|-supereffective|p1a: Celebi
|-damage|p1a: Celebi|6\/404 frz
|-damage|p2a: Nino|183\/261|[from] item: Life Orb
|cant|p1a: Celebi|frz
|
|-heal|p1a: Celebi|31\/404 frz|[from] item: Leftovers
|turn|15
|
|move|p2a: Nino|Ice Beam|p1a: Celebi
|-supereffective|p1a: Celebi
|-damage|p1a: Celebi|0 fnt
|-damage|p2a: Nino|157\/261|[from] item: Life Orb
|faint|p1a: Celebi
|
|
|switch|p1a: Lopunny|Lopunny-Mega, M|205\/271
|turn|16
|
|move|p1a: Lopunny|Return|p2a: Nino
|-damage|p2a: Nino|0 fnt
|faint|p2a: Nino
|
|
|switch|p2a: OsWIN|Scizor, F|343\/343
|turn|17
|
|switch|p1a: Gothitelle|Gothitelle, M|5\/301
|move|p2a: OsWIN|U-turn|p1a: Gothitelle
|-supereffective|p1a: Gothitelle
|-damage|p1a: Gothitelle|0 fnt
|faint|p1a: Gothitelle
|
|switch|p2a: Hector|Charizard, M|222\/315
|
|
|switch|p1a: Lopunny|Lopunny-Mega, M|205\/271
|turn|18
|
|move|p1a: Lopunny|High Jump Kick|p2a: Hector
|-resisted|p2a: Hector
|-damage|p2a: Hector|84\/315
|move|p2a: Hector|Dragon Dance|p2a: Hector
|-boost|p2a: Hector|atk|1
|-boost|p2a: Hector|spe|1
|
|turn|19
|
|switch|p1a: Heatran|Heatran, F|386\/386
|detailschange|p2a: Hector|Charizard-Mega-X, M
|message|Charizard has Mega Evolved into Mega Charizard!
|move|p2a: Hector|Dragon Claw|p1a: Heatran
|-resisted|p1a: Heatran
|-damage|p1a: Heatran|257\/386
|
|-heal|p1a: Heatran|281\/386|[from] item: Leftovers
|turn|20
|
|switch|p1a: Mandibuzz|Mandibuzz, F|424\/424
|move|p2a: Hector|Roost|p2a: Hector
|-heal|p2a: Hector|242\/315
|
|turn|21
|
|move|p2a: Hector|Flare Blitz|p1a: Mandibuzz
|-damage|p1a: Mandibuzz|120\/424
|-status|p1a: Mandibuzz|brn
|-damage|p2a: Hector|142\/315|[from] recoil|[of] p1a: Mandibuzz
|move|p1a: Mandibuzz|Foul Play|p2a: Hector
|-damage|p2a: Hector|25\/315
|
|-heal|p1a: Mandibuzz|146\/424 brn|[from] item: Leftovers
|-damage|p1a: Mandibuzz|93\/424 brn|[from] brn
|turn|22
|c|★huee hue hue|my bad :\/
|c|★huee hue hue|will DD here
|
|move|p2a: Hector|Dragon Dance|p2a: Hector
|-boost|p2a: Hector|atk|1
|-boost|p2a: Hector|spe|1
|move|p1a: Mandibuzz|Foul Play|p2a: Hector
|-damage|p2a: Hector|0 fnt
|faint|p2a: Hector
|
|-heal|p1a: Mandibuzz|119\/424 brn|[from] item: Leftovers
|-damage|p1a: Mandibuzz|66\/424 brn|[from] brn
|
|switch|p2a: Athos|Kyurem-Black|363\/403
|-ability|p2a: Athos|Teravolt
|turn|23
|
|switch|p1a: Heatran|Heatran, F|281\/386
|move|p2a: Athos|Fusion Bolt|p1a: Heatran
|-damage|p1a: Heatran|168\/386
|
|-heal|p1a: Heatran|192\/386|[from] item: Leftovers
|turn|24
|c|★huee hue hue|o rite im scarfed oops forgot
|
|move|p2a: Athos|Fusion Bolt|p1a: Heatran
|-damage|p1a: Heatran|69\/386
|move|p1a: Heatran|Toxic|p2a: Athos
|-status|p2a: Athos|tox
|
|-heal|p1a: Heatran|93\/386|[from] item: Leftovers
|-damage|p2a: Athos|338\/403 tox|[from] psn
|turn|25
|
|move|p1a: Heatran|Protect|p1a: Heatran
|-singleturn|p1a: Heatran|Protect
|move|p2a: Athos|Fusion Bolt|p1a: Heatran
|-activate|p1a: Heatran|Protect
|
|-heal|p1a: Heatran|117\/386|[from] item: Leftovers
|-damage|p2a: Athos|288\/403 tox|[from] psn
|turn|26
|
|switch|p1a: Mandibuzz|Mandibuzz, F|66\/424 brn
|move|p2a: Athos|Fusion Bolt|p1a: Mandibuzz
|-supereffective|p1a: Mandibuzz
|-damage|p1a: Mandibuzz|0 fnt
|faint|p1a: Mandibuzz
|
|-damage|p2a: Athos|213\/403 tox|[from] psn
|
|switch|p1a: Heatran|Heatran, F|117\/386
|turn|27
|
|switch|p2a: OsWIN|Scizor, F|343\/343
|move|p1a: Heatran|Protect|p1a: Heatran
|-fail|p1a: Heatran
|
|-heal|p1a: Heatran|141\/386|[from] item: Leftovers
|turn|28
|
|switch|p2a: Athos|Kyurem-Black|213\/403 tox
|-ability|p2a: Athos|Teravolt
|move|p1a: Heatran|Protect|p1a: Heatran
|-fail|p1a: Heatran
|
|-heal|p1a: Heatran|165\/386|[from] item: Leftovers
|-damage|p2a: Athos|188\/403 tox|[from] psn
|turn|29
|
|move|p1a: Heatran|Protect|p1a: Heatran
|-singleturn|p1a: Heatran|Protect
|move|p2a: Athos|Earth Power|p1a: Heatran
|-activate|p1a: Heatran|Protect
|
|-heal|p1a: Heatran|189\/386|[from] item: Leftovers
|-damage|p2a: Athos|138\/403 tox|[from] psn
|turn|30
|
|switch|p2a: OsWIN|Scizor, F|343\/343
|switch|p1a: Lopunny|Lopunny-Mega, M|205\/271
|
|turn|31
|
|move|p1a: Lopunny|Fake Out|p2a: OsWIN
|-resisted|p2a: OsWIN
|-damage|p2a: OsWIN|309\/343
|cant|p2a: OsWIN|flinch
|
|turn|32
|
|move|p1a: Lopunny|High Jump Kick|p2a: OsWIN|[miss]
|-miss|p1a: Lopunny|p2a: OsWIN
|-damage|p1a: Lopunny|70\/271|[from] highjumpkick
|move|p2a: OsWIN|Superpower|p1a: Lopunny
|-supereffective|p1a: Lopunny
|-damage|p1a: Lopunny|0 fnt
|-unboost|p2a: OsWIN|atk|1
|-unboost|p2a: OsWIN|def|1
|faint|p1a: Lopunny
|
|
|switch|p1a: Heatran|Heatran, F|189\/386
|turn|33
|
|move|p1a: Heatran|Protect|p1a: Heatran
|-singleturn|p1a: Heatran|Protect
|move|p2a: OsWIN|Superpower|p1a: Heatran
|-activate|p1a: Heatran|Protect
|
|-heal|p1a: Heatran|213\/386|[from] item: Leftovers
|turn|34
|
|move|p1a: Heatran|Lava Plume|p2a: OsWIN
|-supereffective|p2a: OsWIN
|-damage|p2a: OsWIN|0 fnt
|faint|p2a: OsWIN
|
|-heal|p1a: Heatran|237\/386|[from] item: Leftovers
|
|switch|p2a: Athos|Kyurem-Black|138\/403 tox
|-ability|p2a: Athos|Teravolt
|turn|35
|
|move|p1a: Heatran|Protect|p1a: Heatran
|-singleturn|p1a: Heatran|Protect
|move|p2a: Athos|Earth Power|p1a: Heatran
|-activate|p1a: Heatran|Protect
|
|-heal|p1a: Heatran|261\/386|[from] item: Leftovers
|-damage|p2a: Athos|113\/403 tox|[from] psn
|turn|36
|
|move|p2a: Athos|Earth Power|p1a: Heatran
|-supereffective|p1a: Heatran
|-damage|p1a: Heatran|0 fnt
|faint|p1a: Heatran
|
|win|huee hue hue
|raw|Ladder updating...
|raw|lil manaphy's rating: 1624 &rarr; <strong>1597<\/strong><br \/>(-27 for losing)
|raw|huee hue hue's rating: 1502 &rarr; <strong>1529<\/strong><br \/>(+27 for winning)
|leave|lil manaphy
|player|p1