|join|angel0mike
|join|huee hue hue
|player|p1|angel0mike|144
|player|p2|huee hue hue|141
|gametype|singles
|gen|6
|tier|OU
|rated
|clearpoke
|poke|p1|Manaphy
|poke|p1|Shuckle, M
|poke|p1|Bisharp, M
|poke|p1|Heracross, F
|poke|p1|Gengar, M
|poke|p1|Diggersby, M
|poke|p2|Terrakion
|poke|p2|Garchomp, F
|poke|p2|Charizard, M
|poke|p2|Excadrill, M
|poke|p2|Greninja, M
|poke|p2|Thundurus, M
|rule|Swagger Clause: Swagger is banned
|rule|Baton Pass Clause: Limit one Pokémon knowing Baton Pass
|rule|Sleep Clause Mod: Limit one foe put to sleep
|rule|Species Clause: Limit one of each Pokémon
|rule|OHKO Clause: OHKO moves are banned
|rule|Moody Clause: Moody is banned
|rule|Evasion Moves Clause: Evasion moves are banned
|rule|Endless Battle Clause: Forcing endless battles is banned
|rule|HP Percentage Mod: HP is shown in percentages
|teampreview
|c|★huee hue hue|gl hf!
|c|★angel0mike|gl hf sir
|c|★angel0mike|i got haxed all day so im just gonna test some shit haha
|c|★huee hue hue|o ok
|c|★angel0mike|this morning i was top9 xd
|c|★huee hue hue|dayum
|c|★huee hue hue|=(
|c|★angel0mike|yah
|c|★angel0mike|if i went down is cause i deserved hax
|c|★angel0mike|so not gonna blame any
|c|★angel0mike|1
|
|start
|switch|p1a: Shuckle|Shuckle, M|244\/244
|switch|p2a: Excadrill|Excadrill, M|361\/361
|-ability|p2a: Excadrill|Mold Breaker
|-item|p2a: Excadrill|Air Balloon
|turn|1
|c|★huee hue hue|eh yea it happens nothing u can do
|c|★angel0mike|ye bro
|
|move|p2a: Excadrill|Iron Head|p1a: Shuckle
|-supereffective|p1a: Shuckle
|-damage|p1a: Shuckle|106\/244
|move|p1a: Shuckle|Sticky Web|p2a: Excadrill
|-sidestart|p2: huee hue hue|move: Sticky Web
|
|turn|2
|
|move|p2a: Excadrill|Iron Head|p1a: Shuckle
|-supereffective|p1a: Shuckle
|-damage|p1a: Shuckle|0 fnt
|faint|p1a: Shuckle
|
|
|switch|p1a: Gengar|Gengar, M|261\/261
|turn|3
|
|switch|p2a: Garchomp|Garchomp, F|357\/357
|-activate|p2a: Garchomp|move: Sticky Web
|-unboost|p2a: Garchomp|spe|1
|move|p1a: Gengar|Focus Blast|p2a: Garchomp|[miss]
|-miss|p1a: Gengar|p2a: Garchomp
|
|turn|4
|
|switch|p1a: Manaphy|Manaphy|341\/341
|move|p2a: Garchomp|Draco Meteor|p1a: Manaphy|[miss]
|-miss|p2a: Garchomp|p1a: Manaphy
|
|turn|5
|c|★angel0mike|never saw more fairness turn hahahah
|
|move|p1a: Manaphy|Ice Beam|p2a: Garchomp
|-supereffective|p2a: Garchomp
|-damage|p2a: Garchomp|0 fnt
|faint|p2a: Garchomp
|
|c|★huee hue hue|hahah oh well
|
|switch|p2a: Thundurus|Thundurus, M|299\/299
|turn|6
|
|move|p2a: Thundurus|Thunderbolt|p1a: Manaphy
|-supereffective|p1a: Manaphy
|-damage|p1a: Manaphy|0 fnt
|-damage|p2a: Thundurus|270\/299|[from] item: Life Orb
|faint|p1a: Manaphy
|
|
|switch|p1a: Heracross|Heracross, F|309\/309
|turn|7
|
|detailschange|p1a: Heracross|Heracross-Mega, F
|message|Heracross has Mega Evolved into Mega Heracross!
|move|p2a: Thundurus|Thunderbolt|p1a: Heracross
|-damage|p1a: Heracross|97\/309
|-damage|p2a: Thundurus|241\/299|[from] item: Life Orb
|move|p1a: Heracross|Rock Blast|p2a: Thundurus
|-supereffective|p2a: Thundurus
|-damage|p2a: Thundurus|115\/299
|-supereffective|p2a: Thundurus
|-damage|p2a: Thundurus|7\/299
|-supereffective|p2a: Thundurus
|-damage|p2a: Thundurus|0 fnt
|-hitcount|p2a: Thundurus|3
|faint|p2a: Thundurus
|
|
|switch|p2a: Excadrill|Excadrill, M|361\/361
|-ability|p2a: Excadrill|Mold Breaker
|-item|p2a: Excadrill|Air Balloon
|turn|8
|
|switch|p1a: Gengar|Gengar, M|261\/261
|move|p2a: Excadrill|Iron Head|p1a: Gengar
|-damage|p1a: Gengar|45\/261
|
|turn|9
|
|switch|p2a: Greninja|Greninja, M|285\/285
|-activate|p2a: Greninja|move: Sticky Web
|-unboost|p2a: Greninja|spe|1
|move|p1a: Gengar|Focus Blast|p2a: Greninja
|-supereffective|p2a: Greninja
|-damage|p2a: Greninja|0 fnt
|-damage|p1a: Gengar|19\/261|[from] item: Life Orb
|faint|p2a: Greninja
|
|
|switch|p2a: Charizard|Charizard, M|297\/297
|turn|10
|
|detailschange|p2a: Charizard|Charizard-Mega-X, M
|message|Charizard has Mega Evolved into Mega Charizard!
|move|p1a: Gengar|Sludge Wave|p2a: Charizard
|-damage|p2a: Charizard|66\/297
|-damage|p1a: Gengar|0 fnt|[from] item: Life Orb
|faint|p1a: Gengar
|move|p2a: Charizard|Dragon Dance|p2a: Charizard
|-boost|p2a: Charizard|atk|1
|-boost|p2a: Charizard|spe|1
|
|
|switch|p1a: Diggersby|Diggersby, M|311\/311
|turn|11
|
|switch|p2a: Excadrill|Excadrill, M|361\/361
|-ability|p2a: Excadrill|Mold Breaker
|-item|p2a: Excadrill|Air Balloon
|move|p1a: Diggersby|Quick Attack|p2a: Excadrill
|-resisted|p2a: Excadrill
|-damage|p2a: Excadrill|278\/361
|-enditem|p2a: Excadrill|Air Balloon
|-damage|p1a: Diggersby|280\/311|[from] item: Life Orb
|
|turn|12
|
|switch|p1a: Heracross|Heracross-Mega, F|97\/309
|move|p2a: Excadrill|Earthquake|p1a: Heracross
|-resisted|p1a: Heracross
|-damage|p1a: Heracross|12\/309
|
|turn|13
|
|move|p2a: Excadrill|Earthquake|p1a: Heracross
|-resisted|p1a: Heracross
|-damage|p1a: Heracross|0 fnt
|faint|p1a: Heracross
|
|
|switch|p1a: Bisharp|Bisharp, M|279\/279
|turn|14
|
|move|p1a: Bisharp|Sucker Punch|p2a: Excadrill
|-damage|p2a: Excadrill|0 fnt
|-damage|p1a: Bisharp|252\/279|[from] item: Life Orb
|faint|p2a: Excadrill
|
|
|switch|p2a: Terrakion|Terrakion|323\/323
|-activate|p2a: Terrakion|move: Sticky Web
|-unboost|p2a: Terrakion|spe|1
|turn|15
|
|move|p2a: Terrakion|Close Combat|p1a: Bisharp
|-supereffective|p1a: Bisharp
|-damage|p1a: Bisharp|0 fnt
|-unboost|p2a: Terrakion|def|1
|-unboost|p2a: Terrakion|spd|1
|faint|p1a: Bisharp
|
|
|switch|p1a: Diggersby|Diggersby, M|280\/311
|turn|16
|c|★angel0mike|thats scaf
|c|★angel0mike|scarf
|c|★huee hue hue|gg
|c|★huee hue hue|yea
|c|★angel0mike|gg
|
|move|p1a: Diggersby|Quick Attack|p2a: Terrakion
|-resisted|p2a: Terrakion
|-damage|p2a: Terrakion|232\/323
|-damage|p1a: Diggersby|249\/311|[from] item: Life Orb
|move|p2a: Terrakion|Close Combat|p1a: Diggersby
|-supereffective|p1a: Diggersby
|-damage|p1a: Diggersby|0 fnt
|-unboost|p2a: Terrakion|def|1
|-unboost|p2a: Terrakion|spd|1
|faint|p1a: Diggersby
|
|win|huee hue hue
|raw|Ladder updating...
|leave|angel0mike
|player|p1