|join|Arcanine is Regal
|join|Truthster
|player|p1|Arcanine is Regal|126
|player|p2|Truthster|56
|gametype|singles
|gen|6
|tier|OU
|rated
|clearpoke
|poke|p1|Arcanine, M
|poke|p1|Venusaur, M
|poke|p1|Keldeo
|poke|p1|Tyranitar, M
|poke|p1|Excadrill, F
|poke|p1|Gliscor, F
|poke|p2|Dragonite, M
|poke|p2|Venusaur, M
|poke|p2|Zapdos
|poke|p2|Breloom, M
|poke|p2|Cloyster, F
|poke|p2|Talonflame, F
|rule|Swagger Clause: Swagger is banned
|rule|Baton Pass Clause: Limit one Pokémon knowing Baton Pass
|rule|Sleep Clause Mod: Limit one foe put to sleep
|rule|Species Clause: Limit one of each Pokémon
|rule|OHKO Clause: OHKO moves are banned
|rule|Moody Clause: Moody is banned
|rule|Evasion Moves Clause: Evasion moves are banned
|rule|Endless Battle Clause: Forcing endless battles is banned
|rule|HP Percentage Mod: HP is shown in percentages
|teampreview
|join|MoB Barley
|c|★Arcanine is Regal|dw mob this isnt a real team
|join|Fabio96
|c| MoB Barley|why i was hoping arcanine was serious with arcanine
|
|start
|switch|p1a: Wayward Son|Arcanine, M|383\/383
|switch|p2a: Venusaur|Venusaur, M|301\/301
|-ability|p1a: Wayward Son|Intimidate|[of] p2a: Venusaur
|-unboost|p2a: Venusaur|atk|1
|turn|1
|
|switch|p1a: Gliscor|Gliscor, F|337\/337
|detailschange|p2a: Venusaur|Venusaur-Mega, M
|-mega|p2a: Venusaur|Venusaur|Venusaurite
|move|p2a: Venusaur|Sludge Bomb|p1a: Gliscor
|-resisted|p1a: Gliscor
|-damage|p1a: Gliscor|223\/337
|-status|p1a: Gliscor|psn
|
|-heal|p1a: Gliscor|265\/337 psn|[from] ability: Poison Heal
|turn|2
|
|move|p2a: Venusaur|Giga Drain|p1a: Gliscor
|-damage|p1a: Gliscor|78\/337 psn
|move|p1a: Gliscor|Swords Dance|p1a: Gliscor
|-boost|p1a: Gliscor|atk|2
|
|-heal|p1a: Gliscor|120\/337 psn|[from] ability: Poison Heal
|turn|3
|join|l123
|join|endlessstruggle
|
|switch|p1a: Venusaur|Venusaur, M|360\/360
|move|p2a: Venusaur|Giga Drain|p1a: Venusaur
|-resisted|p1a: Venusaur
|-damage|p1a: Venusaur|326\/360
|
|turn|4
|
|detailschange|p1a: Venusaur|Venusaur-Mega, M
|-mega|p1a: Venusaur|Venusaur|Venusaurite
|move|p2a: Venusaur|Sludge Bomb|p1a: Venusaur
|-damage|p1a: Venusaur|181\/360
|move|p1a: Venusaur|Sludge Bomb|p2a: Venusaur
|-crit|p2a: Venusaur
|-damage|p2a: Venusaur|94\/301
|
|turn|5
|
|move|p2a: Venusaur|Synthesis|p2a: Venusaur
|-heal|p2a: Venusaur|244\/301
|move|p1a: Venusaur|Sludge Bomb|p2a: Venusaur
|-damage|p2a: Venusaur|108\/301
|
|turn|6
|
|move|p2a: Venusaur|Synthesis|p2a: Venusaur
|-heal|p2a: Venusaur|258\/301
|move|p1a: Venusaur|Sludge Bomb|p2a: Venusaur
|-damage|p2a: Venusaur|110\/301
|
|turn|7
|c| MoB Barley|nice u got him in a corner
|
|move|p2a: Venusaur|Synthesis|p2a: Venusaur
|-heal|p2a: Venusaur|260\/301
|move|p1a: Venusaur|Sludge Bomb|p2a: Venusaur
|-damage|p2a: Venusaur|127\/301
|
|turn|8
|
|move|p2a: Venusaur|Sludge Bomb|p1a: Venusaur
|-damage|p1a: Venusaur|31\/360
|move|p1a: Venusaur|Sludge Bomb|p2a: Venusaur
|-damage|p2a: Venusaur|0 fnt
|faint|p2a: Venusaur
|
|
|switch|p2a: Talonflame|Talonflame, F|297\/297
|turn|9
|
|switch|p1a: Wayward Son|Arcanine, M|383\/383
|-ability|p1a: Wayward Son|Intimidate|[of] p2a: Talonflame
|-unboost|p2a: Talonflame|atk|1
|move|p2a: Talonflame|U-turn|p1a: Wayward Son
|-resisted|p1a: Wayward Son
|-damage|p1a: Wayward Son|365\/383
|-damage|p2a: Talonflame|248\/297|[from] item: Rocky Helmet|[of] p1a: Wayward Son
|
|switch|p2a: Dragonite|Dragonite, M|324\/324
|
|turn|10
|
|move|p2a: Dragonite|Dragon Claw|p1a: Wayward Son
|-damage|p1a: Wayward Son|224\/383
|-damage|p2a: Dragonite|270\/324|[from] item: Rocky Helmet|[of] p1a: Wayward Son
|move|p1a: Wayward Son|Will-O-Wisp|p2a: Dragonite
|-status|p2a: Dragonite|brn
|-enditem|p2a: Dragonite|Lum Berry|[eat]
|-curestatus|p2a: Dragonite|brn
|
|turn|11
|
|move|p2a: Dragonite|Dragon Dance|p2a: Dragonite
|-boost|p2a: Dragonite|atk|1
|-boost|p2a: Dragonite|spe|1
|move|p1a: Wayward Son|Will-O-Wisp|p2a: Dragonite
|-status|p2a: Dragonite|brn
|
|-damage|p2a: Dragonite|230\/324 brn|[from] brn
|turn|12
|
|move|p2a: Dragonite|Dragon Claw|p1a: Wayward Son
|-damage|p1a: Wayward Son|115\/383
|-damage|p2a: Dragonite|176\/324 brn|[from] item: Rocky Helmet|[of] p1a: Wayward Son
|move|p1a: Wayward Son|Morning Sun|p1a: Wayward Son
|-heal|p1a: Wayward Son|306\/383
|
|-damage|p2a: Dragonite|136\/324 brn|[from] brn
|turn|13
|join|WECAMEASVIRGINS
|
|move|p1a: Wayward Son|Extreme Speed|p2a: Dragonite
|-damage|p2a: Dragonite|60\/324 brn
|move|p2a: Dragonite|Dragon Dance|p2a: Dragonite
|-boost|p2a: Dragonite|atk|1
|-boost|p2a: Dragonite|spe|1
|
|-damage|p2a: Dragonite|20\/324 brn|[from] brn
|turn|14
|
|move|p2a: Dragonite|Extreme Speed|p1a: Wayward Son
|-damage|p1a: Wayward Son|219\/383
|-damage|p2a: Dragonite|0 fnt|[from] item: Rocky Helmet|[of] p1a: Wayward Son
|faint|p2a: Dragonite
|move|p1a: Wayward Son|Extreme Speed|p2: Dragonite|[notarget]
|-notarget
|
|
|switch|p2a: Breloom|Breloom, M|262\/262
|turn|15
|
|move|p1a: Wayward Son|Extreme Speed|p2a: Breloom
|-damage|p2a: Breloom|180\/262
|move|p2a: Breloom|Spore|p1a: Wayward Son
|-status|p1a: Wayward Son|slp
|
|turn|16
|c|★Arcanine is Regal|hmm not looking good
|
|switch|p1a: Venusaur|Venusaur-Mega, M|31\/360
|move|p2a: Breloom|Swords Dance|p2a: Breloom
|-boost|p2a: Breloom|atk|2
|
|turn|17
|c| l123|y no swtch to venasaur?
|c| l123|oh thats why lol
|
|switch|p1a: Wayward Son|Arcanine, M|219\/383 slp
|-ability|p1a: Wayward Son|Intimidate|[of] p2a: Breloom
|-unboost|p2a: Breloom|atk|1
|move|p2a: Breloom|Mach Punch|p1a: Wayward Son
|-damage|p1a: Wayward Son|89\/383 slp
|-damage|p2a: Breloom|137\/262|[from] item: Rocky Helmet|[of] p1a: Wayward Son
|
|turn|18
|join|LT8X swag
|
|cant|p1a: Wayward Son|slp
|move|p2a: Breloom|Swords Dance|p2a: Breloom
|-boost|p2a: Breloom|atk|2
|
|turn|19
|
|cant|p1a: Wayward Son|slp
|move|p2a: Breloom|Mach Punch|p1a: Wayward Son
|-damage|p1a: Wayward Son|0 fnt
|-damage|p2a: Breloom|94\/262|[from] item: Rocky Helmet|[of] p1a: Wayward Son
|faint|p1a: Wayward Son
|
|c|★Arcanine is Regal|sleepy bastard
|c| MoB Barley|keldeo won't die
|
|switch|p1a: Keldeo|Keldeo|323\/323
|turn|20
|c|★Arcanine is Regal|k good
|c|★Truthster|please crit then
|
|move|p2a: Breloom|Mach Punch|p1a: Keldeo
|-damage|p1a: Keldeo|56\/323
|move|p1a: Keldeo|Secret Sword|p2a: Breloom
|-damage|p2a: Breloom|0 fnt
|faint|p2a: Breloom
|
|-heal|p1a: Keldeo|76\/323|[from] item: Leftovers
|join|Agilis
|
|switch|p2a: Zapdos|Zapdos|322\/322
|-ability|p2a: Zapdos|Pressure
|turn|21
|
|move|p1a: Keldeo|Scald|p2a: Zapdos
|-damage|p2a: Zapdos|168\/322
|move|p2a: Zapdos|Discharge|p1a: Keldeo
|-supereffective|p1a: Keldeo
|-damage|p1a: Keldeo|0 fnt
|faint|p1a: Keldeo
|
|-heal|p2a: Zapdos|188\/322|[from] item: Leftovers
|
|switch|p1a: Gliscor|Gliscor, F|120\/337 psn
|turn|22
|
|move|p2a: Zapdos|Heat Wave|p1a: Gliscor
|-damage|p1a: Gliscor|0 fnt
|faint|p1a: Gliscor
|
|-heal|p2a: Zapdos|208\/322|[from] item: Leftovers
|
|switch|p1a: Tyranitar|Tyranitar, M|341\/341
|-weather|Sandstorm
|turn|23
|
|move|p1a: Tyranitar|Stone Edge|p2a: Zapdos
|-supereffective|p2a: Zapdos
|-damage|p2a: Zapdos|0 fnt
|faint|p2a: Zapdos
|
|-weather|Sandstorm|[upkeep]
|c|★Truthster|shit
|join|Dyanna
|join|ollopa
|join|Rip in pepsi
|c|★Truthster|im thinking of possible ways for me to win
|c|★Truthster|and i think the only option
|c|★Arcanine is Regal|they all involve me missing
|c|★Truthster|^
|c|★Truthster|twice
|c|★Truthster|ah well
|c|★Truthster|\/me crosses fingers
|c|★Arcanine is Regal|I believe in cloyster
|
|switch|p2a: Cloyster|Cloyster, F|242\/242
|turn|24
|join|Ascendant Justice
|c|★Truthster|\/me gives ttar a bit to drink
|c|★Truthster|please be drunk ttar
|
|move|p1a: Tyranitar|Stone Edge|p2a: Cloyster|[miss]
|-miss|p1a: Tyranitar|p2a: Cloyster
|move|p2a: Cloyster|Shell Smash|p2a: Cloyster
|-boost|p2a: Cloyster|atk|2
|-boost|p2a: Cloyster|spa|2
|-boost|p2a: Cloyster|spe|2
|-unboost|p2a: Cloyster|def|1
|-unboost|p2a: Cloyster|spd|1
|
|-weather|Sandstorm|[upkeep]
|-damage|p2a: Cloyster|227\/242|[from] Sandstorm
|turn|25
|c|★Truthster|YUS
|c| l123|yup
|c|★Truthster|no one more time auta do it
|join|AdvanceShip
|c| MoB Barley|u won't ohko
|
|move|p2a: Cloyster|Icicle Spear|p1a: Tyranitar
|-damage|p1a: Tyranitar|265\/341
|-damage|p1a: Tyranitar|195\/341
|-damage|p1a: Tyranitar|125\/341
|-damage|p1a: Tyranitar|46\/341
|-damage|p1a: Tyranitar|0 fnt
|-hitcount|p1a: Tyranitar|5
|faint|p1a: Tyranitar
|
|-weather|Sandstorm|[upkeep]
|-damage|p2a: Cloyster|212\/242|[from] Sandstorm
|c| MoB Barley|fuck
|c|★Arcanine is Regal|oh shit
|c| l123|wow
|c| MoB Barley|exca outspeeds
|c|★Arcanine is Regal|mhm
|c|★Truthster|>:)
|c| MoB Barley|ur gucci
|c| l123|that miss
|
|switch|p1a: Excadrill|Excadrill, F|361\/361
|-item|p1a: Excadrill|Air Balloon
|turn|26
|c|★Truthster|damn
|c| MoB Barley|orb>balloon
|c|★Truthster|dan damn damn
|c|★Truthster|so. what hax do i need to win now
|c|★Truthster|a crit
|c|★Truthster|i need a crit
|c| MoB Barley|he needs a flinch
|c|★Arcanine is Regal|yeah actually I need to flinch
|join|Galactic Princess
|c| MoB Barley|or crit
|c|★Arcanine is Regal|weak ass exca
|
|move|p2a: Cloyster|Ice Shard|p1a: Excadrill
|-damage|p1a: Excadrill|163\/361
|-enditem|p1a: Excadrill|Air Balloon
|move|p1a: Excadrill|Iron Head|p2a: Cloyster
|-damage|p2a: Cloyster|71\/242
|
|-weather|Sandstorm|[upkeep]
|-damage|p2a: Cloyster|56\/242|[from] Sandstorm
|turn|27
|c|★Arcanine is Regal|oh
|c| MoB Barley|not even slide
|c|★Arcanine is Regal|ok then
|c| MoB Barley|u must be SD
|
|move|p2a: Cloyster|Ice Shard|p1a: Excadrill
|-damage|p1a: Excadrill|0 fnt
|faint|p1a: Excadrill
|
|-weather|none
|leave|MoB Barley
|c|★Arcanine is Regal|p sure venu tanks this
|
|switch|p1a: Venusaur|Venusaur-Mega, M|31\/360
|turn|28
|c|★Arcanine is Regal|y\/n?
|c|★Truthster|gg bruh
|c|★Arcanine is Regal|gg
|leave|AdvanceShip
|
|move|p2a: Cloyster|Ice Shard|p1a: Venusaur
|-supereffective|p1a: Venusaur
|-damage|p1a: Venusaur|0 fnt
|faint|p1a: Venusaur
|
|win|Truthster
|raw|Ladder updating...
|join|IAMGingy
|leave|Arcanine is Regal
|leave|Ascendant Justice
|raw|Arcanine is Regal's rating: 1622 &rarr; <strong>1599<\/strong><br \/>(-23 for losing)
|raw|Truthster's rating: 1575 &rarr; <strong>1598<\/strong><br \/>(+23 for winning)
|player|p1