|join|Blue Erlade
|join|johnsliver
|player|p1|Blue Erlade|286
|player|p2|johnsliver|162
|gametype|singles
|gen|6
|tier|OU
|rated
|clearpoke
|poke|p1|Gardevoir, F
|poke|p1|Landorus-Therian, M
|poke|p1|Ferrothorn, M
|poke|p1|Sylveon, M
|poke|p1|Smeargle, M
|poke|p1|Dragonite, M
|poke|p2|Feraligatr, M, shiny
|poke|p2|Charizard, M
|poke|p2|Zoroark, M
|poke|p2|Weezing, M
|poke|p2|Zygarde
|poke|p2|Jolteon, F
|rule|Swagger Clause: Swagger is banned
|rule|Baton Pass Clause: Limit one Pokémon knowing Baton Pass
|rule|Sleep Clause Mod: Limit one foe put to sleep
|rule|Species Clause: Limit one of each Pokémon
|rule|OHKO Clause: OHKO moves are banned
|rule|Moody Clause: Moody is banned
|rule|Evasion Moves Clause: Evasion moves are banned
|rule|Endless Battle Clause: Forcing endless battles is banned
|rule|HP Percentage Mod: HP is shown in percentages
|teampreview
|
|start
|switch|p1a: Smeargle|Smeargle, M|314\/314
|switch|p2a: Nidhogg|Zygarde|408\/408
|-ability|p2a: Nidhogg|Aura Break
|turn|1
|
|move|p1a: Smeargle|Dark Void|p2a: Nidhogg
|-status|p2a: Nidhogg|slp
|cant|p2a: Nidhogg|slp
|
|turn|2
|
|move|p1a: Smeargle|Shell Smash|p1a: Smeargle
|-boost|p1a: Smeargle|atk|2
|-boost|p1a: Smeargle|spa|2
|-boost|p1a: Smeargle|spe|2
|-unboost|p1a: Smeargle|def|1
|-unboost|p1a: Smeargle|spd|1
|cant|p2a: Nidhogg|slp
|
|turn|3
|
|move|p1a: Smeargle|Baton Pass|p1a: Smeargle
|
|switch|p1a: Sylveon|Sylveon, M|387\/387
|-curestatus|p2a: Nidhogg|slp
|move|p2a: Nidhogg|Dragon Tail|p1a: Sylveon
|-immune|p1a: Sylveon|[msg]
|
|turn|4
|
|switch|p2a: Nagazaki|Weezing, M|334\/334
|move|p1a: Sylveon|Hyper Voice|p2a: Nagazaki
|-resisted|p2a: Nagazaki
|-damage|p2a: Nagazaki|41\/334
|
|-heal|p2a: Nagazaki|61\/334|[from] item: Black Sludge
|turn|5
|
|move|p1a: Sylveon|Hyper Voice|p2a: Nagazaki
|-resisted|p2a: Nagazaki
|-damage|p2a: Nagazaki|0 fnt
|faint|p2a: Nagazaki
|
|
|switch|p2a: Atlas|Feraligatr, M, shiny|374\/374
|turn|6
|
|move|p1a: Sylveon|Hyper Voice|p2a: Atlas
|-damage|p2a: Atlas|0 fnt
|faint|p2a: Atlas
|
|
|switch|p2a: Natsu|Charizard, M|315\/315
|turn|7
|
|move|p1a: Sylveon|Hyper Voice|p2a: Natsu
|-crit|p2a: Natsu
|-resisted|p2a: Natsu
|-damage|p2a: Natsu|0 fnt
|faint|p2a: Natsu
|
|
|switch|p2a: Luxus|Jolteon, F|272\/272
|turn|8
|
|move|p2a: Luxus|Thunderbolt|p1a: Sylveon
|-damage|p1a: Sylveon|137\/387
|move|p1a: Sylveon|Hyper Voice|p2a: Luxus
|-damage|p2a: Luxus|0 fnt
|faint|p2a: Luxus
|
|-heal|p1a: Sylveon|161\/387|[from] item: Leftovers
|
|switch|p2a: Nidhogg|Zygarde|262\/262
|turn|9
|
|move|p2a: Nidhogg|Focus Blast|p1a: Sylveon
|-resisted|p1a: Sylveon
|-damage|p1a: Sylveon|78\/387
|move|p1a: Sylveon|Hyper Voice|p2a: Nidhogg
|-supereffective|p2a: Nidhogg
|replace|p2a: Ratchet|Zoroark, M|262\/262
|-damage|p2a: Ratchet|0 fnt
|faint|p2a: Ratchet
|
|-heal|p1a: Sylveon|102\/387|[from] item: Leftovers
|
|switch|p2a: Nidhogg|Zygarde|408\/408
|-ability|p2a: Nidhogg|Aura Break
|turn|10
|
|move|p1a: Sylveon|Hyper Voice|p2a: Nidhogg
|-supereffective|p2a: Nidhogg
|-damage|p2a: Nidhogg|0 fnt
|faint|p2a: Nidhogg
|
|win|Blue Erlade
|raw|Ladder updating...
|raw|Blue Erlade's rating: 1324 &rarr; <strong>1341<\/strong><br \/>(+17 for winning)
|raw|johnsliver's rating: 1275 &rarr; <strong>1253<\/strong><br \/>(-22 for losing)