|join|Blue Erlade
|join|LuxAkarion
|player|p1|Blue Erlade|286
|player|p2|LuxAkarion|169
|gametype|singles
|gen|6
|tier|OU
|rated
|clearpoke
|poke|p1|Landorus-Therian, M
|poke|p1|Latios, M
|poke|p1|Beedrill, F
|poke|p1|Rotom-Wash
|poke|p1|Ferrothorn, M
|poke|p1|Greninja, M
|poke|p2|Sylveon, F
|poke|p2|Skarmory, F
|poke|p2|Landorus-Therian, M
|poke|p2|Talonflame, M
|poke|p2|Venusaur, F
|poke|p2|Rotom-Wash
|rule|Swagger Clause: Swagger is banned
|rule|Baton Pass Clause: Limit one Pokémon knowing Baton Pass
|rule|Sleep Clause Mod: Limit one foe put to sleep
|rule|Species Clause: Limit one of each Pokémon
|rule|OHKO Clause: OHKO moves are banned
|rule|Moody Clause: Moody is banned
|rule|Evasion Moves Clause: Evasion moves are banned
|rule|Endless Battle Clause: Forcing endless battles is banned
|rule|HP Percentage Mod: HP is shown in percentages
|teampreview
|
|start
|switch|p1a: Beedrill|Beedrill, F|272\/272
|switch|p2a: Landorus-Therian|Landorus-Therian, M|319\/319
|-ability|p2a: Landorus-Therian|Intimidate|[of] p1a: Beedrill
|-unboost|p1a: Beedrill|atk|1
|turn|1
|
|detailschange|p1a: Beedrill|Beedrill-Mega, F
|message|Beedrill has Mega Evolved into Mega Beedrill!
|move|p1a: Beedrill|Protect|p1a: Beedrill
|-singleturn|p1a: Beedrill|Protect
|move|p2a: Landorus-Therian|Stone Edge|p1a: Beedrill
|-activate|p1a: Beedrill|Protect
|
|turn|2
|
|switch|p1a: Ferrothorn|Ferrothorn, M|352\/352
|move|p2a: Landorus-Therian|Stone Edge|p1a: Ferrothorn
|-resisted|p1a: Ferrothorn
|-damage|p1a: Ferrothorn|317\/352
|
|turn|3
|
|switch|p2a: Talonflame|Talonflame, M|297\/297
|move|p1a: Ferrothorn|Stealth Rock|p2a: Talonflame
|-sidestart|p2: LuxAkarion|move: Stealth Rock
|
|turn|4
|
|switch|p1a: Rotom-Wash|Rotom-Wash|303\/303
|move|p2a: Talonflame|Flare Blitz|p1a: Rotom-Wash
|-resisted|p1a: Rotom-Wash
|-damage|p1a: Rotom-Wash|219\/303
|-status|p1a: Rotom-Wash|brn
|-damage|p2a: Talonflame|269\/297|[from] recoil|[of] p1a: Rotom-Wash
|
|-heal|p1a: Rotom-Wash|237\/303 brn|[from] item: Leftovers
|-damage|p1a: Rotom-Wash|200\/303 brn|[from] brn
|turn|5
|
|switch|p2a: Venusaur|Venusaur, F|363\/363
|-damage|p2a: Venusaur|318\/363|[from] Stealth Rock
|move|p1a: Rotom-Wash|Hydro Pump|p2a: Venusaur
|-resisted|p2a: Venusaur
|-damage|p2a: Venusaur|250\/363
|
|-heal|p1a: Rotom-Wash|218\/303 brn|[from] item: Leftovers
|-damage|p1a: Rotom-Wash|181\/303 brn|[from] brn
|turn|6
|
|switch|p1a: Latios|Latios, M|301\/301
|detailschange|p2a: Venusaur|Venusaur-Mega, F
|message|Venusaur has Mega Evolved into Mega Venusaur!
|move|p2a: Venusaur|Giga Drain|p1a: Latios
|-resisted|p1a: Latios
|-damage|p1a: Latios|241\/301
|-heal|p2a: Venusaur|280\/363|[from] drain|[of] p1a: Latios
|
|turn|7
|
|switch|p2a: Sylveon|Sylveon, F|394\/394
|-damage|p2a: Sylveon|345\/394|[from] Stealth Rock
|move|p1a: Latios|Psychic|p2a: Sylveon
|-damage|p2a: Sylveon|164\/394
|-damage|p1a: Latios|211\/301|[from] item: Life Orb
|
|-heal|p2a: Sylveon|188\/394|[from] item: Leftovers
|turn|8
|
|move|p2a: Sylveon|Protect|p2a: Sylveon
|-singleturn|p2a: Sylveon|Protect
|move|p1a: Latios|Psychic|p2a: Sylveon
|-activate|p2a: Sylveon|Protect
|
|-heal|p2a: Sylveon|212\/394|[from] item: Leftovers
|turn|9
|
|switch|p1a: Ferrothorn|Ferrothorn, M|317\/352
|move|p2a: Sylveon|Wish|p2a: Sylveon
|
|-heal|p2a: Sylveon|236\/394|[from] item: Leftovers
|turn|10
|
|switch|p2a: Talonflame|Talonflame, M|269\/297
|-damage|p2a: Talonflame|121\/297|[from] Stealth Rock
|move|p1a: Ferrothorn|Leech Seed|p2a: Talonflame
|-start|p2a: Talonflame|move: Leech Seed
|
|-heal|p2a: Talonflame|297\/297|[from] move: Wish|[wisher] Sylveon
|-damage|p2a: Talonflame|260\/297|[from] Leech Seed|[of] p1a: Ferrothorn
|-heal|p1a: Ferrothorn|352\/352|[silent]
|turn|11
|
|switch|p1a: Rotom-Wash|Rotom-Wash|181\/303 brn
|move|p2a: Talonflame|U-turn|p1a: Rotom-Wash
|-damage|p1a: Rotom-Wash|110\/303 brn
|
|switch|p2a: Venusaur|Venusaur-Mega, F|280\/363
|-damage|p2a: Venusaur|235\/363|[from] Stealth Rock
|
|-heal|p1a: Rotom-Wash|128\/303 brn|[from] item: Leftovers
|-damage|p1a: Rotom-Wash|91\/303 brn|[from] brn
|turn|12
|
|move|p1a: Rotom-Wash|Volt Switch|p2a: Venusaur
|-resisted|p2a: Venusaur
|-damage|p2a: Venusaur|200\/363
|
|switch|p1a: Landorus-Therian|Landorus-Therian, M|320\/320
|-ability|p1a: Landorus-Therian|Intimidate|[of] p2a: Venusaur
|-unboost|p2a: Venusaur|atk|1
|move|p2a: Venusaur|Sludge Bomb|p1a: Landorus-Therian
|-resisted|p1a: Landorus-Therian
|-damage|p1a: Landorus-Therian|221\/320
|-status|p1a: Landorus-Therian|psn
|
|-damage|p1a: Landorus-Therian|181\/320 psn|[from] psn
|turn|13
|
|move|p1a: Landorus-Therian|U-turn|p2a: Venusaur
|-damage|p2a: Venusaur|121\/363
|
|switch|p1a: Beedrill|Beedrill-Mega, F|272\/272
|move|p2a: Venusaur|Synthesis|p2a: Venusaur
|-heal|p2a: Venusaur|302\/363
|
|turn|14
|
|move|p1a: Beedrill|U-turn|p2a: Venusaur
|-damage|p2a: Venusaur|140\/363
|
|switch|p1a: Latios|Latios, M|211\/301
|move|p2a: Venusaur|Hidden Power|p1a: Latios
|-resisted|p1a: Latios
|-damage|p1a: Latios|176\/301
|
|turn|15
|
|switch|p2a: Skarmory|Skarmory, F|334\/334
|-damage|p2a: Skarmory|293\/334|[from] Stealth Rock
|move|p1a: Latios|Psychic|p2a: Skarmory
|-resisted|p2a: Skarmory
|-damage|p2a: Skarmory|154\/334
|-damage|p1a: Latios|146\/301|[from] item: Life Orb
|
|turn|16
|
|move|p1a: Latios|Psychic|p2a: Skarmory
|-resisted|p2a: Skarmory
|-damage|p2a: Skarmory|18\/334
|-damage|p1a: Latios|116\/301|[from] item: Life Orb
|move|p2a: Skarmory|Defog|p1a: Latios
|-unboost|p1a: Latios|evasion|1
|-sideend|p2: LuxAkarion|Stealth Rock|[from] move: Defog|[of] p2a: Skarmory
|
|turn|17
|
|move|p1a: Latios|Psychic|p2a: Skarmory
|-crit|p2a: Skarmory
|-resisted|p2a: Skarmory
|-damage|p2a: Skarmory|0 fnt
|-damage|p1a: Latios|86\/301|[from] item: Life Orb
|faint|p2a: Skarmory
|
|
|switch|p2a: Talonflame|Talonflame, M|260\/297
|turn|18
|
|switch|p1a: Rotom-Wash|Rotom-Wash|91\/303 brn
|move|p2a: Talonflame|Brave Bird|p1a: Rotom-Wash
|-resisted|p1a: Rotom-Wash
|-damage|p1a: Rotom-Wash|0 fnt
|-damage|p2a: Talonflame|230\/297|[from] recoil|[of] p1a: Rotom-Wash
|faint|p1a: Rotom-Wash
|
|
|switch|p1a: Ferrothorn|Ferrothorn, M|352\/352
|turn|19
|
|move|p2a: Talonflame|Brave Bird|p1a: Ferrothorn
|-damage|p1a: Ferrothorn|192\/352
|-damage|p2a: Talonflame|193\/297|[from] ability: Iron Barbs|[of] p1a: Ferrothorn
|-damage|p2a: Talonflame|140\/297|[from] recoil|[of] p1a: Ferrothorn
|move|p1a: Ferrothorn|Stealth Rock|p2a: Talonflame
|-sidestart|p2: LuxAkarion|move: Stealth Rock
|
|turn|20
|
|move|p2a: Talonflame|Brave Bird|p1a: Ferrothorn
|-damage|p1a: Ferrothorn|36\/352
|-damage|p2a: Talonflame|103\/297|[from] ability: Iron Barbs|[of] p1a: Ferrothorn
|-damage|p2a: Talonflame|52\/297|[from] recoil|[of] p1a: Ferrothorn
|move|p1a: Ferrothorn|Leech Seed|p2a: Talonflame
|-start|p2a: Talonflame|move: Leech Seed
|
|-damage|p2a: Talonflame|15\/297|[from] Leech Seed|[of] p1a: Ferrothorn
|-heal|p1a: Ferrothorn|73\/352|[silent]
|turn|21
|
|switch|p2a: Venusaur|Venusaur-Mega, F|140\/363
|-damage|p2a: Venusaur|95\/363|[from] Stealth Rock
|move|p1a: Ferrothorn|Protect|p1a: Ferrothorn
|-fail|p1a: Ferrothorn
|
|turn|22
|
|switch|p1a: Greninja|Greninja, M|286\/286
|move|p2a: Venusaur|Synthesis|p2a: Venusaur
|-heal|p2a: Venusaur|276\/363
|
|turn|23
|
|switch|p1a: Latios|Latios, M|86\/301
|move|p2a: Venusaur|Sludge Bomb|p1a: Latios
|-damage|p1a: Latios|0 fnt
|faint|p1a: Latios
|
|
|switch|p1a: Beedrill|Beedrill-Mega, F|272\/272
|turn|24
|
|move|p1a: Beedrill|U-turn|p2a: Venusaur
|-damage|p2a: Venusaur|126\/363
|
|switch|p1a: Landorus-Therian|Landorus-Therian, M|181\/320 psn
|-ability|p1a: Landorus-Therian|Intimidate|[of] p2a: Venusaur
|-unboost|p2a: Venusaur|atk|1
|move|p2a: Venusaur|Synthesis|p2a: Venusaur
|-heal|p2a: Venusaur|307\/363
|
|-damage|p1a: Landorus-Therian|141\/320 psn|[from] psn
|turn|25
|
|move|p1a: Landorus-Therian|U-turn|p2a: Venusaur
|-damage|p2a: Venusaur|227\/363
|
|switch|p1a: Ferrothorn|Ferrothorn, M|73\/352
|move|p2a: Venusaur|Hidden Power|p1a: Ferrothorn
|-crit|p1a: Ferrothorn
|-supereffective|p1a: Ferrothorn
|-damage|p1a: Ferrothorn|0 fnt
|faint|p1a: Ferrothorn
|
|
|switch|p1a: Beedrill|Beedrill-Mega, F|272\/272
|turn|26
|
|move|p1a: Beedrill|U-turn|p2a: Venusaur
|-damage|p2a: Venusaur|61\/363
|
|switch|p1a: Greninja|Greninja, M|286\/286
|move|p2a: Venusaur|Synthesis|p2a: Venusaur
|-heal|p2a: Venusaur|242\/363
|
|turn|27
|
|switch|p1a: Landorus-Therian|Landorus-Therian, M|141\/320 psn
|-ability|p1a: Landorus-Therian|Intimidate|[of] p2a: Venusaur
|-unboost|p2a: Venusaur|atk|1
|move|p2a: Venusaur|Synthesis|p2a: Venusaur
|-heal|p2a: Venusaur|363\/363
|
|-damage|p1a: Landorus-Therian|101\/320 psn|[from] psn
|turn|28
|
|move|p1a: Landorus-Therian|U-turn|p2a: Venusaur
|-damage|p2a: Venusaur|275\/363
|
|switch|p1a: Beedrill|Beedrill-Mega, F|272\/272
|move|p2a: Venusaur|Hidden Power|p1a: Beedrill
|-supereffective|p1a: Beedrill
|-damage|p1a: Beedrill|84\/272
|
|turn|29
|
|move|p1a: Beedrill|U-turn|p2a: Venusaur
|-damage|p2a: Venusaur|119\/363
|
|switch|p1a: Landorus-Therian|Landorus-Therian, M|101\/320 psn
|-ability|p1a: Landorus-Therian|Intimidate|[of] p2a: Venusaur
|-unboost|p2a: Venusaur|atk|1
|move|p2a: Venusaur|Synthesis|p2a: Venusaur
|-heal|p2a: Venusaur|300\/363
|
|-damage|p1a: Landorus-Therian|61\/320 psn|[from] psn
|turn|30
|
|move|p1a: Landorus-Therian|U-turn|p2a: Venusaur
|-crit|p2a: Venusaur
|-damage|p2a: Venusaur|170\/363
|
|switch|p1a: Greninja|Greninja, M|286\/286
|move|p2a: Venusaur|Sludge Bomb|p1a: Greninja
|-damage|p1a: Greninja|82\/286
|
|turn|31
|
|move|p1a: Greninja|Ice Beam|p2a: Venusaur
|-start|p1a: Greninja|typechange|Ice|[from] Protean
|-crit|p2a: Venusaur
|-supereffective|p2a: Venusaur
|-damage|p2a: Venusaur|0 fnt
|-damage|p1a: Greninja|54\/286|[from] item: Life Orb
|faint|p2a: Venusaur
|
|
|switch|p2a: Rotom-Wash|Rotom-Wash|303\/303
|-damage|p2a: Rotom-Wash|266\/303|[from] Stealth Rock
|turn|32
|
|switch|p1a: Landorus-Therian|Landorus-Therian, M|61\/320 psn
|-ability|p1a: Landorus-Therian|Intimidate|[of] p2a: Rotom-Wash
|-unboost|p2a: Rotom-Wash|atk|1
|move|p2a: Rotom-Wash|Volt Switch|p1a: Landorus-Therian
|-immune|p1a: Landorus-Therian|[msg]
|
|-damage|p1a: Landorus-Therian|21\/320 psn|[from] psn
|turn|33
|
|switch|p2a: Talonflame|Talonflame, M|15\/297
|-damage|p2a: Talonflame|0 fnt|[from] Stealth Rock
|faint|p2a: Talonflame
|move|p1a: Landorus-Therian|Stone Edge|p2: Talonflame|[notarget]
|-notarget
|
|-damage|p1a: Landorus-Therian|0 fnt|[from] psn
|faint|p1a: Landorus-Therian
|
|switch|p2a: Landorus-Therian|Landorus-Therian, M|319\/319
|switch|p1a: Beedrill|Beedrill-Mega, F|84\/272
|-damage|p2a: Landorus-Therian|280\/319|[from] Stealth Rock
|-ability|p2a: Landorus-Therian|Intimidate|[of] p1a: Beedrill
|-unboost|p1a: Beedrill|atk|1
|turn|34
|
|move|p1a: Beedrill|Protect|p1a: Beedrill
|-singleturn|p1a: Beedrill|Protect
|move|p2a: Landorus-Therian|U-turn|p1a: Beedrill
|-activate|p1a: Beedrill|Protect
|
|turn|35
|
|move|p2a: Landorus-Therian|U-turn|p1a: Beedrill
|-resisted|p1a: Beedrill
|-damage|p1a: Beedrill|0 fnt
|faint|p1a: Beedrill
|
|switch|p2a: Rotom-Wash|Rotom-Wash|266\/303
|-damage|p2a: Rotom-Wash|229\/303|[from] Stealth Rock
|
|
|switch|p1a: Greninja|Greninja, M|54\/286
|turn|36
|
|move|p1a: Greninja|Gunk Shot|p2a: Rotom-Wash
|-start|p1a: Greninja|typechange|Poison|[from] Protean
|-crit|p2a: Rotom-Wash
|-damage|p2a: Rotom-Wash|48\/303
|-damage|p1a: Greninja|26\/286|[from] item: Life Orb
|move|p2a: Rotom-Wash|Volt Switch|p1a: Greninja
|-damage|p1a: Greninja|0 fnt
|faint|p1a: Greninja
|
|win|LuxAkarion
|raw|Ladder updating...
|raw|Blue Erlade's rating: 1351 &rarr; <strong>1333<\/strong><br \/>(-18 for losing)
|raw|LuxAkarion's rating: 1393 &rarr; <strong>1411<\/strong><br \/>(+18 for winning)
|leave|Blue Erlade
|player|p1
|c|★LuxAkarion|gg