|join|Blue Erlade
|join|Liiix
|player|p1|Blue Erlade|286
|player|p2|Liiix|101
|gametype|singles
|gen|6
|tier|OU
|rated
|clearpoke
|poke|p1|Gardevoir, M
|poke|p1|Landorus-Therian, M
|poke|p1|Ferrothorn, M
|poke|p1|Sylveon, F
|poke|p1|Smeargle, F
|poke|p1|Dragonite, M
|poke|p2|Azumarill, F
|poke|p2|Garchomp, F
|poke|p2|Manectric, F
|poke|p2|Landorus-Therian, M
|poke|p2|Crawdaunt, F
|poke|p2|Gengar, M
|rule|Swagger Clause: Swagger is banned
|rule|Baton Pass Clause: Limit one Pokémon knowing Baton Pass
|rule|Sleep Clause Mod: Limit one foe put to sleep
|rule|Species Clause: Limit one of each Pokémon
|rule|OHKO Clause: OHKO moves are banned
|rule|Moody Clause: Moody is banned
|rule|Evasion Moves Clause: Evasion moves are banned
|rule|Endless Battle Clause: Forcing endless battles is banned
|rule|HP Percentage Mod: HP is shown in percentages
|teampreview
|
|start
|switch|p1a: Smeargle|Smeargle, F|314\/314
|switch|p2a: Gengar|Gengar, M|261\/261
|turn|1
|
|move|p2a: Gengar|Taunt|p1a: Smeargle
|-start|p1a: Smeargle|move: Taunt
|cant|p1a: Smeargle|move: Taunt|Dark Void
|
|turn|2
|
|switch|p1a: Landorus-Therian|Landorus-Therian, M|330\/330
|-ability|p1a: Landorus-Therian|Intimidate|[of] p2a: Gengar
|-unboost|p2a: Gengar|atk|1
|move|p2a: Gengar|Focus Blast|p1a: Landorus-Therian|[miss]
|-miss|p2a: Gengar|p1a: Landorus-Therian
|
|turn|3
|
|move|p1a: Landorus-Therian|Knock Off|p2a: Gengar
|-supereffective|p2a: Gengar
|-damage|p2a: Gengar|0 fnt
|-enditem|p2a: Gengar|Life Orb|[from] move: Knock Off|[of] p1a: Landorus-Therian
|faint|p2a: Gengar
|
|
|switch|p2a: Azumarill|Azumarill, F|399\/399
|turn|4
|
|switch|p1a: Smeargle|Smeargle, F|314\/314
|move|p2a: Azumarill|Superpower|p1a: Smeargle
|-supereffective|p1a: Smeargle
|-enditem|p1a: Smeargle|Focus Sash
|-damage|p1a: Smeargle|1\/314
|-unboost|p2a: Azumarill|atk|1
|-unboost|p2a: Azumarill|def|1
|
|turn|5
|
|move|p2a: Azumarill|Aqua Jet|p1a: Smeargle
|-damage|p1a: Smeargle|0 fnt
|faint|p1a: Smeargle
|
|
|switch|p1a: Tom|Dragonite, M|324\/324
|turn|6
|
|move|p1a: Tom|Extreme Speed|p2a: Azumarill
|-damage|p2a: Azumarill|230\/399
|move|p2a: Azumarill|Play Rough|p1a: Tom
|-supereffective|p1a: Tom
|-damage|p1a: Tom|194\/324
|-enditem|p1a: Tom|Weakness Policy
|-boost|p1a: Tom|atk|2|[from] item: Weakness Policy
|-boost|p1a: Tom|spa|2|[from] item: Weakness Policy
|
|turn|7
|
|move|p1a: Tom|Extreme Speed|p2a: Azumarill
|-damage|p2a: Azumarill|0 fnt
|faint|p2a: Azumarill
|
|
|switch|p2a: Landorus-Therian|Landorus-Therian, M|327\/327
|-ability|p2a: Landorus-Therian|Intimidate|[of] p1a: Tom
|-unboost|p1a: Tom|atk|1
|turn|8
|
|switch|p1a: Landorus-Therian|Landorus-Therian, M|330\/330
|-ability|p1a: Landorus-Therian|Intimidate|[of] p2a: Landorus-Therian
|-unboost|p2a: Landorus-Therian|atk|1
|move|p2a: Landorus-Therian|Stone Edge|p1a: Landorus-Therian
|-damage|p1a: Landorus-Therian|228\/330
|
|turn|9
|
|move|p2a: Landorus-Therian|Stone Edge|p1a: Landorus-Therian
|-damage|p1a: Landorus-Therian|135\/330
|move|p1a: Landorus-Therian|Knock Off|p2a: Landorus-Therian
|-damage|p2a: Landorus-Therian|177\/327
|-enditem|p2a: Landorus-Therian|Choice Scarf|[from] move: Knock Off|[of] p1a: Landorus-Therian
|
|turn|10
|
|switch|p1a: Ferrothorn|Ferrothorn, M|352\/352
|move|p2a: Landorus-Therian|Stone Edge|p1a: Ferrothorn
|-resisted|p1a: Ferrothorn
|-damage|p1a: Ferrothorn|326\/352
|
|-heal|p1a: Ferrothorn|348\/352|[from] item: Leftovers
|turn|11
|
|switch|p2a: Manectric|Manectric, F|281\/281
|move|p1a: Ferrothorn|Leech Seed|p2a: Manectric
|-start|p2a: Manectric|move: Leech Seed
|
|-heal|p1a: Ferrothorn|352\/352|[from] item: Leftovers
|-damage|p2a: Manectric|246\/281|[from] Leech Seed|[of] p1a: Ferrothorn
|turn|12
|
|detailschange|p2a: Manectric|Manectric-Mega, F
|message|Manectric has Mega Evolved into Mega Manectric!
|-ability|p2a: Manectric|Intimidate|[of] p1a: Ferrothorn
|-unboost|p1a: Ferrothorn|atk|1
|move|p1a: Ferrothorn|Protect|p1a: Ferrothorn
|-singleturn|p1a: Ferrothorn|Protect
|move|p2a: Manectric|Overheat|p1a: Ferrothorn
|-activate|p1a: Ferrothorn|Protect
|
|-damage|p2a: Manectric|211\/281|[from] Leech Seed|[of] p1a: Ferrothorn
|turn|13
|
|switch|p1a: Tom|Dragonite, M|194\/324
|move|p2a: Manectric|Volt Switch|p1a: Tom
|-damage|p1a: Tom|61\/324
|
|switch|p2a: Garchomp|Garchomp, F|357\/357
|
|turn|14
|
|move|p1a: Tom|Extreme Speed|p2a: Garchomp
|-damage|p2a: Garchomp|253\/357
|-damage|p1a: Tom|21\/324|[from] ability: Rough Skin|[of] p2a: Garchomp
|move|p2a: Garchomp|Stealth Rock|p1a: Tom
|-sidestart|p1: Blue Erlade|move: Stealth Rock
|
|turn|15
|
|move|p1a: Tom|Extreme Speed|p2a: Garchomp
|-damage|p2a: Garchomp|143\/357
|-damage|p1a: Tom|0 fnt|[from] ability: Rough Skin|[of] p2a: Garchomp
|faint|p1a: Tom
|move|p2a: Garchomp|Swords Dance|p2a: Garchomp
|-boost|p2a: Garchomp|atk|2
|
|
|switch|p1a: Ferrothorn|Ferrothorn, M|352\/352
|-damage|p1a: Ferrothorn|330\/352|[from] Stealth Rock
|turn|16
|
|move|p2a: Garchomp|Earthquake|p1a: Ferrothorn
|-damage|p1a: Ferrothorn|107\/352
|move|p1a: Ferrothorn|Leech Seed|p2a: Garchomp
|-start|p2a: Garchomp|move: Leech Seed
|
|-heal|p1a: Ferrothorn|129\/352|[from] item: Leftovers
|-damage|p2a: Garchomp|99\/357|[from] Leech Seed|[of] p1a: Ferrothorn
|-heal|p1a: Ferrothorn|173\/352|[silent]
|turn|17
|
|move|p1a: Ferrothorn|Protect|p1a: Ferrothorn
|-singleturn|p1a: Ferrothorn|Protect
|move|p2a: Garchomp|Swords Dance|p2a: Garchomp
|-boost|p2a: Garchomp|atk|2
|
|-heal|p1a: Ferrothorn|195\/352|[from] item: Leftovers
|-damage|p2a: Garchomp|55\/357|[from] Leech Seed|[of] p1a: Ferrothorn
|-heal|p1a: Ferrothorn|239\/352|[silent]
|turn|18
|
|switch|p1a: Landorus-Therian|Landorus-Therian, M|135\/330
|-damage|p1a: Landorus-Therian|94\/330|[from] Stealth Rock
|-ability|p1a: Landorus-Therian|Intimidate|[of] p2a: Garchomp
|-unboost|p2a: Garchomp|atk|1
|move|p2a: Garchomp|Dragon Claw|p1a: Landorus-Therian
|-damage|p1a: Landorus-Therian|0 fnt
|faint|p1a: Landorus-Therian
|
|
|switch|p1a: Ferrothorn|Ferrothorn, M|239\/352
|-damage|p1a: Ferrothorn|217\/352|[from] Stealth Rock
|turn|19
|
|move|p2a: Garchomp|Earthquake|p1a: Ferrothorn
|-damage|p1a: Ferrothorn|0 fnt
|faint|p1a: Ferrothorn
|
|
|switch|p1a: Sylveon|Sylveon, F|387\/387
|-damage|p1a: Sylveon|339\/387|[from] Stealth Rock
|turn|20
|
|move|p2a: Garchomp|Earthquake|p1a: Sylveon
|-crit|p1a: Sylveon
|-damage|p1a: Sylveon|0 fnt
|faint|p1a: Sylveon
|
|
|switch|p1a: Aerow|Gardevoir, M|278\/278
|-damage|p1a: Aerow|244\/278|[from] Stealth Rock
|-ability|p1a: Aerow|Rough Skin|[from] ability: Trace|[of] p2a: Garchomp
|turn|21
|c|★Liiix|gg
|
|detailschange|p1a: Aerow|Gardevoir-Mega, M
|message|Gardevoir has Mega Evolved into Mega Gardevoir!
|move|p2a: Garchomp|Earthquake|p1a: Aerow
|-crit|p1a: Aerow
|-damage|p1a: Aerow|0 fnt
|faint|p1a: Aerow
|
|win|Liiix
|raw|Ladder updating...
|raw|Blue Erlade's rating: 1471 &rarr; <strong>1450<\/strong><br \/>(-21 for losing)
|raw|Liiix's rating: 1458 &rarr; <strong>1478<\/strong><br \/>(+20 for winning)
|leave|Blue Erlade
|player|p1