|join|Blue Erlade
|join|Wet Moon
|player|p1|Blue Erlade|286
|player|p2|Wet Moon|51
|gametype|singles
|gen|6
|tier|OU
|rated
|clearpoke
|poke|p1|Slowbro, M
|poke|p1|Chansey, F
|poke|p1|Clefable, M
|poke|p1|Ferrothorn, F
|poke|p1|Latias, F
|poke|p1|Rotom-Wash
|poke|p2|Landorus, M
|poke|p2|Thundurus, M
|poke|p2|Tyranitar, F
|poke|p2|Scizor, M
|poke|p2|Talonflame, F
|poke|p2|Keldeo
|rule|Swagger Clause: Swagger is banned
|rule|Baton Pass Clause: Limit one Pokémon knowing Baton Pass
|rule|Sleep Clause Mod: Limit one foe put to sleep
|rule|Species Clause: Limit one of each Pokémon
|rule|OHKO Clause: OHKO moves are banned
|rule|Moody Clause: Moody is banned
|rule|Evasion Moves Clause: Evasion moves are banned
|rule|Endless Battle Clause: Forcing endless battles is banned
|rule|HP Percentage Mod: HP is shown in percentages
|teampreview
|c|★Blue Erlade|Gl
|
|start
|switch|p1a: Slowbro|Slowbro, M|393\/393
|switch|p2a: Bejita|Thundurus, M|299\/299
|turn|1
|
|switch|p1a: Chansey|Chansey, F|662\/662
|move|p2a: Bejita|Volt Switch|p1a: Chansey
|-damage|p1a: Chansey|579\/662
|-damage|p2a: Bejita|270\/299|[from] item: Life Orb
|
|switch|p2a: Cizayoxy|Scizor, M|343\/343
|
|turn|2
|
|detailschange|p2a: Cizayoxy|Scizor-Mega, M
|-mega|p2a: Cizayoxy|Scizor|Scizorite
|move|p2a: Cizayoxy|Knock Off|p1a: Chansey
|-damage|p1a: Chansey|333\/662
|-enditem|p1a: Chansey|Eviolite|[from] move: Knock Off|[of] p2a: Cizayoxy
|move|p1a: Chansey|Thunder Wave|p2a: Cizayoxy
|-status|p2a: Cizayoxy|par
|
|turn|3
|
|switch|p1a: Slowbro|Slowbro, M|393\/393
|switch|p2a: ITSATRAP|Tyranitar, F|403\/403
|-weather|Sandstorm
|
|-weather|Sandstorm|[upkeep]
|-damage|p1a: Slowbro|369\/393|[from] sandstorm
|turn|4
|
|detailschange|p1a: Slowbro|Slowbro-Mega, M
|-mega|p1a: Slowbro|Slowbro|Slowbronite
|move|p2a: ITSATRAP|Stealth Rock|p1a: Slowbro
|-sidestart|p1: Blue Erlade|move: Stealth Rock
|move|p1a: Slowbro|Calm Mind|p1a: Slowbro
|-boost|p1a: Slowbro|spa|1
|-boost|p1a: Slowbro|spd|1
|
|-weather|Sandstorm|[upkeep]
|-damage|p1a: Slowbro|345\/393|[from] sandstorm
|turn|5
|
|move|p2a: ITSATRAP|Toxic|p1a: Slowbro
|-status|p1a: Slowbro|tox
|move|p1a: Slowbro|Calm Mind|p1a: Slowbro
|-boost|p1a: Slowbro|spa|1
|-boost|p1a: Slowbro|spd|1
|
|-weather|Sandstorm|[upkeep]
|-damage|p1a: Slowbro|321\/393 tox|[from] sandstorm
|-damage|p1a: Slowbro|297\/393 tox|[from] psn
|turn|6
|
|move|p2a: ITSATRAP|Pursuit|p1a: Slowbro
|-supereffective|p1a: Slowbro
|-damage|p1a: Slowbro|219\/393 tox
|move|p1a: Slowbro|Calm Mind|p1a: Slowbro
|-boost|p1a: Slowbro|spa|1
|-boost|p1a: Slowbro|spd|1
|
|-weather|Sandstorm|[upkeep]
|-damage|p1a: Slowbro|195\/393 tox|[from] sandstorm
|-damage|p1a: Slowbro|147\/393 tox|[from] psn
|turn|7
|
|move|p2a: ITSATRAP|Pursuit|p1a: Slowbro
|-supereffective|p1a: Slowbro
|-damage|p1a: Slowbro|81\/393 tox
|move|p1a: Slowbro|Rest|p1a: Slowbro
|-status|p1a: Slowbro|slp
|-heal|p1a: Slowbro|393\/393 slp|[silent]
|-status|p1a: Slowbro|slp|[from] move: Rest
|
|-weather|none
|turn|8
|
|move|p2a: ITSATRAP|Pursuit|p1a: Slowbro
|-supereffective|p1a: Slowbro
|-damage|p1a: Slowbro|319\/393 slp
|cant|p1a: Slowbro|slp
|move|p1a: Slowbro|Sleep Talk|p1a: Slowbro
|move|p1a: Slowbro|Calm Mind|p1a: Slowbro|[from]Sleep Talk
|-boost|p1a: Slowbro|spa|1
|-boost|p1a: Slowbro|spd|1
|
|turn|9
|
|move|p2a: ITSATRAP|Pursuit|p1a: Slowbro
|-supereffective|p1a: Slowbro
|-damage|p1a: Slowbro|253\/393 slp
|cant|p1a: Slowbro|slp
|move|p1a: Slowbro|Sleep Talk|p1a: Slowbro
|move|p1a: Slowbro|Rest|p1a: Slowbro|[from]Sleep Talk
|-fail|p1a: Slowbro
|
|turn|10
|
|move|p2a: ITSATRAP|Pursuit|p1a: Slowbro
|-supereffective|p1a: Slowbro
|-damage|p1a: Slowbro|185\/393 slp
|-curestatus|p1a: Slowbro|slp
|move|p1a: Slowbro|Calm Mind|p1a: Slowbro
|-boost|p1a: Slowbro|spa|1
|-boost|p1a: Slowbro|spd|1
|
|turn|11
|
|move|p2a: ITSATRAP|Toxic|p1a: Slowbro
|-status|p1a: Slowbro|tox
|move|p1a: Slowbro|Scald|p2a: ITSATRAP
|-supereffective|p2a: ITSATRAP
|-damage|p2a: ITSATRAP|0 fnt
|faint|p2a: ITSATRAP
|
|-damage|p1a: Slowbro|161\/393 tox|[from] psn
|
|switch|p2a: Speed Tie|Talonflame, F|297\/297
|turn|12
|
|move|p2a: Speed Tie|Brave Bird|p1a: Slowbro
|-damage|p1a: Slowbro|56\/393 tox
|-damage|p2a: Speed Tie|262\/297|[from] recoil|[of] p1a: Slowbro
|move|p1a: Slowbro|Rest|p1a: Slowbro
|-status|p1a: Slowbro|slp
|-heal|p1a: Slowbro|393\/393 slp|[silent]
|-status|p1a: Slowbro|slp|[from] move: Rest
|
|turn|13
|
|move|p2a: Speed Tie|Brave Bird|p1a: Slowbro
|-damage|p1a: Slowbro|279\/393 slp
|-damage|p2a: Speed Tie|224\/297|[from] recoil|[of] p1a: Slowbro
|cant|p1a: Slowbro|slp
|move|p1a: Slowbro|Sleep Talk|p1a: Slowbro
|move|p1a: Slowbro|Scald|p2a: Speed Tie|[from]Sleep Talk
|-supereffective|p2a: Speed Tie
|-damage|p2a: Speed Tie|0 fnt
|faint|p2a: Speed Tie
|
|
|switch|p2a: Bejita|Thundurus, M|270\/299
|turn|14
|
|move|p2a: Bejita|Thunderbolt|p1a: Slowbro
|-supereffective|p1a: Slowbro
|-damage|p1a: Slowbro|131\/393 slp
|-damage|p2a: Bejita|241\/299|[from] item: Life Orb
|cant|p1a: Slowbro|slp
|move|p1a: Slowbro|Sleep Talk|p1a: Slowbro
|move|p1a: Slowbro|Calm Mind|p1a: Slowbro|[from]Sleep Talk
|-boost|p1a: Slowbro|spa|1
|-boost|p1a: Slowbro|spd|1
|
|turn|15
|
|move|p2a: Bejita|Thunderbolt|p1a: Slowbro
|-supereffective|p1a: Slowbro
|-damage|p1a: Slowbro|11\/393 slp
|-damage|p2a: Bejita|212\/299|[from] item: Life Orb
|-curestatus|p1a: Slowbro|slp
|move|p1a: Slowbro|Rest|p1a: Slowbro
|-status|p1a: Slowbro|slp
|-heal|p1a: Slowbro|393\/393 slp|[silent]
|-status|p1a: Slowbro|slp|[from] move: Rest
|
|turn|16
|
|move|p2a: Bejita|Thunderbolt|p1a: Slowbro
|-supereffective|p1a: Slowbro
|-damage|p1a: Slowbro|276\/393 slp
|-damage|p2a: Bejita|183\/299|[from] item: Life Orb
|cant|p1a: Slowbro|slp
|move|p1a: Slowbro|Sleep Talk|p1a: Slowbro
|move|p1a: Slowbro|Rest|p1a: Slowbro|[from]Sleep Talk
|-fail|p1a: Slowbro
|
|turn|17
|
|move|p2a: Bejita|Thunderbolt|p1a: Slowbro
|-supereffective|p1a: Slowbro
|-damage|p1a: Slowbro|167\/393 slp
|-damage|p2a: Bejita|154\/299|[from] item: Life Orb
|cant|p1a: Slowbro|slp
|move|p1a: Slowbro|Sleep Talk|p1a: Slowbro
|move|p1a: Slowbro|Calm Mind|p1a: Slowbro|[from]Sleep Talk
|-fail|p1a: Slowbro
|
|turn|18
|
|move|p2a: Bejita|Thunderbolt|p1a: Slowbro
|-supereffective|p1a: Slowbro
|-damage|p1a: Slowbro|47\/393 slp
|-damage|p2a: Bejita|125\/299|[from] item: Life Orb
|-curestatus|p1a: Slowbro|slp
|move|p1a: Slowbro|Rest|p1a: Slowbro
|-status|p1a: Slowbro|slp
|-heal|p1a: Slowbro|393\/393 slp|[silent]
|-status|p1a: Slowbro|slp|[from] move: Rest
|
|turn|19
|c|★Blue Erlade|gg
|
|move|p2a: Bejita|Thunderbolt|p1a: Slowbro
|-supereffective|p1a: Slowbro
|-damage|p1a: Slowbro|266\/393 slp
|-damage|p2a: Bejita|96\/299|[from] item: Life Orb
|cant|p1a: Slowbro|slp
|move|p1a: Slowbro|Sleep Talk|p1a: Slowbro
|move|p1a: Slowbro|Calm Mind|p1a: Slowbro|[from]Sleep Talk
|-fail|p1a: Slowbro
|
|turn|20
|
|move|p2a: Bejita|Thunderbolt|p1a: Slowbro
|-supereffective|p1a: Slowbro
|-damage|p1a: Slowbro|146\/393 slp
|-damage|p2a: Bejita|67\/299|[from] item: Life Orb
|cant|p1a: Slowbro|slp
|move|p1a: Slowbro|Sleep Talk|p1a: Slowbro
|move|p1a: Slowbro|Calm Mind|p1a: Slowbro|[from]Sleep Talk
|-fail|p1a: Slowbro
|
|turn|21
|
|move|p2a: Bejita|Thunderbolt|p1a: Slowbro
|-supereffective|p1a: Slowbro
|-damage|p1a: Slowbro|37\/393 slp
|-damage|p2a: Bejita|38\/299|[from] item: Life Orb
|-curestatus|p1a: Slowbro|slp
|move|p1a: Slowbro|Rest|p1a: Slowbro
|-status|p1a: Slowbro|slp
|-heal|p1a: Slowbro|393\/393 slp|[silent]
|-status|p1a: Slowbro|slp|[from] move: Rest
|
|turn|22
|
|move|p2a: Bejita|Thunderbolt|p1a: Slowbro
|-supereffective|p1a: Slowbro
|-damage|p1a: Slowbro|266\/393 slp
|-damage|p2a: Bejita|9\/299|[from] item: Life Orb
|cant|p1a: Slowbro|slp
|move|p1a: Slowbro|Sleep Talk|p1a: Slowbro
|move|p1a: Slowbro|Calm Mind|p1a: Slowbro|[from]Sleep Talk
|-fail|p1a: Slowbro
|
|turn|23
|
|move|p2a: Bejita|Thunderbolt|p1a: Slowbro
|-supereffective|p1a: Slowbro
|-damage|p1a: Slowbro|157\/393 slp
|-damage|p2a: Bejita|0 fnt|[from] item: Life Orb
|faint|p2a: Bejita
|cant|p1a: Slowbro|slp
|move|p1a: Slowbro|Sleep Talk|p1a: Slowbro
|move|p1a: Slowbro|Scald|p2: Bejita|[from]Sleep Talk|[notarget]
|-notarget
|
|
|switch|p2a: Cizayoxy|Scizor-Mega, M|343\/343 par
|turn|24
|
|-curestatus|p1a: Slowbro|slp
|move|p1a: Slowbro|Scald|p2a: Cizayoxy
|-damage|p2a: Cizayoxy|0 fnt
|faint|p2a: Cizayoxy
|
|
|switch|p2a: San Goku|Landorus, M|319\/319
|turn|25
|
|move|p2a: San Goku|Earth Power|p1a: Slowbro
|-damage|p1a: Slowbro|67\/393
|move|p1a: Slowbro|Scald|p2a: San Goku
|-supereffective|p2a: San Goku
|-damage|p2a: San Goku|0 fnt
|faint|p2a: San Goku
|
|
|switch|p2a: Furry|Keldeo|323\/323
|turn|26
|
|switch|p1a: Latias|Latias, F|302\/302
|-damage|p1a: Latias|265\/302|[from] Stealth Rock
|move|p2a: Furry|Secret Sword|p1a: Latias
|-resisted|p1a: Latias
|-damage|p1a: Latias|178\/302
|
|turn|27
|leave|Wet Moon
|player|p2
|-message|wetmoon lost due to inactivity.
|
|win|Blue Erlade
|raw|Ladder updating...
|raw|Blue Erlade's rating: 1444 &rarr; <strong>1463<\/strong><br \/>(+19 for winning)
|raw|Wet Moon's rating: 1436 &rarr; <strong>1417<\/strong><br \/>(-19 for losing)