|join|Truthster
|join|Vanilla Vanish
|player|p1|Truthster|56
|player|p2|Vanilla Vanish|266
|gametype|singles
|gen|6
|tier|OU
|rated
|clearpoke
|poke|p1|Metagross
|poke|p1|Mew
|poke|p1|Breloom, M
|poke|p1|Talonflame, F
|poke|p1|Landorus-Therian, M
|poke|p1|Kyurem-Black
|poke|p2|Serperior, F
|poke|p2|Landorus-Therian, M
|poke|p2|Raikou
|poke|p2|Gardevoir, M
|poke|p2|Rotom-Wash
|poke|p2|Terrakion
|rule|Swagger Clause: Swagger is banned
|rule|Baton Pass Clause: Limit one Pokémon knowing Baton Pass
|rule|Sleep Clause Mod: Limit one foe put to sleep
|rule|Species Clause: Limit one of each Pokémon
|rule|OHKO Clause: OHKO moves are banned
|rule|Moody Clause: Moody is banned
|rule|Evasion Moves Clause: Evasion moves are banned
|rule|Endless Battle Clause: Forcing endless battles is banned
|rule|HP Percentage Mod: HP is shown in percentages
|teampreview
|c|★Truthster|test team
|c|★Truthster|lets see how it does
|
|start
|switch|p1a: Mew|Mew|404\/404
|switch|p2a: Gardevoir|Gardevoir, M|277\/277
|-ability|p2a: Gardevoir|Synchronize|[from] ability: Trace|[of] p1a: Mew
|turn|1
|
|detailschange|p2a: Gardevoir|Gardevoir-Mega, M
|-mega|p2a: Gardevoir|Gardevoir|Gardevoirite
|move|p2a: Gardevoir|Hyper Voice|p1a: Mew
|-damage|p1a: Mew|224\/404
|move|p1a: Mew|Knock Off|p2a: Gardevoir
|-damage|p2a: Gardevoir|208\/277
|
|-heal|p1a: Mew|249\/404|[from] item: Leftovers
|turn|2
|
|switch|p2a: Serperior|Serperior, F|291\/291
|move|p1a: Mew|Roost|p1a: Mew
|-heal|p1a: Mew|404\/404
|
|turn|3
|
|move|p2a: Serperior|Leaf Storm|p1a: Mew
|-damage|p1a: Mew|258\/404
|-boost|p2a: Serperior|spa|2
|-damage|p2a: Serperior|262\/291|[from] item: Life Orb
|move|p1a: Mew|Knock Off|p2a: Serperior
|-damage|p2a: Serperior|189\/291
|-enditem|p2a: Serperior|Life Orb|[from] move: Knock Off|[of] p1a: Mew
|
|-heal|p1a: Mew|283\/404|[from] item: Leftovers
|turn|4
|
|switch|p1a: Talonflame|Talonflame, F|297\/297
|move|p2a: Serperior|Leaf Storm|p1a: Talonflame
|-resisted|p1a: Talonflame
|-damage|p1a: Talonflame|196\/297
|-boost|p2a: Serperior|spa|2
|
|-heal|p1a: Talonflame|214\/297|[from] item: Leftovers
|turn|5
|
|switch|p2a: Rotom-Wash|Rotom-Wash|304\/304
|move|p1a: Talonflame|Brave Bird|p2a: Rotom-Wash
|-resisted|p2a: Rotom-Wash
|-damage|p2a: Rotom-Wash|246\/304
|-damage|p1a: Talonflame|195\/297|[from] recoil|[of] p2a: Rotom-Wash
|
|-heal|p1a: Talonflame|213\/297|[from] item: Leftovers
|-heal|p2a: Rotom-Wash|265\/304|[from] item: Leftovers
|turn|6
|
|move|p1a: Talonflame|U-turn|p2a: Rotom-Wash
|-damage|p2a: Rotom-Wash|222\/304
|
|switch|p1a: Mew|Mew|283\/404
|move|p2a: Rotom-Wash|Volt Switch|p1a: Mew
|-damage|p1a: Mew|217\/404
|
|switch|p2a: Serperior|Serperior, F|189\/291
|
|-heal|p1a: Mew|242\/404|[from] item: Leftovers
|turn|7
|
|switch|p2a: Landorus-Therian|Landorus-Therian, M|352\/352
|-ability|p2a: Landorus-Therian|Intimidate|[of] p1a: Mew
|-unboost|p1a: Mew|atk|1
|move|p1a: Mew|Roost|p1a: Mew
|-heal|p1a: Mew|404\/404
|
|turn|8
|
|switch|p2a: Rotom-Wash|Rotom-Wash|222\/304
|move|p1a: Mew|Will-O-Wisp|p2a: Rotom-Wash
|-status|p2a: Rotom-Wash|brn
|
|-heal|p2a: Rotom-Wash|241\/304 brn|[from] item: Leftovers
|-damage|p2a: Rotom-Wash|203\/304 brn|[from] brn
|turn|9
|
|move|p1a: Mew|Knock Off|p2a: Rotom-Wash
|-damage|p2a: Rotom-Wash|167\/304 brn
|-enditem|p2a: Rotom-Wash|Leftovers|[from] move: Knock Off|[of] p1a: Mew
|move|p2a: Rotom-Wash|Will-O-Wisp|p1a: Mew|[miss]
|-miss|p2a: Rotom-Wash|p1a: Mew
|
|-damage|p2a: Rotom-Wash|129\/304 brn|[from] brn
|turn|10
|
|switch|p1a: Talonflame|Talonflame, F|213\/297
|move|p2a: Rotom-Wash|Pain Split|p1a: Talonflame
|-sethp|p1a: Talonflame|171\/297|p2a: Rotom-Wash|171\/304 brn|[from] move: Pain Split
|
|-heal|p1a: Talonflame|189\/297|[from] item: Leftovers
|-damage|p2a: Rotom-Wash|133\/304 brn|[from] brn
|turn|11
|
|move|p1a: Talonflame|U-turn|p2a: Rotom-Wash
|-damage|p2a: Rotom-Wash|89\/304 brn
|
|switch|p1a: Landorus-Therian|Landorus-Therian, M|319\/319
|-ability|p1a: Landorus-Therian|Intimidate|[of] p2a: Rotom-Wash
|-unboost|p2a: Rotom-Wash|atk|1
|move|p2a: Rotom-Wash|Volt Switch|p1a: Landorus-Therian
|-immune|p1a: Landorus-Therian|[msg]
|
|-damage|p2a: Rotom-Wash|51\/304 brn|[from] brn
|turn|12
|
|switch|p2a: Landorus-Therian|Landorus-Therian, M|352\/352
|-ability|p2a: Landorus-Therian|Intimidate|[of] p1a: Landorus-Therian
|-unboost|p1a: Landorus-Therian|atk|1
|move|p1a: Landorus-Therian|U-turn|p2a: Landorus-Therian
|-resisted|p2a: Landorus-Therian
|-damage|p2a: Landorus-Therian|316\/352
|-damage|p1a: Landorus-Therian|288\/319|[from] item: Life Orb
|
|switch|p1a: Kyurem-Black|Kyurem-Black|454\/454
|-ability|p1a: Kyurem-Black|Teravolt
|
|-heal|p2a: Landorus-Therian|338\/352|[from] item: Leftovers
|turn|13
|
|switch|p2a: Rotom-Wash|Rotom-Wash|51\/304 brn
|move|p1a: Kyurem-Black|Ice Beam|p2a: Rotom-Wash
|-resisted|p2a: Rotom-Wash
|-damage|p2a: Rotom-Wash|0 fnt
|faint|p2a: Rotom-Wash
|
|
|switch|p2a: Terrakion|Terrakion|323\/323
|turn|14
|
|switch|p1a: Landorus-Therian|Landorus-Therian, M|288\/319
|-ability|p1a: Landorus-Therian|Intimidate|[of] p2a: Terrakion
|-unboost|p2a: Terrakion|atk|1
|move|p2a: Terrakion|Close Combat|p1a: Landorus-Therian
|-crit|p1a: Landorus-Therian
|-resisted|p1a: Landorus-Therian
|-damage|p1a: Landorus-Therian|126\/319
|-unboost|p2a: Terrakion|def|1
|-unboost|p2a: Terrakion|spd|1
|
|turn|15
|
|switch|p2a: Landorus-Therian|Landorus-Therian, M|338\/352
|-ability|p2a: Landorus-Therian|Intimidate|[of] p1a: Landorus-Therian
|-unboost|p1a: Landorus-Therian|atk|1
|move|p1a: Landorus-Therian|Knock Off|p2a: Landorus-Therian
|-crit|p2a: Landorus-Therian
|-damage|p2a: Landorus-Therian|135\/352
|-enditem|p2a: Landorus-Therian|Leftovers|[from] move: Knock Off|[of] p1a: Landorus-Therian
|-damage|p1a: Landorus-Therian|95\/319|[from] item: Life Orb
|
|turn|16
|
|move|p1a: Landorus-Therian|Stone Edge|p2a: Landorus-Therian
|-damage|p2a: Landorus-Therian|40\/352
|-damage|p1a: Landorus-Therian|64\/319|[from] item: Life Orb
|move|p2a: Landorus-Therian|Stealth Rock|p1a: Landorus-Therian
|-sidestart|p1: Truthster|move: Stealth Rock
|
|turn|17
|
|move|p1a: Landorus-Therian|Knock Off|p2a: Landorus-Therian
|-damage|p2a: Landorus-Therian|0 fnt
|-damage|p1a: Landorus-Therian|33\/319|[from] item: Life Orb
|faint|p2a: Landorus-Therian
|
|
|switch|p2a: Serperior|Serperior, F|189\/291
|turn|18
|
|move|p2a: Serperior|Leaf Storm|p1a: Landorus-Therian
|-damage|p1a: Landorus-Therian|0 fnt
|-boost|p2a: Serperior|spa|2
|faint|p1a: Landorus-Therian
|
|
|switch|p1a: Mew|Mew|404\/404
|-damage|p1a: Mew|354\/404|[from] Stealth Rock
|turn|19
|
|move|p2a: Serperior|Leaf Storm|p1a: Mew
|-damage|p1a: Mew|129\/404
|-boost|p2a: Serperior|spa|2
|move|p1a: Mew|Defog|p2a: Serperior
|-boost|p2a: Serperior|evasion|1
|-sideend|p1: Truthster|Stealth Rock|[from] move: Defog|[of] p1a: Mew
|
|-heal|p1a: Mew|154\/404|[from] item: Leftovers
|turn|20
|
|move|p2a: Serperior|Dragon Pulse|p1a: Mew
|-crit|p1a: Mew
|-damage|p1a: Mew|0 fnt
|faint|p1a: Mew
|
|
|switch|p1a: Talonflame|Talonflame, F|189\/297
|turn|21
|
|move|p1a: Talonflame|Flare Blitz|p2a: Serperior
|-supereffective|p2a: Serperior
|-damage|p2a: Serperior|0 fnt
|-damage|p1a: Talonflame|127\/297|[from] recoil|[of] p2a: Serperior
|faint|p2a: Serperior
|
|-heal|p1a: Talonflame|145\/297|[from] item: Leftovers
|
|switch|p2a: Raikou|Raikou|321\/321
|-ability|p2a: Raikou|Pressure
|turn|22
|
|move|p1a: Talonflame|Flare Blitz|p2a: Raikou
|-damage|p2a: Raikou|132\/321
|-status|p2a: Raikou|brn
|-damage|p1a: Talonflame|83\/297|[from] recoil|[of] p2a: Raikou
|move|p2a: Raikou|Volt Switch|p1a: Talonflame
|-supereffective|p1a: Talonflame
|-damage|p1a: Talonflame|0 fnt
|faint|p1a: Talonflame
|c|★Truthster|any recommended changes to my team so far?
|
|switch|p2a: Terrakion|Terrakion|323\/323
|
|join|Chartis
|
|switch|p1a: Breloom|Breloom, M|261\/261
|turn|23
|c|★Truthster|testin this team chartis
|c| Chartis|seems to be doing pretty well
|c|★Truthster|guess so
|
|switch|p2a: Raikou|Raikou|132\/321 brn
|-ability|p2a: Raikou|Pressure
|move|p1a: Breloom|Bullet Seed|p2a: Raikou
|-damage|p2a: Raikou|53\/321 brn
|-damage|p2a: Raikou|0 fnt
|-hitcount|p2a: Raikou|2
|faint|p2a: Raikou
|
|
|switch|p2a: Gardevoir|Gardevoir-Mega, M|208\/277
|turn|24
|
|move|p2a: Gardevoir|Hyper Voice|p1a: Breloom
|-supereffective|p1a: Breloom
|-enditem|p1a: Breloom|Focus Sash
|-damage|p1a: Breloom|1\/261
|move|p1a: Breloom|Bullet Seed|p2a: Gardevoir
|-damage|p2a: Gardevoir|109\/277
|-damage|p2a: Gardevoir|6\/277
|-damage|p2a: Gardevoir|0 fnt
|-hitcount|p2a: Gardevoir|3
|faint|p2a: Gardevoir
|
|
|switch|p2a: Terrakion|Terrakion|323\/323
|turn|25
|c|★Vanilla Vanish|gg
|c|★Truthster|gg
|
|move|p1a: Breloom|Mach Punch|p2a: Terrakion
|-crit|p2a: Terrakion
|-supereffective|p2a: Terrakion
|-damage|p2a: Terrakion|0 fnt
|faint|p2a: Terrakion
|
|win|Truthster
|raw|Ladder updating...
|raw|Truthster's rating: 1583 &rarr; <strong>1606<\/strong><br \/>(+23 for winning)
|raw|Vanilla Vanish's rating: 1627 &rarr; <strong>1604<\/strong><br \/>(-23 for losing)
|leave|Vanilla Vanish
|player|p2