|join|subzeromk
|join|lil manaphy
|player|p1|subzeromk|20
|player|p2|lil manaphy|8
|gametype|singles
|gen|6
|tier|OU
|rated
|clearpoke
|poke|p1|Heracross, M
|poke|p1|Garchomp, M
|poke|p1|Sylveon, M
|poke|p1|Breloom, M
|poke|p1|Bisharp, M
|poke|p1|Heatran, F
|poke|p2|Lopunny, F
|poke|p2|Rotom-Wash
|poke|p2|Gothitelle, M
|poke|p2|Mandibuzz, F
|poke|p2|Heatran, F
|poke|p2|Celebi
|rule|Swagger Clause: Swagger is banned
|rule|Baton Pass Clause: Limit one Pokémon knowing Baton Pass
|rule|Sleep Clause Mod: Limit one foe put to sleep
|rule|Species Clause: Limit one of each Pokémon
|rule|OHKO Clause: OHKO moves are banned
|rule|Moody Clause: Moody is banned
|rule|Evasion Moves Clause: Evasion moves are banned
|rule|Endless Battle Clause: Forcing endless battles is banned
|rule|HP Percentage Mod: HP is shown in percentages
|teampreview
|
|start
|switch|p1a: Breloom|Breloom, M|262\/262
|switch|p2a: Rotom-Wash|Rotom-Wash|303\/303
|turn|1
|
|switch|p2a: Celebi|Celebi|404\/404
|move|p1a: Breloom|Swords Dance|p1a: Breloom
|-boost|p1a: Breloom|atk|2
|
|turn|2
|
|move|p1a: Breloom|Bullet Seed|p2a: Celebi
|-resisted|p2a: Celebi
|-damage|p2a: Celebi|318\/404
|-resisted|p2a: Celebi
|-damage|p2a: Celebi|228\/404
|-resisted|p2a: Celebi
|-damage|p2a: Celebi|149\/404
|-hitcount|p2a: Celebi|3
|-damage|p1a: Breloom|236\/262|[from] item: Life Orb
|move|p2a: Celebi|Baton Pass|p2a: Celebi
|
|switch|p2a: Gothitelle|Gothitelle, M|301\/301
|
|turn|3
|
|move|p1a: Breloom|Mach Punch|p2a: Gothitelle
|-resisted|p2a: Gothitelle
|-damage|p2a: Gothitelle|145\/301
|-damage|p1a: Breloom|210\/262|[from] item: Life Orb
|move|p2a: Gothitelle|Psychic|p1a: Breloom
|-supereffective|p1a: Breloom
|-damage|p1a: Breloom|0 fnt
|faint|p1a: Breloom
|
|
|switch|p1a: Madara|Bisharp, M|272\/272
|turn|4
|
|switch|p2a: Heatran|Heatran, F|386\/386
|move|p1a: Madara|Swords Dance|p1a: Madara
|-boost|p1a: Madara|atk|2
|
|turn|5
|
|switch|p2a: Celebi|Celebi|149\/404
|move|p1a: Madara|Knock Off|p2a: Celebi
|-supereffective|p2a: Celebi
|-damage|p2a: Celebi|0 fnt
|-enditem|p2a: Celebi|Leftovers|[from] move: Knock Off|[of] p1a: Madara
|-damage|p1a: Madara|245\/272|[from] item: Life Orb
|faint|p2a: Celebi
|
|
|switch|p2a: Lopunny|Lopunny, F|271\/271
|turn|6
|
|switch|p1a: Garchomp|Garchomp, M|420\/420
|detailschange|p2a: Lopunny|Lopunny-Mega, F
|message|Lopunny has Mega Evolved into Mega Lopunny!
|move|p2a: Lopunny|High Jump Kick|p1a: Garchomp
|-damage|p1a: Garchomp|242\/420
|-damage|p2a: Lopunny|238\/271|[from] ability: Rough Skin|[of] p1a: Garchomp
|-damage|p2a: Lopunny|193\/271|[from] item: Rocky Helmet|[of] p1a: Garchomp
|
|turn|7
|
|move|p2a: Lopunny|Ice Punch|p1a: Garchomp
|-supereffective|p1a: Garchomp
|-damage|p1a: Garchomp|0 fnt
|-damage|p2a: Lopunny|160\/271|[from] ability: Rough Skin|[of] p1a: Garchomp
|-damage|p2a: Lopunny|115\/271|[from] item: Rocky Helmet|[of] p1a: Garchomp
|faint|p1a: Garchomp
|
|
|switch|p1a: Heracross|Heracross, M|301\/301
|turn|8
|
|detailschange|p1a: Heracross|Heracross-Mega, M
|message|Heracross has Mega Evolved into Mega Heracross!
|move|p2a: Lopunny|Return|p1a: Heracross
|-damage|p1a: Heracross|136\/301
|move|p1a: Heracross|Pin Missile|p2a: Lopunny
|-resisted|p2a: Lopunny
|-damage|p2a: Lopunny|82\/271
|-resisted|p2a: Lopunny
|-damage|p2a: Lopunny|50\/271
|-resisted|p2a: Lopunny
|-damage|p2a: Lopunny|18\/271
|-resisted|p2a: Lopunny
|-damage|p2a: Lopunny|0 fnt
|-hitcount|p2a: Lopunny|4
|faint|p2a: Lopunny
|
|
|switch|p2a: Gothitelle|Gothitelle, M|145\/301
|turn|9
|
|move|p2a: Gothitelle|Psychic|p1a: Heracross
|-crit|p1a: Heracross
|-supereffective|p1a: Heracross
|-damage|p1a: Heracross|0 fnt
|faint|p1a: Heracross
|
|
|switch|p1a: Madara|Bisharp, M|245\/272
|turn|10
|
|switch|p2a: Mandibuzz|Mandibuzz, F|424\/424
|move|p1a: Madara|Swords Dance|p1a: Madara
|-boost|p1a: Madara|atk|2
|
|turn|11
|
|move|p1a: Madara|Iron Head|p2a: Mandibuzz
|-damage|p2a: Mandibuzz|158\/424
|-damage|p1a: Madara|218\/272|[from] item: Life Orb
|move|p2a: Mandibuzz|Foul Play|p1a: Madara
|-resisted|p1a: Madara
|-damage|p1a: Madara|29\/272
|
|-heal|p2a: Mandibuzz|184\/424|[from] item: Leftovers
|turn|12
|
|move|p1a: Madara|Iron Head|p2a: Mandibuzz
|-damage|p2a: Mandibuzz|0 fnt
|-damage|p1a: Madara|2\/272|[from] item: Life Orb
|faint|p2a: Mandibuzz
|
|join|Alvadora
|
|switch|p2a: Gothitelle|Gothitelle, M|145\/301
|turn|13
|
|move|p2a: Gothitelle|Rest|p2a: Gothitelle
|-status|p2a: Gothitelle|slp
|-heal|p2a: Gothitelle|301\/301 slp|[silent]
|-status|p2a: Gothitelle|slp|[from] move: Rest
|move|p1a: Madara|Knock Off|p2a: Gothitelle
|-supereffective|p2a: Gothitelle
|-damage|p2a: Gothitelle|0 fnt
|-enditem|p2a: Gothitelle|Choice Scarf|[from] move: Knock Off|[of] p1a: Madara
|-damage|p1a: Madara|0 fnt|[from] item: Life Orb
|faint|p2a: Gothitelle
|faint|p1a: Madara
|
|
|switch|p2a: Heatran|Heatran, F|386\/386
|switch|p1a: Sylveon|Sylveon, M|390\/390
|turn|14
|
|move|p2a: Heatran|Protect|p2a: Heatran
|-singleturn|p2a: Heatran|Protect
|move|p1a: Sylveon|Hidden Power|p2a: Heatran
|-activate|p2a: Heatran|Protect
|
|turn|15
|
|switch|p2a: Rotom-Wash|Rotom-Wash|303\/303
|switch|p1a: Heatran|Heatran, F|323\/323
|-item|p1a: Heatran|Air Balloon
|
|turn|16
|
|switch|p1a: Sylveon|Sylveon, M|390\/390
|move|p2a: Rotom-Wash|Hydro Pump|p1a: Sylveon
|-damage|p1a: Sylveon|272\/390
|
|turn|17
|
|move|p2a: Rotom-Wash|Volt Switch|p1a: Sylveon
|-damage|p1a: Sylveon|208\/390
|
|switch|p2a: Heatran|Heatran, F|386\/386
|move|p1a: Sylveon|Hyper Voice|p2a: Heatran
|-resisted|p2a: Heatran
|-damage|p2a: Heatran|338\/386
|
|-heal|p2a: Heatran|362\/386|[from] item: Leftovers
|turn|18
|
|switch|p1a: Heatran|Heatran, F|323\/323
|-item|p1a: Heatran|Air Balloon
|move|p2a: Heatran|Stealth Rock|p1a: Heatran
|-sidestart|p1: subzeromk|move: Stealth Rock
|
|-heal|p2a: Heatran|386\/386|[from] item: Leftovers
|turn|19
|-message|subzeromk forfeited.
|
|win|lil manaphy
|raw|Ladder updating...
|leave|subzeromk
|player|p1
|raw|subzeromk's rating: 1687 &rarr; <strong>1667<\/strong><br \/>(-20 for losing)
|raw|lil manaphy's rating: 1685 &rarr; <strong>1705<\/strong><br \/>(+20 for winning)