|join|Aka DH
|join|subzeromk
|player|p1|Aka DH|288
|player|p2|subzeromk|20
|gametype|singles
|gen|6
|tier|OU
|rated
|clearpoke
|poke|p1|Bisharp, M
|poke|p1|Venusaur, M
|poke|p1|Heatran, M
|poke|p1|Keldeo
|poke|p1|Chansey, F
|poke|p1|Skarmory, F
|poke|p2|Sylveon, F
|poke|p2|Garchomp, M
|poke|p2|Heracross, M
|poke|p2|Breloom, F
|poke|p2|Bisharp, M
|poke|p2|Thundurus, M
|rule|Swagger Clause: Swagger is banned
|rule|Baton Pass Clause: Limit one Pokémon knowing Baton Pass
|rule|Sleep Clause Mod: Limit one foe put to sleep
|rule|Species Clause: Limit one of each Pokémon
|rule|OHKO Clause: OHKO moves are banned
|rule|Moody Clause: Moody is banned
|rule|Evasion Moves Clause: Evasion moves are banned
|rule|Endless Battle Clause: Forcing endless battles is banned
|rule|HP Percentage Mod: HP is shown in percentages
|teampreview
|join|Zenzo
|
|start
|switch|p1a: Heatran|Heatran, M|340\/340
|switch|p2a: Thundurus|Thundurus, M|299\/299
|-item|p1a: Heatran|Air Balloon
|turn|1
|
|move|p2a: Thundurus|Superpower|p1a: Heatran
|-supereffective|p1a: Heatran
|-damage|p1a: Heatran|135\/340
|-enditem|p1a: Heatran|Air Balloon
|-unboost|p2a: Thundurus|atk|1
|-unboost|p2a: Thundurus|def|1
|-damage|p2a: Thundurus|270\/299|[from] item: Life Orb
|move|p1a: Heatran|Stealth Rock|p2a: Thundurus
|-sidestart|p2: subzeromk|move: Stealth Rock
|
|turn|2
|
|switch|p1a: Venusaur|Venusaur, M|364\/364
|move|p2a: Thundurus|Thunderbolt|p1a: Venusaur
|-resisted|p1a: Venusaur
|-damage|p1a: Venusaur|270\/364
|-status|p1a: Venusaur|par
|-damage|p2a: Thundurus|241\/299|[from] item: Life Orb
|
|turn|3
|
|switch|p2a: Garchomp|Garchomp, M|419\/419
|-damage|p2a: Garchomp|393\/419|[from] Stealth Rock
|detailschange|p1a: Venusaur|Venusaur-Mega, M
|message|Venusaur has Mega Evolved into Mega Venusaur!
|move|p1a: Venusaur|Giga Drain|p2a: Garchomp
|-damage|p2a: Garchomp|267\/419
|-heal|p1a: Venusaur|333\/364 par|[from] drain|[of] p2a: Garchomp
|
|turn|4
|join|i came from leddit
|
|switch|p1a: Chansey|Chansey, F|684\/684
|move|p2a: Garchomp|Fire Blast|p1a: Chansey
|-damage|p1a: Chansey|644\/684
|
|turn|5
|
|move|p2a: Garchomp|Stealth Rock|p1a: Chansey
|-sidestart|p1: Aka DH|move: Stealth Rock
|move|p1a: Chansey|Aromatherapy|p1a: Chansey
|-cureteam|p1a: Chansey|[from] move: Aromatherapy
|
|turn|6
|
|move|p2a: Garchomp|Fire Blast|p1a: Chansey|[miss]
|-miss|p2a: Garchomp|p1a: Chansey
|move|p1a: Chansey|Thunder Wave|p2a: Garchomp
|-immune|p2a: Garchomp|[msg]
|
|turn|7
|
|move|p2a: Garchomp|Earthquake|p1a: Chansey
|-damage|p1a: Chansey|461\/684
|move|p1a: Chansey|Seismic Toss|p2a: Garchomp
|-damage|p2a: Garchomp|167\/419
|-damage|p1a: Chansey|376\/684|[from] ability: Rough Skin|[of] p2a: Garchomp
|-damage|p1a: Chansey|262\/684|[from] item: Rocky Helmet|[of] p2a: Garchomp
|
|turn|8
|
|switch|p2a: Heracross|Heracross, M|308\/308
|-damage|p2a: Heracross|270\/308|[from] Stealth Rock
|move|p1a: Chansey|Soft-Boiled|p1a: Chansey
|-heal|p1a: Chansey|604\/684
|
|turn|9
|join|Prankster
|
|switch|p1a: Heatran|Heatran, M|135\/340
|-damage|p1a: Heatran|93\/340|[from] Stealth Rock
|detailschange|p2a: Heracross|Heracross-Mega, M
|message|Heracross has Mega Evolved into Mega Heracross!
|move|p2a: Heracross|Close Combat|p1a: Heatran
|-crit|p1a: Heatran
|-supereffective|p1a: Heatran
|-damage|p1a: Heatran|0 fnt
|-unboost|p2a: Heracross|def|1
|-unboost|p2a: Heracross|spd|1
|faint|p1a: Heatran
|
|
|switch|p1a: Skarmory|Skarmory, F|334\/334
|-damage|p1a: Skarmory|293\/334|[from] Stealth Rock
|turn|10
|
|move|p2a: Heracross|Close Combat|p1a: Skarmory
|-damage|p1a: Skarmory|94\/334
|-damage|p2a: Heracross|219\/308|[from] item: Rocky Helmet|[of] p1a: Skarmory
|-unboost|p2a: Heracross|def|1
|-unboost|p2a: Heracross|spd|1
|move|p1a: Skarmory|Spikes|p2a: Heracross
|-sidestart|p2: subzeromk|Spikes
|
|turn|11
|
|move|p2a: Heracross|Close Combat|p1a: Skarmory
|-damage|p1a: Skarmory|0 fnt
|-damage|p2a: Heracross|168\/308|[from] item: Rocky Helmet|[of] p1a: Skarmory
|-unboost|p2a: Heracross|def|1
|-unboost|p2a: Heracross|spd|1
|faint|p1a: Skarmory
|
|
|switch|p1a: Keldeo|Keldeo|323\/323
|-damage|p1a: Keldeo|303\/323|[from] Stealth Rock
|turn|12
|
|switch|p2a: Garchomp|Garchomp, M|167\/419
|-damage|p2a: Garchomp|115\/419|[from] Spikes
|-damage|p2a: Garchomp|89\/419|[from] Stealth Rock
|move|p1a: Keldeo|Scald|p2a: Garchomp
|-damage|p2a: Garchomp|0 fnt
|faint|p2a: Garchomp
|
|-heal|p1a: Keldeo|323\/323|[from] item: Leftovers
|
|switch|p2a: Sylveon|Sylveon, F|393\/393
|-damage|p2a: Sylveon|344\/393|[from] Spikes
|-damage|p2a: Sylveon|295\/393|[from] Stealth Rock
|turn|13
|
|switch|p1a: Chansey|Chansey, F|604\/684
|-damage|p1a: Chansey|519\/684|[from] Stealth Rock
|switch|p2a: Heracross|Heracross-Mega, M|168\/308
|-damage|p2a: Heracross|130\/308|[from] Stealth Rock
|-damage|p2a: Heracross|92\/308|[from] Spikes
|
|turn|14
|
|move|p2a: Heracross|Close Combat|p1a: Chansey
|-supereffective|p1a: Chansey
|-damage|p1a: Chansey|0 fnt
|-unboost|p2a: Heracross|def|1
|-unboost|p2a: Heracross|spd|1
|faint|p1a: Chansey
|
|join|sugarhigh
|
|switch|p1a: Keldeo|Keldeo|323\/323
|-damage|p1a: Keldeo|303\/323|[from] Stealth Rock
|turn|15
|
|move|p1a: Keldeo|Scald|p2a: Heracross
|-crit|p2a: Heracross
|-damage|p2a: Heracross|0 fnt
|faint|p2a: Heracross
|
|-heal|p1a: Keldeo|323\/323|[from] item: Leftovers
|
|switch|p2a: Sylveon|Sylveon, F|295\/393
|-damage|p2a: Sylveon|246\/393|[from] Stealth Rock
|-damage|p2a: Sylveon|197\/393|[from] Spikes
|turn|16
|
|switch|p1a: Bisharp|Bisharp, M|334\/334
|-damage|p1a: Bisharp|314\/334|[from] Stealth Rock
|move|p2a: Sylveon|Psyshock|p1a: Bisharp
|-immune|p1a: Bisharp|[msg]
|
|-heal|p1a: Bisharp|334\/334|[from] item: Leftovers
|turn|17
|
|switch|p2a: Thundurus|Thundurus, M|241\/299
|-damage|p2a: Thundurus|167\/299|[from] Stealth Rock
|move|p1a: Bisharp|Knock Off|p2a: Thundurus
|-damage|p2a: Thundurus|0 fnt
|-enditem|p2a: Thundurus|Life Orb|[from] move: Knock Off|[of] p1a: Bisharp
|faint|p2a: Thundurus
|
|
|switch|p2a: Breloom|Breloom, F|262\/262
|-damage|p2a: Breloom|246\/262|[from] Stealth Rock
|-damage|p2a: Breloom|214\/262|[from] Spikes
|turn|18
|leave|sugarhigh
|
|switch|p1a: Venusaur|Venusaur-Mega, M|333\/364
|-damage|p1a: Venusaur|288\/364|[from] Stealth Rock
|move|p2a: Breloom|Swords Dance|p2a: Breloom
|-boost|p2a: Breloom|atk|2
|
|turn|19
|
|move|p2a: Breloom|Bullet Seed|p1a: Venusaur
|-resisted|p1a: Venusaur
|-damage|p1a: Venusaur|261\/364
|-resisted|p1a: Venusaur
|-damage|p1a: Venusaur|235\/364
|-resisted|p1a: Venusaur
|-damage|p1a: Venusaur|210\/364
|-resisted|p1a: Venusaur
|-damage|p1a: Venusaur|185\/364
|-hitcount|p1a: Venusaur|4
|-damage|p2a: Breloom|188\/262|[from] item: Life Orb
|move|p1a: Venusaur|Hidden Power|p2a: Breloom
|-supereffective|p2a: Breloom
|-damage|p2a: Breloom|28\/262
|
|turn|20
|-message|subzeromk forfeited.
|
|win|Aka DH
|raw|Ladder updating...
|join|dfgfdfdgdf
|leave|subzeromk
|player|p2
|leave|Zenzo
|raw|Aka DH's rating: 1698 &rarr; <strong>1716<\/strong><br \/>(+18 for winning)
|raw|subzeromk's rating: 1656 &rarr; <strong>1638<\/strong><br \/>(-18 for losing)
|leave|i came from leddit
|leave|dfgfdfdgdf