|join|dont know why
|join|subzeromk
|player|p1|dont know why|1
|player|p2|subzeromk|20
|gametype|singles
|gen|6
|tier|OU
|rated
|clearpoke
|poke|p1|Greninja, F
|poke|p1|Dragonite, M
|poke|p1|Excadrill, M
|poke|p1|Bisharp, M
|poke|p1|Diggersby, M
|poke|p1|Lopunny, M
|poke|p2|Sylveon, F
|poke|p2|Garchomp, M
|poke|p2|Heracross, F
|poke|p2|Breloom, F
|poke|p2|Bisharp, M
|poke|p2|Greninja, M
|rule|Swagger Clause: Swagger is banned
|rule|Baton Pass Clause: Limit one Pokémon knowing Baton Pass
|rule|Sleep Clause Mod: Limit one foe put to sleep
|rule|Species Clause: Limit one of each Pokémon
|rule|OHKO Clause: OHKO moves are banned
|rule|Moody Clause: Moody is banned
|rule|Evasion Moves Clause: Evasion moves are banned
|rule|Endless Battle Clause: Forcing endless battles is banned
|rule|HP Percentage Mod: HP is shown in percentages
|teampreview
|
|start
|switch|p1a: Lopunny|Lopunny, M|272\/272
|switch|p2a: Heracross|Heracross, F|308\/308
|turn|1
|
|switch|p2a: Garchomp|Garchomp, M|419\/419
|detailschange|p1a: Lopunny|Lopunny-Mega, M
|message|Lopunny has Mega Evolved into Mega Lopunny!
|move|p1a: Lopunny|Fake Out|p2a: Garchomp
|-damage|p2a: Garchomp|362\/419
|-damage|p1a: Lopunny|238\/272|[from] ability: Rough Skin|[of] p2a: Garchomp
|-damage|p1a: Lopunny|193\/272|[from] item: Rocky Helmet|[of] p2a: Garchomp
|
|turn|2
|
|switch|p1a: Greninja|Greninja, F|285\/285
|move|p2a: Garchomp|Stealth Rock|p1a: Greninja
|-sidestart|p1: dont know why|move: Stealth Rock
|
|turn|3
|
|switch|p2a: Sylveon|Sylveon, F|393\/393
|move|p1a: Greninja|Spikes|p2a: Sylveon
|-start|p1a: Greninja|typechange|Ground|[from] Protean
|-sidestart|p2: subzeromk|Spikes
|
|turn|4
|
|switch|p1a: Excadrill|Excadrill, M|362\/362
|-damage|p1a: Excadrill|351\/362|[from] Stealth Rock
|-ability|p1a: Excadrill|Mold Breaker
|move|p2a: Sylveon|Hyper Voice|p1a: Excadrill
|-resisted|p1a: Excadrill
|-damage|p1a: Excadrill|179\/362
|
|turn|5
|
|switch|p2a: Garchomp|Garchomp, M|362\/419
|-damage|p2a: Garchomp|310\/419|[from] Spikes
|move|p1a: Excadrill|Rapid Spin|p2a: Garchomp
|-damage|p2a: Garchomp|292\/419
|-damage|p1a: Excadrill|134\/362|[from] ability: Rough Skin|[of] p2a: Garchomp
|-damage|p1a: Excadrill|74\/362|[from] item: Rocky Helmet|[of] p2a: Garchomp
|-sideend|p1: dont know why|Stealth Rock|[from] move: Rapid Spin|[of] p1a: Excadrill
|
|turn|6
|c|★subzeromk|get the fuck out
|
|move|p1a: Excadrill|Stealth Rock|p2a: Garchomp
|-sidestart|p2: subzeromk|move: Stealth Rock
|move|p2a: Garchomp|Stealth Rock|p1a: Excadrill
|-sidestart|p1: dont know why|move: Stealth Rock
|
|turn|7
|c|★subzeromk|the rocks stay
|
|move|p1a: Excadrill|Earthquake|p2a: Garchomp
|-damage|p2a: Garchomp|150\/419
|move|p2a: Garchomp|Earthquake|p1a: Excadrill
|-supereffective|p1a: Excadrill
|-damage|p1a: Excadrill|0 fnt
|faint|p1a: Excadrill
|
|
|switch|p1a: Diggersby|Diggersby, M|311\/311
|-damage|p1a: Diggersby|292\/311|[from] Stealth Rock
|turn|8
|
|move|p1a: Diggersby|Return|p2a: Garchomp
|-crit|p2a: Garchomp
|-damage|p2a: Garchomp|0 fnt
|-damage|p1a: Diggersby|254\/311|[from] ability: Rough Skin|[of] p2a: Garchomp
|-damage|p1a: Diggersby|203\/311|[from] item: Rocky Helmet|[of] p2a: Garchomp
|-damage|p1a: Diggersby|172\/311|[from] item: Life Orb
|faint|p2a: Garchomp
|
|
|switch|p2a: Breloom|Breloom, F|262\/262
|-damage|p2a: Breloom|230\/262|[from] Spikes
|-damage|p2a: Breloom|214\/262|[from] Stealth Rock
|turn|9
|
|move|p2a: Breloom|Mach Punch|p1a: Diggersby
|-supereffective|p1a: Diggersby
|-damage|p1a: Diggersby|0 fnt
|-damage|p2a: Breloom|188\/262|[from] item: Life Orb
|faint|p1a: Diggersby
|
|
|switch|p1a: Dragonite|Dragonite, M|323\/323
|-damage|p1a: Dragonite|243\/323|[from] Stealth Rock
|turn|10
|
|switch|p2a: Madara|Bisharp, M|289\/289
|-damage|p2a: Madara|271\/289|[from] Stealth Rock
|-damage|p2a: Madara|235\/289|[from] Spikes
|move|p1a: Dragonite|Fire Punch|p2a: Madara
|-supereffective|p2a: Madara
|-damage|p2a: Madara|0 fnt
|faint|p2a: Madara
|
|
|switch|p2a: Greninja|Greninja, M|285\/285
|-damage|p2a: Greninja|250\/285|[from] Spikes
|-damage|p2a: Greninja|215\/285|[from] Stealth Rock
|turn|11
|
|switch|p1a: Bisharp|Bisharp, M|271\/271
|-damage|p1a: Bisharp|255\/271|[from] Stealth Rock
|move|p2a: Greninja|Hydro Pump|p1a: Bisharp
|-start|p2a: Greninja|typechange|Water|[from] Protean
|-damage|p1a: Bisharp|0 fnt
|-damage|p2a: Greninja|187\/285|[from] item: Life Orb
|faint|p1a: Bisharp
|
|
|switch|p1a: Lopunny|Lopunny-Mega, M|193\/272
|-damage|p1a: Lopunny|176\/272|[from] Stealth Rock
|turn|12
|
|move|p1a: Lopunny|Return|p2a: Greninja
|-damage|p2a: Greninja|0 fnt
|faint|p2a: Greninja
|
|
|switch|p2a: Heracross|Heracross, F|308\/308
|-damage|p2a: Heracross|270\/308|[from] Stealth Rock
|-damage|p2a: Heracross|232\/308|[from] Spikes
|turn|13
|
|detailschange|p2a: Heracross|Heracross-Mega, F
|message|Heracross has Mega Evolved into Mega Heracross!
|move|p1a: Lopunny|Return|p2a: Heracross
|-damage|p2a: Heracross|79\/308
|move|p2a: Heracross|Close Combat|p1a: Lopunny
|-supereffective|p1a: Lopunny
|-damage|p1a: Lopunny|0 fnt
|-unboost|p2a: Heracross|def|1
|-unboost|p2a: Heracross|spd|1
|faint|p1a: Lopunny
|
|
|switch|p1a: Dragonite|Dragonite, M|243\/323
|-damage|p1a: Dragonite|163\/323|[from] Stealth Rock
|turn|14
|
|move|p1a: Dragonite|Fire Punch|p2a: Heracross
|-supereffective|p2a: Heracross
|-damage|p2a: Heracross|0 fnt
|faint|p2a: Heracross
|
|
|switch|p2a: Sylveon|Sylveon, F|393\/393
|-damage|p2a: Sylveon|344\/393|[from] Spikes
|-damage|p2a: Sylveon|295\/393|[from] Stealth Rock
|turn|15
|
|move|p1a: Dragonite|Fire Punch|p2a: Sylveon
|-damage|p2a: Sylveon|81\/393
|move|p2a: Sylveon|Hyper Voice|p1a: Dragonite
|-supereffective|p1a: Dragonite
|-damage|p1a: Dragonite|0 fnt
|faint|p1a: Dragonite
|
|
|switch|p1a: Greninja|Greninja, F|285\/285
|-damage|p1a: Greninja|250\/285|[from] Stealth Rock
|turn|16
|
|move|p1a: Greninja|Hidden Power|p2a: Sylveon
|-start|p1a: Greninja|typechange|Fire|[from] Protean
|-damage|p2a: Sylveon|0 fnt
|-damage|p1a: Greninja|222\/285|[from] item: Life Orb
|faint|p2a: Sylveon
|
|
|switch|p2a: Breloom|Breloom, F|188\/262
|-damage|p2a: Breloom|156\/262|[from] Spikes
|-damage|p2a: Breloom|140\/262|[from] Stealth Rock
|turn|17
|
|move|p2a: Breloom|Mach Punch|p1a: Greninja
|-damage|p1a: Greninja|15\/285
|-damage|p2a: Breloom|114\/262|[from] item: Life Orb
|move|p1a: Greninja|Hidden Power|p2a: Breloom
|-supereffective|p2a: Breloom
|-damage|p2a: Breloom|0 fnt
|-damage|p1a: Greninja|0 fnt|[from] item: Life Orb
|faint|p2a: Breloom
|faint|p1a: Greninja
|
|win|dont know why
|raw|Ladder updating...
|leave|subzeromk
|player|p2
|raw|dont know why's rating: 1542 &rarr; <strong>1570<\/strong><br \/>(+28 for winning)
|raw|subzeromk's rating: 1686 &rarr; <strong>1658<\/strong><br \/>(-28 for losing)
|leave|dont know why
|player|p1
|join|dont know why