|join|subzeromk
|join|krystek
|player|p1|subzeromk|26
|player|p2|krystek|52
|gametype|singles
|gen|6
|tier|OU
|rated
|clearpoke
|poke|p1|Heracross, M
|poke|p1|Garchomp, M
|poke|p1|Sylveon, F
|poke|p1|Breloom, M
|poke|p1|Bisharp, M
|poke|p1|Heatran, M
|poke|p2|Sableye, M
|poke|p2|Talonflame, F
|poke|p2|Tentacruel, M
|poke|p2|Clefable, F
|poke|p2|Gliscor, M
|poke|p2|Gothitelle, M
|rule|Swagger Clause: Swagger is banned
|rule|Baton Pass Clause: Limit one Pokémon knowing Baton Pass
|rule|Sleep Clause Mod: Limit one foe put to sleep
|rule|Species Clause: Limit one of each Pokémon
|rule|OHKO Clause: OHKO moves are banned
|rule|Moody Clause: Moody is banned
|rule|Evasion Moves Clause: Evasion moves are banned
|rule|Endless Battle Clause: Forcing endless battles is banned
|rule|HP Percentage Mod: HP is shown in percentages
|teampreview
|join|Markastan
|c| Markastan|lol..
|c| Markastan|HI
|c|★krystek|nooon not sub
|c|★krystek|i was not ready yet
|c|★subzeromk|uhhh stall again :\/\/\/\/\/
|
|start
|switch|p1a: Heracross|Heracross, M|301\/301
|switch|p2a: Sableye|Sableye, M|304\/304
|turn|1
|c|★krystek|its too confused to be called stall yet
|
|switch|p1a: Heatran|Heatran, M|323\/323
|detailschange|p2a: Sableye|Sableye-Mega, M
|message|Sableye has Mega Evolved into Mega Sableye!
|move|p2a: Sableye|Knock Off|p1a: Heatran
|-damage|p1a: Heatran|236\/323
|-enditem|p1a: Heatran|Choice Specs|[from] move: Knock Off|[of] p2a: Sableye
|
|turn|2
|c| Markastan|we are together again
|
|switch|p2a: Gliscor|Gliscor, M|352\/352
|move|p1a: Heatran|Fire Blast|p2a: Gliscor
|-damage|p2a: Gliscor|171\/352
|
|-status|p2a: Gliscor|tox|[from] item: Toxic Orb
|turn|3
|
|switch|p2a: Talonflame|Talonflame, F|359\/359
|move|p1a: Heatran|Hidden Power|p2a: Talonflame
|-damage|p2a: Talonflame|298\/359
|
|-heal|p2a: Talonflame|320\/359|[from] item: Leftovers
|turn|4
|
|switch|p2a: Gliscor|Gliscor, M|171\/352 tox
|switch|p1a: Garchomp|Garchomp, M|420\/420
|
|-heal|p2a: Gliscor|215\/352 tox|[from] ability: Poison Heal
|turn|5
|
|switch|p2a: Sableye|Sableye-Mega, M|304\/304
|move|p1a: Garchomp|Stealth Rock|p2a: Sableye
|move|p2a: Sableye|Stealth Rock|p1a: Garchomp|[from]Magic Bounce
|-sidestart|p1: subzeromk|move: Stealth Rock
|
|turn|6
|c|★subzeromk|shit
|c|★subzeromk|forgot you megad
|
|switch|p1a: Sylveon|Sylveon, F|390\/390
|-damage|p1a: Sylveon|342\/390|[from] Stealth Rock
|move|p2a: Sableye|Knock Off|p1a: Sylveon
|-resisted|p1a: Sylveon
|-damage|p1a: Sylveon|281\/390
|-enditem|p1a: Sylveon|Choice Specs|[from] move: Knock Off|[of] p2a: Sableye
|
|turn|7
|c|★krystek|choice spec as well
|
|switch|p2a: Talonflame|Talonflame, F|320\/359
|move|p1a: Sylveon|Psyshock|p2a: Talonflame
|-damage|p2a: Talonflame|189\/359
|
|-heal|p2a: Talonflame|211\/359|[from] item: Leftovers
|turn|8
|
|move|p2a: Talonflame|Roost|p2a: Talonflame
|-heal|p2a: Talonflame|359\/359
|move|p1a: Sylveon|Hidden Power|p2a: Talonflame
|-supereffective|p2a: Talonflame
|-damage|p2a: Talonflame|229\/359
|
|-heal|p2a: Talonflame|251\/359|[from] item: Leftovers
|turn|9
|
|switch|p1a: Garchomp|Garchomp, M|420\/420
|-damage|p1a: Garchomp|394\/420|[from] Stealth Rock
|move|p2a: Talonflame|Will-O-Wisp|p1a: Garchomp
|-status|p1a: Garchomp|brn
|
|-heal|p2a: Talonflame|273\/359|[from] item: Leftovers
|-damage|p1a: Garchomp|342\/420 brn|[from] brn
|turn|10
|
|switch|p2a: Sableye|Sableye-Mega, M|304\/304
|switch|p1a: Heracross|Heracross, M|301\/301
|-damage|p1a: Heracross|264\/301|[from] Stealth Rock
|
|turn|11
|
|switch|p1a: Heatran|Heatran, M|236\/323
|-damage|p1a: Heatran|196\/323|[from] Stealth Rock
|switch|p2a: Talonflame|Talonflame, F|273\/359
|
|-heal|p2a: Talonflame|295\/359|[from] item: Leftovers
|turn|12
|
|move|p2a: Talonflame|Brave Bird|p1a: Heatran
|-resisted|p1a: Heatran
|-damage|p1a: Heatran|142\/323
|-damage|p2a: Talonflame|277\/359|[from] recoil|[of] p1a: Heatran
|move|p1a: Heatran|Fire Blast|p2a: Talonflame
|-resisted|p2a: Talonflame
|-damage|p2a: Talonflame|189\/359
|
|-heal|p2a: Talonflame|211\/359|[from] item: Leftovers
|turn|13
|
|switch|p2a: Gliscor|Gliscor, M|215\/352 tox
|move|p1a: Heatran|Earth Power|p2a: Gliscor
|-immune|p2a: Gliscor|[msg]
|
|-heal|p2a: Gliscor|259\/352 tox|[from] ability: Poison Heal
|turn|14
|
|move|p1a: Heatran|Hidden Power|p2a: Gliscor
|-supereffective|p2a: Gliscor
|-damage|p2a: Gliscor|0 fnt
|faint|p2a: Gliscor
|
|
|switch|p2a: Gothitelle|Gothitelle, M|281\/281
|turn|15
|
|move|p2a: Gothitelle|Trick|p1a: Heatran
|-activate|p2a: Gothitelle|move: Trick|[of] p1a: Heatran
|-item|p1a: Heatran|Choice Scarf|[from] move: Trick
|move|p1a: Heatran|Fire Blast|p2a: Gothitelle
|-damage|p2a: Gothitelle|94\/281
|
|turn|16
|
|switch|p2a: Talonflame|Talonflame, F|211\/359
|move|p1a: Heatran|Fire Blast|p2a: Talonflame
|-crit|p2a: Talonflame
|-resisted|p2a: Talonflame
|-damage|p2a: Talonflame|73\/359
|
|-heal|p2a: Talonflame|95\/359|[from] item: Leftovers
|turn|17
|
|switch|p1a: Madara|Bisharp, M|272\/272
|-damage|p1a: Madara|255\/272|[from] Stealth Rock
|move|p2a: Talonflame|Roost|p2a: Talonflame
|-heal|p2a: Talonflame|275\/359
|
|-heal|p2a: Talonflame|297\/359|[from] item: Leftovers
|turn|18
|
|move|p2a: Talonflame|Will-O-Wisp|p1a: Madara
|-status|p1a: Madara|brn
|move|p1a: Madara|Knock Off|p2a: Talonflame
|-damage|p2a: Talonflame|144\/359
|-enditem|p2a: Talonflame|Leftovers|[from] move: Knock Off|[of] p1a: Madara
|-damage|p1a: Madara|228\/272 brn|[from] item: Life Orb
|
|-damage|p1a: Madara|194\/272 brn|[from] brn
|turn|19
|
|move|p2a: Talonflame|Roost|p2a: Talonflame
|-heal|p2a: Talonflame|324\/359
|move|p1a: Madara|Swords Dance|p1a: Madara
|-boost|p1a: Madara|atk|2
|
|-damage|p1a: Madara|160\/272 brn|[from] brn
|turn|20
|
|switch|p2a: Sableye|Sableye-Mega, M|304\/304
|move|p1a: Madara|Knock Off|p2a: Sableye
|-damage|p2a: Sableye|201\/304
|-damage|p1a: Madara|133\/272 brn|[from] item: Life Orb
|
|-damage|p1a: Madara|99\/272 brn|[from] brn
|turn|21
|
|move|p1a: Madara|Iron Head|p2a: Sableye
|-crit|p2a: Sableye
|-damage|p2a: Sableye|5\/304
|-damage|p1a: Madara|72\/272 brn|[from] item: Life Orb
|cant|p2a: Sableye|flinch
|
|-damage|p1a: Madara|38\/272 brn|[from] brn
|turn|22
|c| Markastan|woo
|c|★krystek|....
|
|move|p1a: Madara|Knock Off|p2a: Sableye
|-damage|p2a: Sableye|0 fnt
|-damage|p1a: Madara|11\/272 brn|[from] item: Life Orb
|faint|p2a: Sableye
|
|-damage|p1a: Madara|0 fnt|[from] brn
|faint|p1a: Madara
|
|switch|p2a: Talonflame|Talonflame, F|324\/359
|switch|p1a: Garchomp|Garchomp, M|342\/420 brn
|-damage|p1a: Garchomp|316\/420 brn|[from] Stealth Rock
|turn|23
|
|move|p2a: Talonflame|Taunt|p1a: Garchomp
|-start|p1a: Garchomp|move: Taunt
|cant|p1a: Garchomp|move: Taunt|Stealth Rock
|
|-damage|p1a: Garchomp|264\/420 brn|[from] brn
|turn|24
|
|switch|p2a: Gothitelle|Gothitelle, M|94\/281
|switch|p1a: Sylveon|Sylveon, F|281\/390
|-damage|p1a: Sylveon|233\/390|[from] Stealth Rock
|
|turn|25
|
|move|p2a: Gothitelle|Calm Mind|p2a: Gothitelle
|-boost|p2a: Gothitelle|spa|1
|-boost|p2a: Gothitelle|spd|1
|move|p1a: Sylveon|Hyper Voice|p2a: Gothitelle
|-damage|p2a: Gothitelle|0 fnt
|faint|p2a: Gothitelle
|
|
|switch|p2a: Tentacruel|Tentacruel, M|363\/363
|turn|26
|
|move|p2a: Tentacruel|Acid Spray|p1a: Sylveon
|-supereffective|p1a: Sylveon
|-damage|p1a: Sylveon|173\/390
|-unboost|p1a: Sylveon|spd|2
|move|p1a: Sylveon|Psyshock|p2a: Tentacruel
|-crit|p2a: Tentacruel
|-supereffective|p2a: Tentacruel
|-damage|p2a: Tentacruel|0 fnt
|faint|p2a: Tentacruel
|
|c|★subzeromk|wow ummmmmm
|c|★krystek|whats wrong today
|
|switch|p2a: Clefable|Clefable, F|394\/394
|turn|27
|
|switch|p1a: Heatran|Heatran, M|142\/323
|-damage|p1a: Heatran|102\/323|[from] Stealth Rock
|move|p2a: Clefable|Moonblast|p1a: Heatran
|-resisted|p1a: Heatran
|-damage|p1a: Heatran|77\/323
|
|turn|28
|
|move|p2a: Clefable|Protect|p2a: Clefable
|-singleturn|p2a: Clefable|Protect
|move|p1a: Heatran|Flash Cannon|p2a: Clefable
|-activate|p2a: Clefable|Protect
|
|turn|29
|
|switch|p2a: Talonflame|Talonflame, F|324\/359
|move|p1a: Heatran|Flash Cannon|p2a: Talonflame
|-resisted|p2a: Talonflame
|-damage|p2a: Talonflame|261\/359
|
|turn|30
|
|move|p2a: Talonflame|Brave Bird|p1a: Heatran
|-resisted|p1a: Heatran
|-damage|p1a: Heatran|23\/323
|-damage|p2a: Talonflame|243\/359|[from] recoil|[of] p1a: Heatran
|move|p1a: Heatran|Flash Cannon|p2a: Talonflame
|-resisted|p2a: Talonflame
|-damage|p2a: Talonflame|180\/359
|
|turn|31
|
|move|p2a: Talonflame|Roost|p2a: Talonflame
|-heal|p2a: Talonflame|359\/359
|move|p1a: Heatran|Flash Cannon|p2a: Talonflame
|-resisted|p2a: Talonflame
|-damage|p2a: Talonflame|300\/359
|-unboost|p2a: Talonflame|spd|1
|
|turn|32
|
|switch|p1a: Garchomp|Garchomp, M|264\/420 brn
|-damage|p1a: Garchomp|238\/420 brn|[from] Stealth Rock
|move|p2a: Talonflame|Brave Bird|p1a: Garchomp
|-damage|p1a: Garchomp|145\/420 brn
|-damage|p2a: Talonflame|256\/359|[from] ability: Rough Skin|[of] p1a: Garchomp
|-damage|p2a: Talonflame|197\/359|[from] item: Rocky Helmet|[of] p1a: Garchomp
|-damage|p2a: Talonflame|166\/359|[from] recoil|[of] p1a: Garchomp
|
|-damage|p1a: Garchomp|93\/420 brn|[from] brn
|turn|33
|
|move|p2a: Talonflame|Roost|p2a: Talonflame
|-heal|p2a: Talonflame|346\/359
|move|p1a: Garchomp|Stealth Rock|p2a: Talonflame
|-sidestart|p2: krystek|move: Stealth Rock
|
|-damage|p1a: Garchomp|41\/420 brn|[from] brn
|turn|34
|
|move|p2a: Talonflame|Brave Bird|p1a: Garchomp
|-damage|p1a: Garchomp|0 fnt
|-damage|p2a: Talonflame|302\/359|[from] ability: Rough Skin|[of] p1a: Garchomp
|-damage|p2a: Talonflame|243\/359|[from] item: Rocky Helmet|[of] p1a: Garchomp
|-damage|p2a: Talonflame|229\/359|[from] recoil|[of] p1a: Garchomp
|faint|p1a: Garchomp
|
|
|switch|p1a: Breloom|Breloom, M|262\/262
|-damage|p1a: Breloom|246\/262|[from] Stealth Rock
|turn|35
|
|move|p2a: Talonflame|Brave Bird|p1a: Breloom
|-supereffective|p1a: Breloom
|-damage|p1a: Breloom|0 fnt
|-damage|p2a: Talonflame|148\/359|[from] recoil|[of] p1a: Breloom
|faint|p1a: Breloom
|
|
|switch|p1a: Heracross|Heracross, M|264\/301
|-damage|p1a: Heracross|227\/301|[from] Stealth Rock
|turn|36
|
|move|p2a: Talonflame|Brave Bird|p1a: Heracross
|-supereffective|p1a: Heracross
|-damage|p1a: Heracross|0 fnt
|-damage|p2a: Talonflame|73\/359|[from] recoil|[of] p1a: Heracross
|faint|p1a: Heracross
|
|c|★subzeromk|gah
|c|★subzeromk|gg
|-message|subzeromk forfeited.
|
|win|krystek
|raw|Ladder updating...
|leave|subzeromk
|player|p1
|c|★krystek|gg
|raw|subzeromk's rating: 1697 &rarr; <strong>1665<\/strong><br \/>(-32 for losing)
|raw|krystek's rating: 1453 &rarr; <strong>1485<\/strong><br \/>(+32 for winning)
|c| Markastan|lol he got his revenge
|c|★krystek|COME ON
|c|★krystek|im proud of myself
|c|★krystek|hax was against me
|c| Markastan|good
|c| Markastan|job
|c|★krystek|but i did it
|c|★krystek|im gonna have a shower