|join|lil manaphy
|join|subzeromk
|player|p1|lil manaphy|4
|player|p2|subzeromk|20
|gametype|singles
|gen|6
|tier|OU
|rated
|clearpoke
|poke|p1|Lopunny, F
|poke|p1|Gothitelle, F
|poke|p1|Rotom-Wash
|poke|p1|Celebi
|poke|p1|Heatran, M
|poke|p1|Mandibuzz, F
|poke|p2|Garchomp, M
|poke|p2|Landorus, M
|poke|p2|Gardevoir, F, shiny
|poke|p2|Breloom, M
|poke|p2|Bisharp, M
|poke|p2|Latias, F
|rule|Swagger Clause: Swagger is banned
|rule|Baton Pass Clause: Limit one Pokémon knowing Baton Pass
|rule|Sleep Clause Mod: Limit one foe put to sleep
|rule|Species Clause: Limit one of each Pokémon
|rule|OHKO Clause: OHKO moves are banned
|rule|Moody Clause: Moody is banned
|rule|Evasion Moves Clause: Evasion moves are banned
|rule|Endless Battle Clause: Forcing endless battles is banned
|rule|HP Percentage Mod: HP is shown in percentages
|teampreview
|
|start
|switch|p1a: Lopunny|Lopunny, F|271\/271
|switch|p2a: Hilda|Gardevoir, F, shiny|314\/314
|-ability|p2a: Hilda|Limber|[from] ability: Trace|[of] p1a: Lopunny
|turn|1
|
|switch|p2a: Kisame|Garchomp, M|419\/419
|detailschange|p1a: Lopunny|Lopunny-Mega, F
|-mega|p1a: Lopunny|Lopunny|Lopunnite
|move|p1a: Lopunny|Ice Punch|p2a: Kisame
|-supereffective|p2a: Kisame
|-damage|p2a: Kisame|127\/419
|-damage|p1a: Lopunny|238\/271|[from] ability: Rough Skin|[of] p2a: Kisame
|-damage|p1a: Lopunny|193\/271|[from] item: Rocky Helmet|[of] p2a: Kisame
|
|turn|2
|join|Eric Wrona
|
|move|p1a: Lopunny|Ice Punch|p2a: Kisame
|-supereffective|p2a: Kisame
|-damage|p2a: Kisame|0 fnt
|-damage|p1a: Lopunny|160\/271|[from] ability: Rough Skin|[of] p2a: Kisame
|-damage|p1a: Lopunny|115\/271|[from] item: Rocky Helmet|[of] p2a: Kisame
|faint|p2a: Kisame
|
|
|switch|p2a: Hilda|Gardevoir, F, shiny|314\/314
|-ability|p2a: Hilda|Scrappy|[from] ability: Trace|[of] p1a: Lopunny
|turn|3
|
|detailschange|p2a: Hilda|Gardevoir-Mega, F, shiny
|-mega|p2a: Hilda|Gardevoir|Gardevoirite
|move|p1a: Lopunny|Return|p2a: Hilda
|-damage|p2a: Hilda|64\/314
|move|p2a: Hilda|Psyshock|p1a: Lopunny
|-supereffective|p1a: Lopunny
|-damage|p1a: Lopunny|0 fnt
|faint|p1a: Lopunny
|
|
|switch|p1a: Heatran|Heatran, M|383\/383
|turn|4
|
|switch|p2a: Latias|Latias, F|301\/301
|move|p1a: Heatran|Lava Plume|p2a: Latias
|-resisted|p2a: Latias
|-damage|p2a: Latias|253\/301
|-status|p2a: Latias|brn
|
|-damage|p2a: Latias|216\/301 brn|[from] brn
|turn|5
|
|move|p2a: Latias|Draco Meteor|p1a: Heatran
|-resisted|p1a: Heatran
|-damage|p1a: Heatran|289\/383
|-unboost|p2a: Latias|spa|2
|-damage|p2a: Latias|186\/301 brn|[from] item: Life Orb
|move|p1a: Heatran|Stealth Rock|p2a: Latias
|-sidestart|p2: subzeromk|move: Stealth Rock
|
|-heal|p1a: Heatran|312\/383|[from] item: Leftovers
|-damage|p2a: Latias|149\/301 brn|[from] brn
|turn|6
|
|move|p2a: Latias|Healing Wish|p2a: Latias
|faint|p2a: Latias
|move|p1a: Heatran|Stealth Rock|p2: Latias
|-fail|p2: Latias
|
|-heal|p1a: Heatran|335\/383|[from] item: Leftovers
|
|switch|p2a: Hilda|Gardevoir-Mega, F, shiny|64\/314
|-heal|p2a: Hilda|314\/314|[from] move: Healing Wish
|-damage|p2a: Hilda|275\/314|[from] Stealth Rock
|turn|7
|
|move|p2a: Hilda|Hidden Power|p1a: Heatran
|-supereffective|p1a: Heatran
|-damage|p1a: Heatran|51\/383
|move|p1a: Heatran|Lava Plume|p2a: Hilda
|-damage|p2a: Hilda|178\/314
|
|-heal|p1a: Heatran|74\/383|[from] item: Leftovers
|turn|8
|
|move|p1a: Heatran|Protect|p1a: Heatran
|-singleturn|p1a: Heatran|Protect
|move|p2a: Hilda|Hidden Power|p1a: Heatran
|-activate|p1a: Heatran|Protect
|
|-heal|p1a: Heatran|97\/383|[from] item: Leftovers
|turn|9
|
|switch|p1a: Celebi|Celebi|404\/404
|move|p2a: Hilda|Hidden Power|p1a: Celebi
|-resisted|p1a: Celebi
|-damage|p1a: Celebi|369\/404
|
|-heal|p1a: Celebi|394\/404|[from] item: Leftovers
|turn|10
|
|move|p2a: Hilda|Hyper Voice|p1a: Celebi
|-damage|p1a: Celebi|204\/404
|move|p1a: Celebi|Giga Drain|p2a: Hilda
|-damage|p2a: Hilda|111\/314
|-heal|p1a: Celebi|238\/404|[from] drain|[of] p2a: Hilda
|
|-heal|p1a: Celebi|263\/404|[from] item: Leftovers
|turn|11
|
|move|p2a: Hilda|Hyper Voice|p1a: Celebi
|-damage|p1a: Celebi|52\/404
|move|p1a: Celebi|Recover|p1a: Celebi
|-heal|p1a: Celebi|254\/404
|
|-heal|p1a: Celebi|279\/404|[from] item: Leftovers
|turn|12
|
|move|p2a: Hilda|Hyper Voice|p1a: Celebi
|-damage|p1a: Celebi|92\/404
|move|p1a: Celebi|Giga Drain|p2a: Hilda
|-damage|p2a: Hilda|42\/314
|-heal|p1a: Celebi|127\/404|[from] drain|[of] p2a: Hilda
|
|-heal|p1a: Celebi|152\/404|[from] item: Leftovers
|turn|13
|
|switch|p1a: Heatran|Heatran, M|97\/383
|move|p2a: Hilda|Hyper Voice|p1a: Heatran
|-resisted|p1a: Heatran
|-damage|p1a: Heatran|54\/383
|
|-heal|p1a: Heatran|77\/383|[from] item: Leftovers
|turn|14
|
|move|p1a: Heatran|Protect|p1a: Heatran
|-singleturn|p1a: Heatran|Protect
|move|p2a: Hilda|Hidden Power|p1a: Heatran
|-activate|p1a: Heatran|Protect
|
|-heal|p1a: Heatran|100\/383|[from] item: Leftovers
|turn|15
|
|move|p2a: Hilda|Hidden Power|p1a: Heatran
|-supereffective|p1a: Heatran
|-damage|p1a: Heatran|0 fnt
|faint|p1a: Heatran
|
|
|switch|p1a: Rotom-Wash|Rotom-Wash|303\/303
|turn|16
|
|move|p2a: Hilda|Hyper Voice|p1a: Rotom-Wash
|-damage|p1a: Rotom-Wash|59\/303
|move|p1a: Rotom-Wash|Volt Switch|p2a: Hilda
|-damage|p2a: Hilda|0 fnt
|faint|p2a: Hilda
|
|switch|p1a: Mandibuzz|Mandibuzz, F|424\/424
|
|
|switch|p2a: Madara|Bisharp, M|334\/334
|-damage|p2a: Madara|314\/334|[from] Stealth Rock
|turn|17
|
|move|p1a: Mandibuzz|Foul Play|p2a: Madara
|-resisted|p2a: Madara
|-damage|p2a: Madara|221\/334
|move|p2a: Madara|Knock Off|p1a: Mandibuzz
|-resisted|p1a: Mandibuzz
|-damage|p1a: Mandibuzz|347\/424
|-enditem|p1a: Mandibuzz|Leftovers|[from] move: Knock Off|[of] p2a: Madara
|
|turn|18
|
|move|p1a: Mandibuzz|Foul Play|p2a: Madara
|-resisted|p2a: Madara
|-damage|p2a: Madara|123\/334
|move|p2a: Madara|Iron Head|p1a: Mandibuzz
|-damage|p1a: Mandibuzz|247\/424
|
|turn|19
|
|move|p1a: Mandibuzz|Roost|p1a: Mandibuzz
|-heal|p1a: Mandibuzz|424\/424
|move|p2a: Madara|Iron Head|p1a: Mandibuzz
|-damage|p1a: Mandibuzz|310\/424
|
|turn|20
|
|move|p1a: Mandibuzz|Foul Play|p2a: Madara
|-resisted|p2a: Madara
|-damage|p2a: Madara|37\/334
|move|p2a: Madara|Iron Head|p1a: Mandibuzz
|-damage|p1a: Mandibuzz|205\/424
|
|turn|21
|
|move|p1a: Mandibuzz|Roost|p1a: Mandibuzz
|-heal|p1a: Mandibuzz|417\/424
|move|p2a: Madara|Iron Head|p1a: Mandibuzz
|-damage|p1a: Mandibuzz|312\/424
|
|turn|22
|
|move|p1a: Mandibuzz|Foul Play|p2a: Madara
|-resisted|p2a: Madara
|-damage|p2a: Madara|0 fnt
|faint|p2a: Madara
|
|
|switch|p2a: Kensei|Breloom, M|262\/262
|-damage|p2a: Kensei|246\/262|[from] Stealth Rock
|turn|23
|
|switch|p1a: Celebi|Celebi|152\/404
|move|p2a: Kensei|Swords Dance|p2a: Kensei
|-boost|p2a: Kensei|atk|2
|
|-heal|p1a: Celebi|177\/404|[from] item: Leftovers
|turn|24
|
|move|p1a: Celebi|Baton Pass|p1a: Celebi
|
|switch|p1a: Rotom-Wash|Rotom-Wash|59\/303
|move|p2a: Kensei|Bullet Seed|p1a: Rotom-Wash
|-supereffective|p1a: Rotom-Wash
|-damage|p1a: Rotom-Wash|0 fnt
|-hitcount|p1a: Rotom-Wash|1
|-damage|p2a: Kensei|220\/262|[from] item: Life Orb
|faint|p1a: Rotom-Wash
|
|
|switch|p1a: Gothitelle|Gothitelle, F|301\/301
|turn|25
|
|move|p2a: Kensei|Mach Punch|p1a: Gothitelle
|-crit|p1a: Gothitelle
|-resisted|p1a: Gothitelle
|-damage|p1a: Gothitelle|67\/301
|-damage|p2a: Kensei|194\/262|[from] item: Life Orb
|move|p1a: Gothitelle|Psychic|p2a: Kensei
|-supereffective|p2a: Kensei
|-damage|p2a: Kensei|0 fnt
|faint|p2a: Kensei
|
|
|switch|p2a: Ugo|Landorus, M|319\/319
|-damage|p2a: Ugo|280\/319|[from] Stealth Rock
|turn|26
|
|move|p1a: Gothitelle|Psychic|p2a: Ugo
|-damage|p2a: Ugo|115\/319
|move|p2a: Ugo|Sludge Wave|p1a: Gothitelle
|-damage|p1a: Gothitelle|0 fnt
|faint|p1a: Gothitelle
|
|
|switch|p1a: Mandibuzz|Mandibuzz, F|312\/424
|turn|27
|
|move|p2a: Ugo|Focus Blast|p1a: Mandibuzz
|-damage|p1a: Mandibuzz|78\/424
|move|p1a: Mandibuzz|Foul Play|p2a: Ugo
|-damage|p2a: Ugo|0 fnt
|faint|p2a: Ugo
|
|win|lil manaphy
|raw|Ladder updating...
|raw|lil manaphy's rating: 1754 &rarr; <strong>1772<\/strong><br \/>(+18 for winning)
|raw|subzeromk's rating: 1722 &rarr; <strong>1704<\/strong><br \/>(-18 for losing)
|leave|subzeromk