|join|Reverb
|join|pikapooper
|player|p1|Reverb|#reverb
|player|p2|pikapooper|170
|gametype|singles
|gen|6
|tier|OU
|rated
|clearpoke
|poke|p1|Metagross
|poke|p1|Heatran, M
|poke|p1|Landorus-Therian, M
|poke|p1|Rotom-Wash
|poke|p1|Keldeo-Resolute
|poke|p1|Gengar, F
|poke|p2|Terrakion
|poke|p2|Alakazam, F
|poke|p2|Azumarill, F
|poke|p2|Landorus-Therian, M
|poke|p2|Mew
|poke|p2|Magnezone
|rule|Swagger Clause: Swagger is banned
|rule|Baton Pass Clause: Limit one Pokémon knowing Baton Pass
|rule|Sleep Clause Mod: Limit one foe put to sleep
|rule|Species Clause: Limit one of each Pokémon
|rule|OHKO Clause: OHKO moves are banned
|rule|Moody Clause: Moody is banned
|rule|Evasion Moves Clause: Evasion moves are banned
|rule|Endless Battle Clause: Forcing endless battles is banned
|rule|HP Percentage Mod: HP is shown in percentages
|teampreview
|join|jhkhjhkh
|
|start
|switch|p1a: Keldeo-Resolute|Keldeo-Resolute|323\/323
|switch|p2a: Terrakion|Terrakion|323\/323
|turn|1
|
|move|p2a: Terrakion|Stealth Rock|p1a: Keldeo-Resolute
|-sidestart|p1: Reverb|move: Stealth Rock
|move|p1a: Keldeo-Resolute|Scald|p2a: Terrakion
|-supereffective|p2a: Terrakion
|-enditem|p2a: Terrakion|Focus Sash
|-damage|p2a: Terrakion|1\/323
|-status|p2a: Terrakion|brn
|
|-damage|p2a: Terrakion|0 fnt|[from] brn
|faint|p2a: Terrakion
|
|switch|p2a: Alakazam|Alakazam, F|251\/251
|turn|2
|
|switch|p1a: Heatran|Heatran, M|385\/385
|-damage|p1a: Heatran|337\/385|[from] Stealth Rock
|detailschange|p2a: Alakazam|Alakazam-Mega, F
|-mega|p2a: Alakazam|Alakazam|Alakazite
|-ability|p2a: Alakazam|Flash Fire|[from] ability: Trace|[of] p1a: Heatran
|move|p2a: Alakazam|Psyshock|p1a: Heatran
|-resisted|p1a: Heatran
|-damage|p1a: Heatran|238\/385
|
|-heal|p1a: Heatran|262\/385|[from] item: Leftovers
|turn|3
|join|PragaSV
|
|switch|p1a: Landorus-Therian|Landorus-Therian, M|327\/327
|-damage|p1a: Landorus-Therian|287\/327|[from] Stealth Rock
|-ability|p1a: Landorus-Therian|Intimidate|[of] p2a: Alakazam
|-unboost|p2a: Alakazam|atk|1
|move|p2a: Alakazam|Focus Blast|p1a: Landorus-Therian
|-resisted|p1a: Landorus-Therian
|-damage|p1a: Landorus-Therian|168\/327
|
|turn|4
|c| PragaSV|6-0
|
|switch|p2a: Landorus-Therian|Landorus-Therian, M|319\/319
|-ability|p2a: Landorus-Therian|Intimidate|[of] p1a: Landorus-Therian
|-unboost|p1a: Landorus-Therian|atk|1
|move|p1a: Landorus-Therian|U-turn|p2a: Landorus-Therian
|-resisted|p2a: Landorus-Therian
|-damage|p2a: Landorus-Therian|287\/319
|join|mouse de frank
|
|switch|p1a: Rotom-Wash|Rotom-Wash|303\/303
|-damage|p1a: Rotom-Wash|266\/303|[from] Stealth Rock
|
|-heal|p1a: Rotom-Wash|284\/303|[from] item: Leftovers
|turn|5
|leave|PragaSV
|
|move|p2a: Landorus-Therian|U-turn|p1a: Rotom-Wash
|-damage|p1a: Rotom-Wash|212\/303
|
|switch|p2a: Mew|Mew|341\/341
|move|p1a: Rotom-Wash|Volt Switch|p2a: Mew
|-damage|p2a: Mew|254\/341
|
|switch|p1a: Gengar|Gengar, F|261\/261
|-damage|p1a: Gengar|229\/261|[from] Stealth Rock
|
|turn|6
|
|move|p1a: Gengar|Shadow Ball|p2a: Mew
|-supereffective|p2a: Mew
|-damage|p2a: Mew|0 fnt
|-damage|p1a: Gengar|203\/261|[from] item: Life Orb
|faint|p2a: Mew
|
|
|switch|p2a: Alakazam|Alakazam-Mega, F|251\/251
|-ability|p2a: Alakazam|Levitate|[from] ability: Trace|[of] p1a: Gengar
|turn|7
|
|switch|p1a: Metagross|Metagross|301\/301
|-damage|p1a: Metagross|283\/301|[from] Stealth Rock
|move|p2a: Alakazam|Shadow Ball|p1a: Metagross
|-supereffective|p1a: Metagross
|-damage|p1a: Metagross|0 fnt
|faint|p1a: Metagross
|
|leave|jhkhjhkh
|
|switch|p1a: Landorus-Therian|Landorus-Therian, M|168\/327
|-damage|p1a: Landorus-Therian|128\/327|[from] Stealth Rock
|-ability|p1a: Landorus-Therian|Intimidate|[of] p2a: Alakazam
|-unboost|p2a: Alakazam|atk|1
|turn|8
|
|switch|p2a: Landorus-Therian|Landorus-Therian, M|287\/319
|-ability|p2a: Landorus-Therian|Intimidate|[of] p1a: Landorus-Therian
|-unboost|p1a: Landorus-Therian|atk|1
|move|p1a: Landorus-Therian|U-turn|p2a: Landorus-Therian
|-resisted|p2a: Landorus-Therian
|-damage|p2a: Landorus-Therian|255\/319
|
|switch|p1a: Rotom-Wash|Rotom-Wash|212\/303
|-damage|p1a: Rotom-Wash|175\/303|[from] Stealth Rock
|
|-heal|p1a: Rotom-Wash|193\/303|[from] item: Leftovers
|turn|9
|
|move|p2a: Landorus-Therian|U-turn|p1a: Rotom-Wash
|-damage|p1a: Rotom-Wash|122\/303
|join|kuroneko urusai64
|
|switch|p2a: Magnezone|Magnezone|281\/281
|move|p1a: Rotom-Wash|Hydro Pump|p2a: Magnezone|[miss]
|-miss|p1a: Rotom-Wash|p2a: Magnezone
|
|-heal|p1a: Rotom-Wash|140\/303|[from] item: Leftovers
|turn|10
|
|move|p2a: Magnezone|Thunderbolt|p1a: Rotom-Wash
|-damage|p1a: Rotom-Wash|0 fnt
|faint|p1a: Rotom-Wash
|
|
|switch|p1a: Heatran|Heatran, M|262\/385
|-damage|p1a: Heatran|214\/385|[from] Stealth Rock
|turn|11
|
|move|p2a: Magnezone|Thunderbolt|p1a: Heatran
|-damage|p1a: Heatran|100\/385
|move|p1a: Heatran|Stealth Rock|p2a: Magnezone
|-sidestart|p2: pikapooper|move: Stealth Rock
|
|-heal|p1a: Heatran|124\/385|[from] item: Leftovers
|turn|12
|leave|mouse de frank
|
|move|p2a: Magnezone|Thunderbolt|p1a: Heatran
|-damage|p1a: Heatran|13\/385
|move|p1a: Heatran|Lava Plume|p2a: Magnezone
|-supereffective|p2a: Magnezone
|-damage|p2a: Magnezone|21\/281
|
|-heal|p1a: Heatran|37\/385|[from] item: Leftovers
|turn|13
|
|move|p2a: Magnezone|Thunderbolt|p1a: Heatran
|-damage|p1a: Heatran|0 fnt
|faint|p1a: Heatran
|
|
|switch|p1a: Landorus-Therian|Landorus-Therian, M|128\/327
|-damage|p1a: Landorus-Therian|88\/327|[from] Stealth Rock
|-ability|p1a: Landorus-Therian|Intimidate|[of] p2a: Magnezone
|-unboost|p2a: Magnezone|atk|1
|turn|14
|
|switch|p2a: Landorus-Therian|Landorus-Therian, M|255\/319
|-damage|p2a: Landorus-Therian|216\/319|[from] Stealth Rock
|-ability|p2a: Landorus-Therian|Intimidate|[of] p1a: Landorus-Therian
|-unboost|p1a: Landorus-Therian|atk|1
|move|p1a: Landorus-Therian|U-turn|p2a: Landorus-Therian
|-resisted|p2a: Landorus-Therian
|-damage|p2a: Landorus-Therian|183\/319
|
|switch|p1a: Keldeo-Resolute|Keldeo-Resolute|323\/323
|-damage|p1a: Keldeo-Resolute|303\/323|[from] Stealth Rock
|
|turn|15
|
|move|p2a: Landorus-Therian|U-turn|p1a: Keldeo-Resolute
|-resisted|p1a: Keldeo-Resolute
|-damage|p1a: Keldeo-Resolute|246\/323
|
|switch|p2a: Magnezone|Magnezone|21\/281
|-damage|p2a: Magnezone|4\/281|[from] Stealth Rock
|move|p1a: Keldeo-Resolute|Scald|p2a: Magnezone
|-damage|p2a: Magnezone|0 fnt
|faint|p2a: Magnezone
|
|
|switch|p2a: Alakazam|Alakazam-Mega, F|251\/251
|-damage|p2a: Alakazam|220\/251|[from] Stealth Rock
|-ability|p2a: Alakazam|Justified|[from] ability: Trace|[of] p1a: Keldeo-Resolute
|turn|16
|join|jhkhjhkh
|leave|jhkhjhkh
|-message|Reverb forfeited.
|leave|Reverb
|
|win|pikapooper
|raw|Ladder updating...
|player|p1
|raw|Reverb's rating: 1743 &rarr; <strong>1711<\/strong><br \/>(-32 for losing)
|raw|pikapooper's rating: 1511 &rarr; <strong>1542<\/strong><br \/>(+31 for winning)
|c|★pikapooper|nice 6-0
|leave|pikapooper
|player|p2
|leave|kuroneko urusai64