|join|JTewi
|join|iDestructioNx
|player|p1|JTewi|2
|player|p2|iDestructioNx|101
|gametype|singles
|gen|6
|tier|OU
|rated
|clearpoke
|poke|p1|Cresselia, F
|poke|p1|Slowking, M
|poke|p1|Venusaur, F
|poke|p1|Heatran, F
|poke|p1|Crawdaunt, F
|poke|p1|Scizor, F
|poke|p2|Charizard, M, shiny
|poke|p2|Tyranitar, M, shiny
|poke|p2|Landorus-Therian, M
|poke|p2|Suicune, shiny
|poke|p2|Skarmory, M
|poke|p2|Latios, M
|rule|Swagger Clause: Swagger is banned
|rule|Baton Pass Clause: Limit one Pokémon knowing Baton Pass
|rule|Sleep Clause Mod: Limit one foe put to sleep
|rule|Species Clause: Limit one of each Pokémon
|rule|OHKO Clause: OHKO moves are banned
|rule|Moody Clause: Moody is banned
|rule|Evasion Moves Clause: Evasion moves are banned
|rule|Endless Battle Clause: Forcing endless battles is banned
|rule|HP Percentage Mod: HP is shown in percentages
|teampreview
|
|start
|switch|p1a: Scizor|Scizor, F|289\/289
|switch|p2a: Charizard|Charizard, M, shiny|297\/297
|turn|1
|
|switch|p1a: Heatran|Heatran, F|385\/385
|move|p2a: Charizard|Substitute|p2a: Charizard
|-start|p2a: Charizard|Substitute
|-damage|p2a: Charizard|223\/297
|
|turn|2
|
|detailschange|p2a: Charizard|Charizard-Mega-Y, M, shiny
|message|Charizard has Mega Evolved into Mega Charizard!
|-weather|SunnyDay
|move|p2a: Charizard|Focus Blast|p1a: Heatran|[miss]
|-miss|p2a: Charizard|p1a: Heatran
|move|p1a: Heatran|Stealth Rock|p2a: Charizard
|-sidestart|p2: iDestructioNx|move: Stealth Rock
|
|-weather|SunnyDay|[upkeep]
|turn|3
|
|move|p1a: Heatran|Protect|p1a: Heatran
|-singleturn|p1a: Heatran|Protect
|move|p2a: Charizard|Focus Blast|p1a: Heatran
|-activate|p1a: Heatran|Protect
|
|-weather|SunnyDay|[upkeep]
|turn|4
|
|switch|p1a: Slowking|Slowking, M|394\/394
|move|p2a: Charizard|Focus Blast|p1a: Slowking
|-resisted|p1a: Slowking
|-damage|p1a: Slowking|306\/394
|
|-weather|SunnyDay|[upkeep]
|-heal|p1a: Slowking|330\/394|[from] item: Leftovers
|turn|5
|
|switch|p1a: Heatran|Heatran, F|385\/385
|move|p2a: Charizard|Focus Blast|p1a: Heatran|[miss]
|-miss|p2a: Charizard|p1a: Heatran
|
|-weather|SunnyDay|[upkeep]
|turn|6
|c|★iDestructioNx|u fukin suck
|
|move|p1a: Heatran|Protect|p1a: Heatran
|-singleturn|p1a: Heatran|Protect
|move|p2a: Charizard|Solar Beam|p1a: Heatran|[still]
|-prepare|p2a: Charizard|Solar Beam|p1a: Heatran
|-anim|p2a: Charizard|Solar Beam|p1a: Heatran
|-activate|p1a: Heatran|Protect
|
|-weather|none
|turn|7
|
|switch|p1a: Slowking|Slowking, M|394\/394
|move|p2a: Charizard|Focus Blast|p1a: Slowking
|-resisted|p1a: Slowking
|-damage|p1a: Slowking|312\/394
|
|-heal|p1a: Slowking|336\/394|[from] item: Leftovers
|turn|8
|
|move|p2a: Charizard|Solar Beam|p1a: Slowking|[still]
|-prepare|p2a: Charizard|Solar Beam|p1a: Slowking
|move|p1a: Slowking|Scald|p2a: Charizard
|-supereffective|p2a: Charizard
|-end|p2a: Charizard|Substitute
|
|-heal|p1a: Slowking|360\/394|[from] item: Leftovers
|turn|9
|
|switch|p1a: Heatran|Heatran, F|385\/385
|move|p2a: Charizard|Solar Beam|p1a: Heatran
|-crit|p1a: Heatran
|-resisted|p1a: Heatran
|-damage|p1a: Heatran|341\/385
|
|-heal|p1a: Heatran|365\/385|[from] item: Leftovers
|turn|10
|
|switch|p2a: Latios|Latios, M|301\/301
|-damage|p2a: Latios|264\/301|[from] Stealth Rock
|switch|p1a: Slowking|Slowking, M|394\/394
|
|turn|11
|
|switch|p1a: Heatran|Heatran, F|365\/385
|move|p2a: Latios|Defog|p1a: Heatran
|-unboost|p1a: Heatran|evasion|1
|-sideend|p2: iDestructioNx|Stealth Rock|[from] move: Defog|[of] p2a: Latios
|
|-heal|p1a: Heatran|385\/385|[from] item: Leftovers
|turn|12
|
|switch|p2a: Suicune|Suicune, shiny|404\/404
|-ability|p2a: Suicune|Pressure
|move|p1a: Heatran|Stealth Rock|p2a: Suicune
|-sidestart|p2: iDestructioNx|move: Stealth Rock
|
|turn|13
|
|switch|p1a: Slowking|Slowking, M|394\/394
|move|p2a: Suicune|Calm Mind|p2a: Suicune
|-boost|p2a: Suicune|spa|1
|-boost|p2a: Suicune|spd|1
|
|turn|14
|
|move|p2a: Suicune|Calm Mind|p2a: Suicune
|-boost|p2a: Suicune|spa|1
|-boost|p2a: Suicune|spd|1
|move|p1a: Slowking|Dragon Tail|p2a: Suicune
|-damage|p2a: Suicune|383\/404
|drag|p2a: Tyranitar|Tyranitar, M, shiny|341\/341
|-damage|p2a: Tyranitar|299\/341|[from] Stealth Rock
|-weather|Sandstorm
|
|-weather|Sandstorm|[upkeep]
|-damage|p1a: Slowking|370\/394|[from] sandstorm
|-heal|p1a: Slowking|394\/394|[from] item: Leftovers
|turn|15
|
|switch|p1a: Scizor|Scizor, F|289\/289
|move|p2a: Tyranitar|Stone Edge|p1a: Scizor
|-damage|p1a: Scizor|85\/289
|
|-weather|Sandstorm|[upkeep]
|turn|16
|
|move|p1a: Scizor|Knock Off|p2a: Tyranitar
|-resisted|p2a: Tyranitar
|-damage|p2a: Tyranitar|210\/341
|-enditem|p2a: Tyranitar|Assault Vest|[from] move: Knock Off|[of] p1a: Scizor
|move|p2a: Tyranitar|Fire Punch|p1a: Scizor
|-supereffective|p1a: Scizor
|-damage|p1a: Scizor|0 fnt
|faint|p1a: Scizor
|
|-weather|Sandstorm|[upkeep]
|
|switch|p1a: Crawdaunt|Crawdaunt, F|330\/330
|turn|17
|
|move|p2a: Tyranitar|Stone Edge|p1a: Crawdaunt
|-damage|p1a: Crawdaunt|104\/330
|move|p1a: Crawdaunt|Crabhammer|p2a: Tyranitar
|-supereffective|p2a: Tyranitar
|-damage|p2a: Tyranitar|0 fnt
|faint|p2a: Tyranitar
|
|-weather|Sandstorm|[upkeep]
|-damage|p1a: Crawdaunt|84\/330|[from] sandstorm
|
|switch|p2a: Skarmory|Skarmory, M|323\/323
|-damage|p2a: Skarmory|283\/323|[from] Stealth Rock
|turn|18
|
|switch|p1a: Slowking|Slowking, M|394\/394
|move|p2a: Skarmory|Brave Bird|p1a: Slowking
|-damage|p1a: Slowking|247\/394
|-damage|p2a: Skarmory|234\/323|[from] recoil|[of] p1a: Slowking
|
|-weather|none
|-heal|p2a: Skarmory|254\/323|[from] item: Leftovers
|-heal|p1a: Slowking|271\/394|[from] item: Leftovers
|turn|19
|
|move|p2a: Skarmory|Stealth Rock|p1a: Slowking
|-sidestart|p1: JTewi|move: Stealth Rock
|move|p1a: Slowking|Dragon Tail|p2a: Skarmory
|-resisted|p2a: Skarmory
|-damage|p2a: Skarmory|245\/323
|drag|p2a: Latios|Latios, M|264\/301
|-damage|p2a: Latios|227\/301|[from] Stealth Rock
|
|-heal|p1a: Slowking|295\/394|[from] item: Leftovers
|turn|20
|
|switch|p1a: Heatran|Heatran, F|385\/385
|-damage|p1a: Heatran|337\/385|[from] Stealth Rock
|move|p2a: Latios|Defog|p1a: Heatran
|-unboost|p1a: Heatran|evasion|1
|-sideend|p1: JTewi|Stealth Rock|[from] move: Defog|[of] p1a: Heatran
|-sideend|p2: iDestructioNx|Stealth Rock|[from] move: Defog|[of] p2a: Latios
|
|-heal|p1a: Heatran|361\/385|[from] item: Leftovers
|turn|21
|
|switch|p2a: Suicune|Suicune, shiny|383\/404
|-ability|p2a: Suicune|Pressure
|move|p1a: Heatran|Stealth Rock|p2a: Suicune
|-sidestart|p2: iDestructioNx|move: Stealth Rock
|
|-heal|p2a: Suicune|404\/404|[from] item: Leftovers
|-heal|p1a: Heatran|385\/385|[from] item: Leftovers
|turn|22
|
|switch|p1a: Slowking|Slowking, M|394\/394
|move|p2a: Suicune|Scald|p1a: Slowking
|-crit|p1a: Slowking
|-resisted|p1a: Slowking
|-damage|p1a: Slowking|331\/394
|
|-heal|p1a: Slowking|355\/394|[from] item: Leftovers
|turn|23
|
|move|p2a: Suicune|Scald|p1a: Slowking
|-resisted|p1a: Slowking
|-damage|p1a: Slowking|314\/394
|-status|p1a: Slowking|brn
|move|p1a: Slowking|Dragon Tail|p2a: Suicune
|-damage|p2a: Suicune|393\/404
|drag|p2a: Charizard|Charizard-Mega-Y, M, shiny|223\/297
|-damage|p2a: Charizard|75\/297|[from] Stealth Rock
|-weather|SunnyDay
|
|-weather|SunnyDay|[upkeep]
|-heal|p1a: Slowking|338\/394 brn|[from] item: Leftovers
|-damage|p1a: Slowking|289\/394 brn|[from] brn
|turn|24
|
|switch|p1a: Heatran|Heatran, F|385\/385
|move|p2a: Charizard|Focus Blast|p1a: Heatran
|-supereffective|p1a: Heatran
|-damage|p1a: Heatran|135\/385
|
|-weather|SunnyDay|[upkeep]
|-heal|p1a: Heatran|159\/385|[from] item: Leftovers
|turn|25
|
|move|p1a: Heatran|Protect|p1a: Heatran
|-singleturn|p1a: Heatran|Protect
|move|p2a: Charizard|Fire Blast|p1a: Heatran
|-activate|p1a: Heatran|Protect
|
|-weather|SunnyDay|[upkeep]
|-heal|p1a: Heatran|183\/385|[from] item: Leftovers
|turn|26
|
|switch|p1a: Slowking|Slowking, M|394\/394 brn
|move|p2a: Charizard|Solar Beam|p1a: Slowking|[still]
|-prepare|p2a: Charizard|Solar Beam|p1a: Slowking
|-anim|p2a: Charizard|Solar Beam|p1a: Slowking
|-supereffective|p1a: Slowking
|-damage|p1a: Slowking|44\/394 brn
|
|-weather|SunnyDay|[upkeep]
|-heal|p1a: Slowking|68\/394 brn|[from] item: Leftovers
|-damage|p1a: Slowking|19\/394 brn|[from] brn
|turn|27
|
|switch|p1a: Cresselia|Cresselia, F|443\/443
|move|p2a: Charizard|Solar Beam|p1a: Cresselia|[still]
|-prepare|p2a: Charizard|Solar Beam|p1a: Cresselia
|-anim|p2a: Charizard|Solar Beam|p1a: Cresselia
|-damage|p1a: Cresselia|308\/443
|
|-weather|none
|turn|28
|
|switch|p2a: Latios|Latios, M|227\/301
|-damage|p2a: Latios|190\/301|[from] Stealth Rock
|move|p1a: Cresselia|Trick Room|p1a: Cresselia
|-fieldstart|move: Trick Room|[of] p1a: Cresselia
|
|turn|29
|
|move|p1a: Cresselia|Lunar Dance|p1a: Cresselia
|faint|p1a: Cresselia
|move|p2a: Latios|Defog|p1: Cresselia|[notarget]
|-notarget
|
|
|switch|p1a: Crawdaunt|Crawdaunt, F|84\/330
|-heal|p1a: Crawdaunt|330\/330|[from] move: Lunar Dance
|turn|30
|
|switch|p2a: Skarmory|Skarmory, M|245\/323
|-damage|p2a: Skarmory|205\/323|[from] Stealth Rock
|move|p1a: Crawdaunt|Crunch|p2a: Skarmory
|-damage|p2a: Skarmory|23\/323
|
|-heal|p2a: Skarmory|43\/323|[from] item: Leftovers
|turn|31
|
|move|p1a: Crawdaunt|Crunch|p2a: Skarmory
|-damage|p2a: Skarmory|0 fnt
|faint|p2a: Skarmory
|
|
|switch|p2a: Suicune|Suicune, shiny|393\/404
|-damage|p2a: Suicune|343\/404|[from] Stealth Rock
|-ability|p2a: Suicune|Pressure
|turn|32
|
|move|p1a: Crawdaunt|Crunch|p2a: Suicune
|-damage|p2a: Suicune|161\/404
|-unboost|p2a: Suicune|def|1
|move|p2a: Suicune|Rest|p2a: Suicune
|-status|p2a: Suicune|slp
|-heal|p2a: Suicune|404\/404 slp|[silent]
|-status|p2a: Suicune|slp|[from] move: Rest
|
|-fieldend|move: Trick Room
|turn|33
|
|switch|p2a: Landorus-Therian|Landorus-Therian, M|319\/319
|-damage|p2a: Landorus-Therian|280\/319|[from] Stealth Rock
|-ability|p2a: Landorus-Therian|Intimidate|[of] p1a: Crawdaunt
|-unboost|p1a: Crawdaunt|atk|1
|move|p1a: Crawdaunt|Crunch|p2a: Landorus-Therian
|-damage|p2a: Landorus-Therian|46\/319
|
|turn|34
|
|switch|p2a: Suicune|Suicune, shiny|404\/404 slp
|-damage|p2a: Suicune|354\/404 slp|[from] Stealth Rock
|-ability|p2a: Suicune|Pressure
|switch|p1a: Slowking|Slowking, M|150\/394 brn
|
|-heal|p2a: Suicune|379\/404 slp|[from] item: Leftovers
|-heal|p1a: Slowking|174\/394 brn|[from] item: Leftovers
|-damage|p1a: Slowking|125\/394 brn|[from] brn
|turn|35
|
|switch|p1a: Crawdaunt|Crawdaunt, F|330\/330
|cant|p2a: Suicune|slp
|move|p2a: Suicune|Sleep Talk|p2a: Suicune
|move|p2a: Suicune|Calm Mind|p2a: Suicune|[from]Sleep Talk
|-boost|p2a: Suicune|spa|1
|-boost|p2a: Suicune|spd|1
|
|-heal|p2a: Suicune|404\/404 slp|[from] item: Leftovers
|turn|36
|
|cant|p2a: Suicune|slp
|move|p2a: Suicune|Sleep Talk|p2a: Suicune
|move|p2a: Suicune|Calm Mind|p2a: Suicune|[from]Sleep Talk
|-boost|p2a: Suicune|spa|1
|-boost|p2a: Suicune|spd|1
|move|p1a: Crawdaunt|Crunch|p2a: Suicune
|-damage|p2a: Suicune|200\/404 slp
|-unboost|p2a: Suicune|def|1
|
|-heal|p2a: Suicune|225\/404 slp|[from] item: Leftovers
|turn|37
|
|-curestatus|p2a: Suicune|slp
|move|p2a: Suicune|Scald|p1a: Crawdaunt
|-resisted|p1a: Crawdaunt
|-damage|p1a: Crawdaunt|180\/330
|move|p1a: Crawdaunt|Crunch|p2a: Suicune
|-damage|p2a: Suicune|0 fnt
|faint|p2a: Suicune
|
|
|switch|p2a: Latios|Latios, M|190\/301
|-damage|p2a: Latios|153\/301|[from] Stealth Rock
|turn|38
|
|switch|p1a: Heatran|Heatran, F|183\/385
|move|p2a: Latios|Defog|p1a: Heatran
|-unboost|p1a: Heatran|evasion|1
|-sideend|p2: iDestructioNx|Stealth Rock|[from] move: Defog|[of] p2a: Latios
|
|-heal|p1a: Heatran|207\/385|[from] item: Leftovers
|turn|39
|
|switch|p2a: Charizard|Charizard-Mega-Y, M, shiny|75\/297
|-weather|SunnyDay
|move|p1a: Heatran|Lava Plume|p2a: Charizard
|-resisted|p2a: Charizard
|-damage|p2a: Charizard|0 fnt
|faint|p2a: Charizard
|
|-weather|SunnyDay|[upkeep]
|-heal|p1a: Heatran|231\/385|[from] item: Leftovers
|-message|iDestructioNx forfeited.
|
|win|JTewi
|raw|Ladder updating...
|raw|JTewi's rating: 1666 &rarr; <strong>1685<\/strong><br \/>(+19 for winning)
|raw|iDestructioNx's rating: 1648 &rarr; <strong>1629<\/strong><br \/>(-19 for losing)
|leave|iDestructioNx
|player|p2