|join|Yuna28
|join|iDestructioNx
|player|p1|Yuna28|192
|player|p2|iDestructioNx|101
|gametype|singles
|gen|6
|tier|OU
|rated
|clearpoke
|poke|p1|Charizard, M
|poke|p1|Weavile, M, shiny
|poke|p1|Victini
|poke|p1|Sylveon, F
|poke|p1|Rotom-Wash
|poke|p1|Mew
|poke|p2|Tyranitar, M, shiny
|poke|p2|Landorus-Therian, M
|poke|p2|Talonflame, F, shiny
|poke|p2|Latios, M
|poke|p2|Terrakion, shiny
|poke|p2|Scizor, M
|rule|Swagger Clause: Swagger is banned
|rule|Baton Pass Clause: Limit one Pokémon knowing Baton Pass
|rule|Sleep Clause Mod: Limit one foe put to sleep
|rule|Species Clause: Limit one of each Pokémon
|rule|OHKO Clause: OHKO moves are banned
|rule|Moody Clause: Moody is banned
|rule|Evasion Moves Clause: Evasion moves are banned
|rule|Endless Battle Clause: Forcing endless battles is banned
|rule|HP Percentage Mod: HP is shown in percentages
|teampreview
|
|start
|switch|p1a: Rotom-Wash|Rotom-Wash|241\/241
|switch|p2a: Terrakion|Terrakion, shiny|323\/323
|turn|1
|
|move|p1a: Rotom-Wash|Trick|p2a: Terrakion
|-activate|p1a: Rotom-Wash|move: Trick|[of] p2a: Terrakion
|-item|p2a: Terrakion|Choice Scarf|[from] move: Trick
|-item|p1a: Rotom-Wash|Focus Sash|[from] move: Trick
|move|p2a: Terrakion|Stealth Rock|p1a: Rotom-Wash
|-sidestart|p1: Yuna28|move: Stealth Rock
|
|turn|2
|join|mervin
|
|switch|p2a: Latios|Latios, M|301\/301
|move|p1a: Rotom-Wash|Thunder Wave|p2a: Latios
|-status|p2a: Latios|par
|
|turn|3
|
|move|p1a: Rotom-Wash|Hydro Pump|p2a: Latios
|-resisted|p2a: Latios
|-damage|p2a: Latios|218\/301 par
|cant|p2a: Latios|par
|
|turn|4
|
|move|p1a: Rotom-Wash|Hydro Pump|p2a: Latios|[miss]
|-miss|p1a: Rotom-Wash|p2a: Latios
|move|p2a: Latios|Draco Meteor|p1a: Rotom-Wash
|-crit|p1a: Rotom-Wash
|-enditem|p1a: Rotom-Wash|Focus Sash
|-damage|p1a: Rotom-Wash|1\/241
|-unboost|p2a: Latios|spa|2
|-damage|p2a: Latios|188\/301 par|[from] item: Life Orb
|
|turn|5
|leave|mervin
|c|★Yuna28|lol sashed rotom
|
|move|p1a: Rotom-Wash|Thunder Wave|p2a: Latios
|-fail|p2a: Latios|par
|cant|p2a: Latios|par
|
|turn|6
|
|move|p1a: Rotom-Wash|Hydro Pump|p2a: Latios
|-resisted|p2a: Latios
|-damage|p2a: Latios|104\/301 par
|move|p2a: Latios|Draco Meteor|p1a: Rotom-Wash
|-damage|p1a: Rotom-Wash|0 fnt
|-unboost|p2a: Latios|spa|2
|-damage|p2a: Latios|74\/301 par|[from] item: Life Orb
|faint|p1a: Rotom-Wash
|
|
|switch|p1a: Mew|Mew|404\/404
|-damage|p1a: Mew|354\/404|[from] Stealth Rock
|turn|7
|
|move|p1a: Mew|Defog|p2a: Latios
|-unboost|p2a: Latios|evasion|1
|-sideend|p1: Yuna28|Stealth Rock|[from] move: Defog|[of] p1a: Mew
|move|p2a: Latios|Draco Meteor|p1a: Mew
|-damage|p1a: Mew|257\/404
|-unboost|p2a: Latios|spa|2
|-damage|p2a: Latios|44\/301 par|[from] item: Life Orb
|
|-heal|p1a: Mew|282\/404|[from] item: Leftovers
|turn|8
|
|switch|p2a: Tyranitar|Tyranitar, M, shiny|341\/341
|-weather|Sandstorm
|move|p1a: Mew|Stealth Rock|p2a: Tyranitar
|-sidestart|p2: iDestructioNx|move: Stealth Rock
|
|-weather|Sandstorm|[upkeep]
|-damage|p1a: Mew|257\/404|[from] sandstorm
|-heal|p1a: Mew|282\/404|[from] item: Leftovers
|turn|9
|
|detailschange|p2a: Tyranitar|Tyranitar-Mega, M, shiny
|-mega|p2a: Tyranitar|Tyranitar|Tyranitarite
|move|p1a: Mew|Thunder Wave|p2a: Tyranitar
|-status|p2a: Tyranitar|par
|move|p2a: Tyranitar|Dragon Dance|p2a: Tyranitar
|-boost|p2a: Tyranitar|atk|1
|-boost|p2a: Tyranitar|spe|1
|
|-weather|Sandstorm|[upkeep]
|-damage|p1a: Mew|257\/404|[from] sandstorm
|-heal|p1a: Mew|282\/404|[from] item: Leftovers
|turn|10
|
|move|p1a: Mew|Drain Punch|p2a: Tyranitar
|-supereffective|p2a: Tyranitar
|-damage|p2a: Tyranitar|181\/341 par
|-heal|p1a: Mew|362\/404|[from] drain|[of] p2a: Tyranitar
|move|p2a: Tyranitar|Stone Edge|p1a: Mew
|-damage|p1a: Mew|128\/404
|
|-weather|Sandstorm|[upkeep]
|-damage|p1a: Mew|103\/404|[from] sandstorm
|-heal|p1a: Mew|128\/404|[from] item: Leftovers
|turn|11
|
|switch|p2a: Landorus-Therian|Landorus-Therian, M|319\/319
|-damage|p2a: Landorus-Therian|280\/319|[from] Stealth Rock
|-ability|p2a: Landorus-Therian|Intimidate|[of] p1a: Mew
|-unboost|p1a: Mew|atk|1
|move|p1a: Mew|Drain Punch|p2a: Landorus-Therian
|-resisted|p2a: Landorus-Therian
|-damage|p2a: Landorus-Therian|257\/319
|-heal|p1a: Mew|140\/404|[from] drain|[of] p2a: Landorus-Therian
|
|-weather|Sandstorm|[upkeep]
|-damage|p1a: Mew|115\/404|[from] sandstorm
|-heal|p1a: Mew|140\/404|[from] item: Leftovers
|turn|12
|
|move|p2a: Landorus-Therian|Knock Off|p1a: Mew
|-supereffective|p1a: Mew
|-damage|p1a: Mew|0 fnt
|-enditem|p1a: Mew|Leftovers|[from] move: Knock Off|[of] p2a: Landorus-Therian
|faint|p1a: Mew
|
|-weather|none
|
|switch|p1a: Weavile|Weavile, M, shiny|282\/282
|-ability|p1a: Weavile|Pressure
|turn|13
|
|switch|p2a: Scizor|Scizor, M|281\/281
|-damage|p2a: Scizor|246\/281|[from] Stealth Rock
|move|p1a: Weavile|Swords Dance|p1a: Weavile
|-boost|p1a: Weavile|atk|2
|
|turn|14
|
|move|p2a: Scizor|Bullet Punch|p1a: Weavile
|-supereffective|p1a: Weavile
|-damage|p1a: Weavile|0 fnt
|faint|p1a: Weavile
|
|
|switch|p1a: Charizard|Charizard, M|297\/297
|turn|15
|
|switch|p2a: Tyranitar|Tyranitar-Mega, M, shiny|181\/341 par
|-damage|p2a: Tyranitar|139\/341 par|[from] Stealth Rock
|-weather|Sandstorm
|detailschange|p1a: Charizard|Charizard-Mega-Y, M
|-mega|p1a: Charizard|Charizard|Charizardite Y
|-weather|SunnyDay
|move|p1a: Charizard|Flamethrower|p2a: Tyranitar
|-resisted|p2a: Tyranitar
|-damage|p2a: Tyranitar|16\/341 par
|
|-weather|SunnyDay|[upkeep]
|turn|16
|
|move|p1a: Charizard|Flamethrower|p2a: Tyranitar
|-resisted|p2a: Tyranitar
|-damage|p2a: Tyranitar|0 fnt
|faint|p2a: Tyranitar
|
|-weather|SunnyDay|[upkeep]
|
|switch|p2a: Landorus-Therian|Landorus-Therian, M|257\/319
|-damage|p2a: Landorus-Therian|218\/319|[from] Stealth Rock
|-ability|p2a: Landorus-Therian|Intimidate|[of] p1a: Charizard
|-unboost|p1a: Charizard|atk|1
|turn|17
|
|switch|p1a: Victini|Victini|341\/341
|move|p2a: Landorus-Therian|Stone Edge|p1a: Victini|[miss]
|-miss|p2a: Landorus-Therian|p1a: Victini
|
|-weather|SunnyDay|[upkeep]
|turn|18
|
|switch|p2a: Latios|Latios, M|44\/301 par
|-damage|p2a: Latios|7\/301 par|[from] Stealth Rock
|move|p1a: Victini|V-create|p2a: Latios
|-resisted|p2a: Latios
|-damage|p2a: Latios|0 fnt
|-unboost|p1a: Victini|def|1
|-unboost|p1a: Victini|spd|1
|-unboost|p1a: Victini|spe|1
|faint|p2a: Latios
|
|-weather|SunnyDay|[upkeep]
|
|switch|p2a: Landorus-Therian|Landorus-Therian, M|218\/319
|-damage|p2a: Landorus-Therian|179\/319|[from] Stealth Rock
|-ability|p2a: Landorus-Therian|Intimidate|[of] p1a: Victini
|-unboost|p1a: Victini|atk|1
|turn|19
|
|move|p2a: Landorus-Therian|Stone Edge|p1a: Victini
|-supereffective|p1a: Victini
|-damage|p1a: Victini|0 fnt
|faint|p1a: Victini
|
|-weather|none
|
|switch|p1a: Sylveon|Sylveon, F|391\/391
|turn|20
|
|switch|p2a: Scizor|Scizor, M|246\/281
|-damage|p2a: Scizor|211\/281|[from] Stealth Rock
|move|p1a: Sylveon|Calm Mind|p1a: Sylveon
|-boost|p1a: Sylveon|spa|1
|-boost|p1a: Sylveon|spd|1
|
|turn|21
|
|move|p2a: Scizor|Bullet Punch|p1a: Sylveon
|-supereffective|p1a: Sylveon
|-damage|p1a: Sylveon|143\/391
|move|p1a: Sylveon|Hidden Power|p2a: Scizor
|-supereffective|p2a: Scizor
|-damage|p2a: Scizor|0 fnt
|faint|p2a: Scizor
|
|-heal|p1a: Sylveon|167\/391|[from] item: Leftovers
|
|switch|p2a: Talonflame|Talonflame, F, shiny|299\/299
|-damage|p2a: Talonflame|150\/299|[from] Stealth Rock
|turn|22
|
|move|p2a: Talonflame|Brave Bird|p1a: Sylveon
|-damage|p1a: Sylveon|5\/391
|-damage|p2a: Talonflame|97\/299|[from] recoil|[of] p1a: Sylveon
|move|p1a: Sylveon|Hyper Voice|p2a: Talonflame
|-resisted|p2a: Talonflame
|-damage|p2a: Talonflame|0 fnt
|faint|p2a: Talonflame
|
|-heal|p1a: Sylveon|29\/391|[from] item: Leftovers
|
|switch|p2a: Landorus-Therian|Landorus-Therian, M|179\/319
|-damage|p2a: Landorus-Therian|140\/319|[from] Stealth Rock
|-ability|p2a: Landorus-Therian|Intimidate|[of] p1a: Sylveon
|-unboost|p1a: Sylveon|atk|1
|turn|23
|
|move|p2a: Landorus-Therian|Stone Edge|p1a: Sylveon
|-damage|p1a: Sylveon|0 fnt
|faint|p1a: Sylveon
|
|
|switch|p1a: Charizard|Charizard-Mega-Y, M|297\/297
|-weather|SunnyDay
|turn|24
|
|move|p2a: Landorus-Therian|Stone Edge|p1a: Charizard|[miss]
|-miss|p2a: Landorus-Therian|p1a: Charizard
|move|p1a: Charizard|Flamethrower|p2a: Landorus-Therian
|-damage|p2a: Landorus-Therian|0 fnt
|faint|p2a: Landorus-Therian
|
|-weather|SunnyDay|[upkeep]
|
|switch|p2a: Terrakion|Terrakion, shiny|323\/323
|-damage|p2a: Terrakion|303\/323|[from] Stealth Rock
|turn|25
|
|move|p2a: Terrakion|Stone Edge|p1a: Charizard|[miss]
|-miss|p2a: Terrakion|p1a: Charizard
|move|p1a: Charizard|Solar Beam|p2a: Terrakion|[still]
|-prepare|p1a: Charizard|Solar Beam|p2a: Terrakion
|-anim|p1a: Charizard|Solar Beam|p2a: Terrakion
|-crit|p2a: Terrakion
|-supereffective|p2a: Terrakion
|-damage|p2a: Terrakion|0 fnt
|faint|p2a: Terrakion
|
|win|Yuna28
|raw|Ladder updating...
|raw|Yuna28's rating: 1516 &rarr; <strong>1537<\/strong><br \/>(+21 for winning)
|raw|iDestructioNx's rating: 1543 &rarr; <strong>1521<\/strong><br \/>(-22 for losing)
|c|★Yuna28|lmao
|c|★Yuna28|worst move in game
|leave|iDestructioNx
|player|p2