|join|pokemonisfun
|join|Yun0 Gasai
|player|p1|pokemonisfun|184
|player|p2|Yun0 Gasai|102
|gametype|singles
|gen|6
|tier|UU
|rated
|rule|Sleep Clause Mod: Limit one foe put to sleep
|rule|Species Clause: Limit one of each Pokémon
|rule|OHKO Clause: OHKO moves are banned
|rule|Moody Clause: Moody is banned
|rule|Evasion Moves Clause: Evasion moves are banned
|rule|Endless Battle Clause: Forcing endless battles is banned
|rule|HP Percentage Mod: HP is shown in percentages
|clearpoke
|poke|p1|Blissey, F
|poke|p1|Swampert, F
|poke|p1|Granbull, F
|poke|p1|Alomomola, M
|poke|p1|Crobat, M
|poke|p1|Celebi
|poke|p2|Rhyperior, F
|poke|p2|Crobat, M
|poke|p2|Blastoise, M
|poke|p2|Lucario, M
|poke|p2|Hydreigon, F
|poke|p2|Serperior, M
|rule|Swagger Clause: Swagger is banned
|rule|Baton Pass Clause: Limit one Pokémon knowing Baton Pass
|teampreview
|c|★Yun0 Gasai|m
|c|★Yun0 Gasai|f
|c|★Yun0 Gasai|w
|join|dodmen
|
|start
|switch|p1a: bubblsy bubbles|Swampert, F|404\/404
|switch|p2a: Blastoise|Blastoise, M|361\/361
|turn|1
|c|★pokemonisfun|!dt contrary
|c|~|\/data-ability Contrary
|raw|<font size="1"><\/font>
|c|★Yun0 Gasai|im a zoroak
|c|★Yun0 Gasai|dw
|
|detailschange|p2a: Blastoise|Blastoise-Mega, M
|-mega|p2a: Blastoise|Blastoise|Blastoisinite
|detailschange|p1a: bubblsy bubbles|Swampert-Mega, F
|-mega|p1a: bubblsy bubbles|Swampert|Swampertite
|move|p2a: Blastoise|Dragon Pulse|p1a: bubblsy bubbles
|-damage|p1a: bubblsy bubbles|283\/404
|move|p1a: bubblsy bubbles|Earthquake|p2a: Blastoise
|-crit|p2a: Blastoise
|-damage|p2a: Blastoise|142\/361
|
|turn|2
|c|+dodmen|0
|c|★pokemonisfun|gg
|
|switch|p1a: Mega Chansey|Blissey, F|651\/651
|move|p2a: Blastoise|Dragon Pulse|p1a: Mega Chansey
|-damage|p1a: Mega Chansey|547\/651
|
|-heal|p1a: Mega Chansey|587\/651|[from] item: Leftovers
|turn|3
|
|switch|p2a: Rhyperior|Rhyperior, F|434\/434
|move|p1a: Mega Chansey|Seismic Toss|p2a: Rhyperior
|-damage|p2a: Rhyperior|334\/434
|
|-heal|p1a: Mega Chansey|627\/651|[from] item: Leftovers
|-heal|p2a: Rhyperior|361\/434|[from] item: Leftovers
|turn|4
|
|switch|p1a: onion fairy god|Celebi|401\/401
|move|p2a: Rhyperior|Stealth Rock|p1a: onion fairy god
|-sidestart|p1: pokemonisfun|move: Stealth Rock
|
|-heal|p2a: Rhyperior|388\/434|[from] item: Leftovers
|turn|5
|c|+dodmen|what if he megahorned ;o
|
|switch|p2a: Crobat|Crobat, M|359\/359
|move|p1a: onion fairy god|Stealth Rock|p2a: Crobat
|-sidestart|p2: Yun0 Gasai|move: Stealth Rock
|
|turn|6
|
|switch|p1a: swimmy swim|Alomomola, M|471\/471
|-damage|p1a: swimmy swim|413\/471|[from] Stealth Rock
|move|p2a: Crobat|U-turn|p1a: swimmy swim
|-damage|p1a: swimmy swim|369\/471
|
|switch|p2a: Serperior|Serperior, M|291\/291
|-damage|p2a: Serperior|255\/291|[from] Stealth Rock
|
|-heal|p1a: swimmy swim|398\/471|[from] item: Leftovers
|turn|7
|
|switch|p2a: Rhyperior|Rhyperior, F|388\/434
|-damage|p2a: Rhyperior|361\/434|[from] Stealth Rock
|switch|p1a: Mega Chansey|Blissey, F|627\/651
|-damage|p1a: Mega Chansey|546\/651|[from] Stealth Rock
|
|-heal|p1a: Mega Chansey|586\/651|[from] item: Leftovers
|-heal|p2a: Rhyperior|388\/434|[from] item: Leftovers
|turn|8
|
|switch|p1a: swimmy swim|Alomomola, M|471\/471
|-damage|p1a: swimmy swim|413\/471|[from] Stealth Rock
|move|p2a: Rhyperior|Earthquake|p1a: swimmy swim
|-damage|p1a: swimmy swim|269\/471
|
|-heal|p1a: swimmy swim|298\/471|[from] item: Leftovers
|-heal|p2a: Rhyperior|415\/434|[from] item: Leftovers
|turn|9
|
|switch|p2a: Blastoise|Blastoise-Mega, M|142\/361
|-damage|p2a: Blastoise|97\/361|[from] Stealth Rock
|move|p1a: swimmy swim|Wish|p1a: swimmy swim
|
|-heal|p1a: swimmy swim|327\/471|[from] item: Leftovers
|turn|10
|join|Dice
|
|move|p2a: Blastoise|Rapid Spin|p1a: swimmy swim
|-damage|p1a: swimmy swim|315\/471
|-sideend|p2: Yun0 Gasai|Stealth Rock|[from] move: Rapid Spin|[of] p2a: Blastoise
|move|p1a: swimmy swim|Toxic|p2a: Blastoise
|-status|p2a: Blastoise|tox
|
|-heal|p1a: swimmy swim|471\/471|[from] move: Wish|[wisher] swimmy swim
|-damage|p2a: Blastoise|75\/361 tox|[from] psn
|turn|11
|
|move|p2a: Blastoise|Dragon Pulse|p1a: swimmy swim
|-crit|p1a: swimmy swim
|-damage|p1a: swimmy swim|130\/471
|move|p1a: swimmy swim|Wish|p1a: swimmy swim
|
|-heal|p1a: swimmy swim|159\/471|[from] item: Leftovers
|-damage|p2a: Blastoise|31\/361 tox|[from] psn
|turn|12
|c|★Yun0 Gasai|right back at ya
|
|switch|p2a: Serperior|Serperior, M|255\/291
|move|p1a: swimmy swim|Protect|p1a: swimmy swim
|-fail|p1a: swimmy swim
|
|-heal|p1a: swimmy swim|394\/471|[from] move: Wish|[wisher] swimmy swim
|-heal|p1a: swimmy swim|423\/471|[from] item: Leftovers
|turn|13
|c|+dodmen|sub on protect
|c|+dodmen|yn
|
|switch|p2a: Rhyperior|Rhyperior, F|415\/434
|move|p1a: swimmy swim|Protect|p1a: swimmy swim
|-fail|p1a: swimmy swim
|
|-heal|p1a: swimmy swim|452\/471|[from] item: Leftovers
|-heal|p2a: Rhyperior|434\/434|[from] item: Leftovers
|turn|14
|
|switch|p2a: Blastoise|Blastoise-Mega, M|31\/361 tox
|move|p1a: swimmy swim|Scald|p2a: Blastoise
|-resisted|p2a: Blastoise
|-damage|p2a: Blastoise|10\/361 tox
|
|-heal|p1a: swimmy swim|471\/471|[from] item: Leftovers
|-damage|p2a: Blastoise|0 fnt|[from] psn
|faint|p2a: Blastoise
|c|★Yun0 Gasai|aw
|
|switch|p2a: Serperior|Serperior, M|255\/291
|turn|15
|
|switch|p1a: Mega Chansey|Blissey, F|586\/651
|-damage|p1a: Mega Chansey|505\/651|[from] Stealth Rock
|move|p2a: Serperior|Taunt|p1a: Mega Chansey
|-start|p1a: Mega Chansey|move: Taunt
|
|-heal|p1a: Mega Chansey|545\/651|[from] item: Leftovers
|turn|16
|
|switch|p2a: Rhyperior|Rhyperior, F|434\/434
|move|p1a: Mega Chansey|Seismic Toss|p2a: Rhyperior
|-damage|p2a: Rhyperior|334\/434
|
|-heal|p1a: Mega Chansey|585\/651|[from] item: Leftovers
|-heal|p2a: Rhyperior|361\/434|[from] item: Leftovers
|turn|17
|join|Bob the Bro
|
|switch|p1a: swimmy swim|Alomomola, M|471\/471
|-damage|p1a: swimmy swim|413\/471|[from] Stealth Rock
|switch|p2a: Crobat|Crobat, M|359\/359
|
|-heal|p1a: swimmy swim|442\/471|[from] item: Leftovers
|turn|18
|c| Bob the Bro|pif why did you forfeit against libluc
|
|move|p2a: Crobat|Taunt|p1a: swimmy swim
|-start|p1a: swimmy swim|move: Taunt
|move|p1a: swimmy swim|Scald|p2a: Crobat
|-damage|p2a: Crobat|302\/359
|-status|p2a: Crobat|brn
|
|-heal|p2a: Crobat|324\/359 brn|[from] item: Black Sludge
|-heal|p1a: swimmy swim|471\/471|[from] item: Leftovers
|-damage|p2a: Crobat|280\/359 brn|[from] brn
|turn|19
|c|★pokemonisfun|gg
|
|move|p2a: Crobat|U-turn|p1a: swimmy swim
|-damage|p1a: swimmy swim|445\/471
|
|switch|p2a: Serperior|Serperior, M|255\/291
|move|p1a: swimmy swim|Scald|p2a: Serperior
|-resisted|p2a: Serperior
|-damage|p2a: Serperior|231\/291
|
|-heal|p1a: swimmy swim|471\/471|[from] item: Leftovers
|turn|20
|
|switch|p1a: Mega Chansey|Blissey, F|585\/651
|-damage|p1a: Mega Chansey|504\/651|[from] Stealth Rock
|move|p2a: Serperior|Leaf Storm|p1a: Mega Chansey
|-damage|p1a: Mega Chansey|393\/651
|-boost|p2a: Serperior|spa|2
|
|-heal|p1a: Mega Chansey|433\/651|[from] item: Leftovers
|turn|21
|c|+dodmen|wtf r u doing
|
|move|p2a: Serperior|Taunt|p1a: Mega Chansey
|-start|p1a: Mega Chansey|move: Taunt
|move|p1a: Mega Chansey|Seismic Toss|p2a: Serperior
|-damage|p2a: Serperior|131\/291
|
|-heal|p1a: Mega Chansey|473\/651|[from] item: Leftovers
|turn|22
|
|switch|p1a: batsy watzy|Crobat, M|373\/373
|-damage|p1a: batsy watzy|280\/373|[from] Stealth Rock
|move|p2a: Serperior|Leaf Storm|p1a: batsy watzy
|-resisted|p1a: batsy watzy
|-damage|p1a: batsy watzy|173\/373
|-boost|p2a: Serperior|spa|2
|
|-heal|p1a: batsy watzy|196\/373|[from] item: Black Sludge
|turn|23
|
|switch|p2a: Hydreigon|Hydreigon, F|325\/325
|move|p1a: batsy watzy|Brave Bird|p2a: Hydreigon
|-damage|p2a: Hydreigon|184\/325
|-damage|p1a: batsy watzy|149\/373|[from] recoil|[of] p2a: Hydreigon
|
|-heal|p1a: batsy watzy|172\/373|[from] item: Black Sludge
|turn|24
|join|RowDog
|
|move|p2a: Hydreigon|Draco Meteor|p1a: batsy watzy
|-damage|p1a: batsy watzy|0 fnt
|-unboost|p2a: Hydreigon|spa|2
|faint|p1a: batsy watzy
|
|c|+dodmen|gg
|
|switch|p1a: onion fairy god|Celebi|401\/401
|-damage|p1a: onion fairy god|351\/401|[from] Stealth Rock
|turn|25
|c| Bob the Bro|gg
|
|switch|p2a: Serperior|Serperior, M|131\/291
|move|p1a: onion fairy god|Stealth Rock|p2a: Serperior
|-sidestart|p2: Yun0 Gasai|move: Stealth Rock
|
|-heal|p1a: onion fairy god|376\/401|[from] item: Leftovers
|turn|26
|raw|<div class="broadcast-red"><b>Moderated chat was set to +!<\/b><br \/>Only users of rank + and higher can talk.<\/div>
|
|move|p2a: Serperior|Taunt|p1a: onion fairy god
|-start|p1a: onion fairy god|move: Taunt
|move|p1a: onion fairy god|Giga Drain|p2a: Serperior
|-resisted|p2a: Serperior
|-damage|p2a: Serperior|81\/291
|-heal|p1a: onion fairy god|401\/401|[from] drain|[of] p2a: Serperior
|
|turn|27
|
|move|p2a: Serperior|Synthesis|p2a: Serperior
|-heal|p2a: Serperior|226\/291
|move|p1a: onion fairy god|Giga Drain|p2a: Serperior
|-resisted|p2a: Serperior
|-damage|p2a: Serperior|180\/291
|
|turn|28
|c|★pokemonisfun|wtf is this counter team
|c|★Yun0 Gasai|you didnt knew
|
|move|p2a: Serperior|Leaf Storm|p1a: onion fairy god
|-resisted|p1a: onion fairy god
|-damage|p1a: onion fairy god|302\/401
|-boost|p2a: Serperior|spa|2
|move|p1a: onion fairy god|Giga Drain|p2a: Serperior
|-resisted|p2a: Serperior
|-damage|p2a: Serperior|137\/291
|-heal|p1a: onion fairy god|324\/401|[from] drain|[of] p2a: Serperior
|
|-heal|p1a: onion fairy god|349\/401|[from] item: Leftovers
|-end|p1a: onion fairy god|move: Taunt
|turn|29
|c|★Yun0 Gasai|i had it
|c|★Yun0 Gasai|r u
|c|★Yun0 Gasai|srs
|
|move|p2a: Serperior|Taunt|p1a: onion fairy god
|-start|p1a: onion fairy god|move: Taunt
|move|p1a: onion fairy god|Giga Drain|p2a: Serperior
|-resisted|p2a: Serperior
|-damage|p2a: Serperior|89\/291
|-heal|p1a: onion fairy god|373\/401|[from] drain|[of] p2a: Serperior
|
|-heal|p1a: onion fairy god|398\/401|[from] item: Leftovers
|turn|30
|
|move|p2a: Serperior|Leaf Storm|p1a: onion fairy god
|-resisted|p1a: onion fairy god
|-damage|p1a: onion fairy god|205\/401
|-boost|p2a: Serperior|spa|2
|move|p1a: onion fairy god|Giga Drain|p2a: Serperior
|-resisted|p2a: Serperior
|-damage|p2a: Serperior|47\/291
|-heal|p1a: onion fairy god|226\/401|[from] drain|[of] p2a: Serperior
|
|-heal|p1a: onion fairy god|251\/401|[from] item: Leftovers
|turn|31
|
|move|p2a: Serperior|Synthesis|p2a: Serperior
|-heal|p2a: Serperior|192\/291
|move|p1a: onion fairy god|Giga Drain|p2a: Serperior
|-resisted|p2a: Serperior
|-damage|p2a: Serperior|146\/291
|-heal|p1a: onion fairy god|274\/401|[from] drain|[of] p2a: Serperior
|
|-heal|p1a: onion fairy god|299\/401|[from] item: Leftovers
|-end|p1a: onion fairy god|move: Taunt
|turn|32
|
|move|p2a: Serperior|Taunt|p1a: onion fairy god
|-start|p1a: onion fairy god|move: Taunt
|cant|p1a: onion fairy god|move: Taunt|Recover
|
|-heal|p1a: onion fairy god|324\/401|[from] item: Leftovers
|turn|33
|
|move|p2a: Serperior|Hidden Power|p1a: onion fairy god
|-supereffective|p1a: onion fairy god
|-damage|p1a: onion fairy god|52\/401
|move|p1a: onion fairy god|Giga Drain|p2a: Serperior
|-resisted|p2a: Serperior
|-damage|p2a: Serperior|101\/291
|-heal|p1a: onion fairy god|75\/401|[from] drain|[of] p2a: Serperior
|
|-heal|p1a: onion fairy god|100\/401|[from] item: Leftovers
|turn|34
|
|move|p2a: Serperior|Synthesis|p2a: Serperior
|-heal|p2a: Serperior|246\/291
|move|p1a: onion fairy god|Giga Drain|p2a: Serperior
|-resisted|p2a: Serperior
|-damage|p2a: Serperior|201\/291
|-heal|p1a: onion fairy god|123\/401|[from] drain|[of] p2a: Serperior
|
|-heal|p1a: onion fairy god|148\/401|[from] item: Leftovers
|-end|p1a: onion fairy god|move: Taunt
|turn|35
|c|★pokemonisfun|what
|c|★pokemonisfun|do you have 6 moves
|c|★Yun0 Gasai|yes
|
|move|p2a: Serperior|Hidden Power|p1a: onion fairy god
|-supereffective|p1a: onion fairy god
|-damage|p1a: onion fairy god|0 fnt
|faint|p1a: onion fairy god
|
|-message|pokemonisfun forfeited.
|
|win|Yun0 Gasai
|raw|Ladder updating...
|leave|pokemonisfun
|player|p1
|raw|pokemonisfun's rating: 1748 &rarr; <strong>1714<\/strong><br \/>(-34 for losing)
|raw|Yun0 Gasai's rating: 1460 &rarr; <strong>1494<\/strong><br \/>(+34 for winning)
|c|★Yun0 Gasai|rip
|c|+dodmen|REKT
|join|pokemonisfun