|join|Rowdy Ronda
|join|Megi
|player|p1|Rowdy Ronda|138
|player|p2|Megi|169
|gametype|singles
|gen|6
|tier|UU
|rated
|rule|Sleep Clause Mod: Limit one foe put to sleep
|rule|Species Clause: Limit one of each Pokémon
|rule|OHKO Clause: OHKO moves are banned
|rule|Moody Clause: Moody is banned
|rule|Evasion Moves Clause: Evasion moves are banned
|rule|Endless Battle Clause: Forcing endless battles is banned
|rule|HP Percentage Mod: HP is shown in percentages
|clearpoke
|poke|p1|Lopunny, M
|poke|p1|Aerodactyl, F
|poke|p1|Suicune
|poke|p1|Slurpuff, M
|poke|p1|Haxorus, M
|poke|p1|Jirachi
|poke|p2|Donphan, M
|poke|p2|Ampharos, F
|poke|p2|Porygon2
|poke|p2|Vaporeon, M
|poke|p2|Honchkrow, M
|poke|p2|Lucario, M
|rule|Swagger Clause: Swagger is banned
|rule|Baton Pass Clause: Limit one Pokémon knowing Baton Pass
|teampreview
|
|start
|switch|p1a: Lopunny|Lopunny, M|272\/272
|switch|p2a: Donphan|Donphan, M|384\/384
|turn|1
|
|detailschange|p1a: Lopunny|Lopunny-Mega, M
|message|Lopunny has Mega Evolved into Mega Lopunny!
|move|p1a: Lopunny|Fake Out|p2a: Donphan
|-damage|p2a: Donphan|321\/384
|cant|p2a: Donphan|flinch
|
|turn|2
|
|move|p1a: Lopunny|High Jump Kick|p2a: Donphan
|-damage|p2a: Donphan|120\/384
|move|p2a: Donphan|Earthquake|p1a: Lopunny
|-damage|p1a: Lopunny|73\/272
|
|turn|3
|
|move|p2a: Donphan|Ice Shard|p1a: Lopunny
|-damage|p1a: Lopunny|22\/272
|move|p1a: Lopunny|High Jump Kick|p2a: Donphan
|-damage|p2a: Donphan|0 fnt
|faint|p2a: Donphan
|
|
|switch|p2a: Lucario|Lucario, M|281\/281
|turn|4
|
|switch|p1a: Suicune|Suicune|355\/355
|-ability|p1a: Suicune|Pressure
|move|p2a: Lucario|Vacuum Wave|p1a: Suicune
|-damage|p1a: Suicune|277\/355
|-damage|p2a: Lucario|253\/281|[from] item: Life Orb
|
|-heal|p1a: Suicune|299\/355|[from] item: Leftovers
|turn|5
|
|move|p2a: Lucario|Nasty Plot|p2a: Lucario
|-boost|p2a: Lucario|spa|2
|move|p1a: Suicune|Hydro Pump|p2a: Lucario
|-damage|p2a: Lucario|22\/281
|
|-heal|p1a: Suicune|321\/355|[from] item: Leftovers
|turn|6
|
|switch|p1a: Aerodactyl|Aerodactyl, F|301\/301
|-ability|p1a: Aerodactyl|Unnerve|p2: Megi
|move|p2a: Lucario|Aura Sphere|p1a: Aerodactyl
|-enditem|p1a: Aerodactyl|Focus Sash
|-damage|p1a: Aerodactyl|1\/301
|-damage|p2a: Lucario|0 fnt|[from] item: Life Orb
|faint|p2a: Lucario
|
|
|switch|p2a: Honchkrow|Honchkrow, M|341\/341
|turn|7
|
|move|p1a: Aerodactyl|Stealth Rock|p2a: Honchkrow
|-sidestart|p2: Megi|move: Stealth Rock
|move|p2a: Honchkrow|Brave Bird|p1a: Aerodactyl
|-resisted|p1a: Aerodactyl
|-damage|p1a: Aerodactyl|0 fnt
|-damage|p2a: Honchkrow|340\/341|[from] recoil|[of] p1a: Aerodactyl
|-damage|p2a: Honchkrow|306\/341|[from] item: Life Orb
|faint|p1a: Aerodactyl
|-boost|p2a: Honchkrow|atk|1|[from] ability: Moxie
|
|
|switch|p1a: Jirachi|Jirachi|341\/341
|turn|8
|
|move|p1a: Jirachi|Healing Wish|p1a: Jirachi
|faint|p1a: Jirachi
|move|p2a: Honchkrow|Brave Bird|p1: Jirachi|[notarget]
|-notarget
|
|
|switch|p1a: Lopunny|Lopunny-Mega, M|22\/272
|-heal|p1a: Lopunny|272\/272|[from] move: Healing Wish
|turn|9
|
|move|p1a: Lopunny|Fake Out|p2a: Honchkrow
|-damage|p2a: Honchkrow|189\/341
|cant|p2a: Honchkrow|flinch
|
|turn|10
|
|move|p2a: Honchkrow|Sucker Punch|p1a: Lopunny
|-crit|p1a: Lopunny
|-resisted|p1a: Lopunny
|-damage|p1a: Lopunny|54\/272
|-damage|p2a: Honchkrow|155\/341|[from] item: Life Orb
|move|p1a: Lopunny|Return|p2a: Honchkrow
|-damage|p2a: Honchkrow|0 fnt
|faint|p2a: Honchkrow
|
|
|switch|p2a: Vaporeon|Vaporeon, M|450\/450
|-damage|p2a: Vaporeon|394\/450|[from] Stealth Rock
|turn|11
|
|move|p2a: Vaporeon|Protect|p2a: Vaporeon
|-singleturn|p2a: Vaporeon|Protect
|move|p1a: Lopunny|Return|p2a: Vaporeon
|-activate|p2a: Vaporeon|Protect
|
|-heal|p2a: Vaporeon|422\/450|[from] item: Leftovers
|turn|12
|
|move|p1a: Lopunny|Encore|p2a: Vaporeon
|-start|p2a: Vaporeon|Encore
|move|p2a: Vaporeon|Protect|p2a: Vaporeon
|-fail|p2a: Vaporeon
|
|-heal|p2a: Vaporeon|450\/450|[from] item: Leftovers
|turn|13
|
|switch|p2a: Porygon2|Porygon2|374\/374
|-damage|p2a: Porygon2|328\/374|[from] Stealth Rock
|-ability|p2a: Porygon2|Scrappy|[from] ability: Trace|[of] p1a: Lopunny
|move|p1a: Lopunny|Return|p2a: Porygon2
|-damage|p2a: Porygon2|229\/374
|
|turn|14
|
|move|p1a: Lopunny|High Jump Kick|p2a: Porygon2
|-supereffective|p2a: Porygon2
|-damage|p2a: Porygon2|0 fnt
|faint|p2a: Porygon2
|
|
|switch|p2a: Vaporeon|Vaporeon, M|450\/450
|-damage|p2a: Vaporeon|394\/450|[from] Stealth Rock
|turn|15
|
|move|p1a: Lopunny|High Jump Kick|p2a: Vaporeon
|-crit|p2a: Vaporeon
|-damage|p2a: Vaporeon|43\/450
|move|p2a: Vaporeon|Scald|p1a: Lopunny
|-damage|p1a: Lopunny|0 fnt
|faint|p1a: Lopunny
|
|-heal|p2a: Vaporeon|71\/450|[from] item: Leftovers
|
|switch|p1a: Suicune|Suicune|321\/355
|-ability|p1a: Suicune|Pressure
|turn|16
|
|move|p1a: Suicune|Hidden Power|p2a: Vaporeon
|-supereffective|p2a: Vaporeon
|-damage|p2a: Vaporeon|0 fnt
|faint|p2a: Vaporeon
|
|-heal|p1a: Suicune|343\/355|[from] item: Leftovers
|
|switch|p2a: Ampharos|Ampharos, F|384\/384
|-damage|p2a: Ampharos|336\/384|[from] Stealth Rock
|turn|17
|
|detailschange|p2a: Ampharos|Ampharos-Mega, F
|message|Ampharos has Mega Evolved into Mega Ampharos!
|-ability|p2a: Ampharos|Mold Breaker
|move|p1a: Suicune|Calm Mind|p1a: Suicune
|-boost|p1a: Suicune|spa|1
|-boost|p1a: Suicune|spd|1
|move|p2a: Ampharos|Discharge|p1a: Suicune
|-supereffective|p1a: Suicune
|-damage|p1a: Suicune|167\/355
|
|-heal|p1a: Suicune|189\/355|[from] item: Leftovers
|turn|18
|
|move|p1a: Suicune|Ice Beam|p2a: Ampharos
|-supereffective|p2a: Ampharos
|-damage|p2a: Ampharos|148\/384
|move|p2a: Ampharos|Discharge|p1a: Suicune
|-supereffective|p1a: Suicune
|-damage|p1a: Suicune|19\/355
|
|-heal|p1a: Suicune|41\/355|[from] item: Leftovers
|turn|19
|
|move|p1a: Suicune|Ice Beam|p2a: Ampharos
|-supereffective|p2a: Ampharos
|-damage|p2a: Ampharos|0 fnt
|faint|p2a: Ampharos
|
|win|Rowdy Ronda
|raw|Ladder updating...
|raw|Rowdy Ronda's rating: 1460 &rarr; <strong>1475<\/strong><br \/>(+15 for winning)
|raw|Megi's rating: 1367 &rarr; <strong>1353<\/strong><br \/>(-14 for losing)
|leave|Megi
|player|p2