|join|u got topor'ed
|join|bigdickplayer
|player|p1|u got topor'ed|167
|player|p2|bigdickplayer|2
|gametype|singles
|gen|6
|tier|OU
|rated
|clearpoke
|poke|p1|Cottonee, F
|poke|p1|Azelf
|poke|p1|Gothitelle, M
|poke|p1|Whimsicott, M
|poke|p1|Smeargle, M
|poke|p1|Espeon, M
|poke|p2|Garchomp, F
|poke|p2|Greninja, M
|poke|p2|Scizor, M
|poke|p2|Bisharp, F
|poke|p2|Landorus-Therian, M
|poke|p2|Latias, F
|rule|Swagger Clause: Swagger is banned
|rule|Baton Pass Clause: Limit one Pokémon knowing Baton Pass
|rule|Sleep Clause Mod: Limit one foe put to sleep
|rule|Species Clause: Limit one of each Pokémon
|rule|OHKO Clause: OHKO moves are banned
|rule|Moody Clause: Moody is banned
|rule|Evasion Moves Clause: Evasion moves are banned
|rule|Endless Battle Clause: Forcing endless battles is banned
|rule|HP Percentage Mod: HP is shown in percentages
|teampreview
|
|start
|switch|p1a: Cottonee|Cottonee, F|284\/284
|switch|p2a: Landorus-Therian|Landorus-Therian, M|320\/320
|-ability|p2a: Landorus-Therian|Intimidate|[of] p1a: Cottonee
|-unboost|p1a: Cottonee|atk|1
|turn|1
|
|move|p1a: Cottonee|Taunt|p2a: Landorus-Therian
|-start|p2a: Landorus-Therian|move: Taunt
|move|p2a: Landorus-Therian|U-turn|p1a: Cottonee
|-crit|p1a: Cottonee
|-damage|p1a: Cottonee|76\/284
|
|switch|p2a: Bisharp|Bisharp, F|272\/272
|
|turn|2
|
|move|p1a: Cottonee|Stun Spore|p2a: Bisharp
|-status|p2a: Bisharp|par
|move|p2a: Bisharp|Iron Head|p1a: Cottonee
|-crit|p1a: Cottonee
|-supereffective|p1a: Cottonee
|-damage|p1a: Cottonee|0 fnt
|-damage|p2a: Bisharp|245\/272 par|[from] item: Life Orb
|faint|p1a: Cottonee
|
|
|switch|p1a: Gothitelle|Gothitelle, M|344\/344
|turn|3
|
|cant|p2a: Bisharp|par
|move|p1a: Gothitelle|Hidden Power|p2a: Bisharp
|-supereffective|p2a: Bisharp
|-damage|p2a: Bisharp|0 fnt
|faint|p2a: Bisharp
|
|c|★bigdickplayer|nice hax bro
|
|switch|p2a: Greninja|Greninja, M|286\/286
|turn|4
|
|move|p2a: Greninja|Spikes|p1a: Gothitelle
|-start|p2a: Greninja|typechange|Ground|[from] Protean
|-sidestart|p1: u got topor'ed|Spikes
|move|p1a: Gothitelle|Hidden Power|p2a: Greninja
|-damage|p2a: Greninja|171\/286
|
|turn|5
|
|move|p2a: Greninja|Hydro Pump|p1a: Gothitelle
|-start|p2a: Greninja|typechange|Water|[from] Protean
|-damage|p1a: Gothitelle|132\/344
|-damage|p2a: Greninja|143\/286|[from] item: Life Orb
|move|p1a: Gothitelle|Hidden Power|p2a: Greninja
|-resisted|p2a: Greninja
|-damage|p2a: Greninja|76\/286
|
|turn|6
|
|move|p2a: Greninja|Hydro Pump|p1a: Gothitelle
|-damage|p1a: Gothitelle|0 fnt
|-damage|p2a: Greninja|48\/286|[from] item: Life Orb
|faint|p1a: Gothitelle
|
|
|switch|p1a: Azelf|Azelf|354\/354
|turn|7
|
|move|p2a: Greninja|Hydro Pump|p1a: Azelf|[miss]
|-miss|p2a: Greninja|p1a: Azelf
|move|p1a: Azelf|Reflect|p1a: Azelf
|-sidestart|p1: u got topor'ed|Reflect
|
|turn|8
|c|★bigdickplayer|are fucking serious
|
|move|p2a: Greninja|Hydro Pump|p1a: Azelf
|-damage|p1a: Azelf|65\/354
|-damage|p2a: Greninja|20\/286|[from] item: Life Orb
|move|p1a: Azelf|Explosion|p2a: Greninja
|-damage|p2a: Greninja|0 fnt
|faint|p1a: Azelf
|faint|p2a: Greninja
|
|
|switch|p2a: Latias|Latias, F|302\/302
|switch|p1a: Whimsicott|Whimsicott, M|324\/324
|-damage|p1a: Whimsicott|284\/324|[from] Spikes
|turn|9
|
|move|p1a: Whimsicott|Taunt|p2a: Latias
|-start|p2a: Latias|move: Taunt
|move|p2a: Latias|Psyshock|p1a: Whimsicott
|-damage|p1a: Whimsicott|127\/324
|-damage|p2a: Latias|272\/302|[from] item: Life Orb
|
|turn|10
|
|switch|p2a: Landorus-Therian|Landorus-Therian, M|320\/320
|-ability|p2a: Landorus-Therian|Intimidate|[of] p1a: Whimsicott
|-unboost|p1a: Whimsicott|atk|1
|move|p1a: Whimsicott|Tailwind|p1a: Whimsicott
|-sidestart|p1: u got topor'ed|move: Tailwind
|
|turn|11
|
|switch|p2a: Latias|Latias, F|272\/302
|move|p1a: Whimsicott|Memento|p2a: Latias
|-unboost|p2a: Latias|atk|2
|-unboost|p2a: Latias|spa|2
|faint|p1a: Whimsicott
|
|
|switch|p1a: Smeargle|Smeargle, M|314\/314
|-damage|p1a: Smeargle|275\/314|[from] Spikes
|turn|12
|
|switch|p2a: Scizor|Scizor, M|281\/281
|move|p1a: Smeargle|Geomancy|p1a: Smeargle|[still]
|-prepare|p1a: Smeargle|Geomancy|p1a: Smeargle
|-enditem|p1a: Smeargle|Power Herb
|-anim|p1a: Smeargle|Geomancy|p1a: Smeargle
|-boost|p1a: Smeargle|spa|2
|-boost|p1a: Smeargle|spd|2
|-boost|p1a: Smeargle|spe|2
|
|turn|13
|
|detailschange|p2a: Scizor|Scizor-Mega, M
|message|Scizor has Mega Evolved into Mega Scizor!
|move|p1a: Smeargle|Spore|p2a: Scizor
|-status|p2a: Scizor|slp
|cant|p2a: Scizor|slp
|
|-sideend|p1: u got topor'ed|move: Tailwind
|turn|14
|
|move|p1a: Smeargle|Cotton Guard|p1a: Smeargle
|-boost|p1a: Smeargle|def|3
|-curestatus|p2a: Scizor|slp
|move|p2a: Scizor|Swords Dance|p2a: Scizor
|-boost|p2a: Scizor|atk|2
|
|-sideend|p1: u got topor'ed|Reflect
|turn|15
|
|move|p2a: Scizor|Bullet Punch|p1a: Smeargle
|-damage|p1a: Smeargle|136\/314
|move|p1a: Smeargle|Spore|p2a: Scizor
|-status|p2a: Scizor|slp
|
|turn|16
|
|move|p1a: Smeargle|Cotton Guard|p1a: Smeargle
|-boost|p1a: Smeargle|def|3
|cant|p2a: Scizor|slp
|
|turn|17
|
|move|p1a: Smeargle|Baton Pass|p1a: Smeargle
|
|switch|p1a: Espeon|Espeon, M|334\/334
|-damage|p1a: Espeon|293\/334|[from] Spikes
|cant|p2a: Scizor|slp
|
|-heal|p1a: Espeon|313\/334|[from] item: Leftovers
|turn|18
|
|move|p1a: Espeon|Stored Power|p2a: Scizor
|-resisted|p2a: Scizor
|-damage|p2a: Scizor|0 fnt
|faint|p2a: Scizor
|
|-heal|p1a: Espeon|333\/334|[from] item: Leftovers
|-message|bigdickplayer forfeited.
|
|win|u got topor'ed
|raw|Ladder updating...
|leave|bigdickplayer
|player|p2
|raw|u got topor&apos;ed's rating: 1908 &rarr; <strong>1918<\/strong><br \/>(+10 for winning)
|raw|bigdickplayer's rating: 1725 &rarr; <strong>1714<\/strong><br \/>(-11 for losing)