|join|destinyhero96
|join|bigdickplayer
|player|p1|destinyhero96|102
|player|p2|bigdickplayer|245
|gametype|singles
|gen|6
|tier|OU
|rated
|clearpoke
|poke|p1|Wobbuffet, M
|poke|p1|Sylveon, F
|poke|p1|Porygon-Z
|poke|p1|Ditto
|poke|p1|Bisharp, M
|poke|p1|Medicham, F
|poke|p2|Garchomp, M
|poke|p2|Absol, F
|poke|p2|Greninja, M
|poke|p2|Landorus-Therian, M
|poke|p2|Latias, F, shiny
|poke|p2|Bisharp, M
|rule|Swagger Clause: Swagger is banned
|rule|Baton Pass Clause: Limit one Pokémon knowing Baton Pass
|rule|Sleep Clause Mod: Limit one foe put to sleep
|rule|Species Clause: Limit one of each Pokémon
|rule|OHKO Clause: OHKO moves are banned
|rule|Moody Clause: Moody is banned
|rule|Evasion Moves Clause: Evasion moves are banned
|rule|Endless Battle Clause: Forcing endless battles is banned
|rule|HP Percentage Mod: HP is shown in percentages
|teampreview
|
|start
|switch|p1a: Wobbuffet|Wobbuffet, M|584\/584
|switch|p2a: Garchomp|Garchomp, M|357\/357
|turn|1
|
|move|p2a: Garchomp|Stealth Rock|p1a: Wobbuffet
|-sidestart|p1: destinyhero96|move: Stealth Rock
|move|p1a: Wobbuffet|Encore|p2a: Garchomp
|-start|p2a: Garchomp|Encore
|
|turn|2
|
|switch|p1a: Sylveon|Sylveon, F|394\/394
|-damage|p1a: Sylveon|345\/394|[from] Stealth Rock
|move|p2a: Garchomp|Stealth Rock|p1a: Sylveon
|-fail|p1a: Sylveon
|
|turn|3
|
|move|p2a: Garchomp|Stealth Rock|p1a: Sylveon
|-fail|p1a: Sylveon
|move|p1a: Sylveon|Hyper Voice|p2a: Garchomp
|-supereffective|p2a: Garchomp
|-enditem|p2a: Garchomp|Focus Sash
|-damage|p2a: Garchomp|1\/357
|
|turn|4
|
|move|p2a: Garchomp|Stealth Rock|p1a: Sylveon
|-fail|p1a: Sylveon
|move|p1a: Sylveon|Hyper Voice|p2a: Garchomp
|-supereffective|p2a: Garchomp
|-damage|p2a: Garchomp|0 fnt
|faint|p2a: Garchomp
|
|
|switch|p2a: Bisharp|Bisharp, M|272\/272
|turn|5
|
|move|p2a: Bisharp|Iron Head|p1a: Sylveon
|-supereffective|p1a: Sylveon
|-damage|p1a: Sylveon|0 fnt
|-damage|p2a: Bisharp|245\/272|[from] item: Life Orb
|faint|p1a: Sylveon
|
|
|switch|p1a: Medicham|Medicham, F|262\/262
|-damage|p1a: Medicham|246\/262|[from] Stealth Rock
|turn|6
|
|switch|p2a: Landorus-Therian|Landorus-Therian, M|319\/319
|-ability|p2a: Landorus-Therian|Intimidate|[of] p1a: Medicham
|-unboost|p1a: Medicham|atk|1
|detailschange|p1a: Medicham|Medicham-Mega, F
|message|Medicham has Mega Evolved into Mega Medicham!
|move|p1a: Medicham|High Jump Kick|p2a: Landorus-Therian
|-resisted|p2a: Landorus-Therian
|-damage|p2a: Landorus-Therian|186\/319
|
|turn|7
|
|move|p2a: Landorus-Therian|U-turn|p1a: Medicham
|-damage|p1a: Medicham|141\/262
|
|switch|p2a: Greninja|Greninja, M|286\/286
|move|p1a: Medicham|Ice Punch|p2a: Greninja
|-resisted|p2a: Greninja
|-damage|p2a: Greninja|216\/286
|
|turn|8
|
|move|p2a: Greninja|Scald|p1a: Medicham
|-start|p2a: Greninja|typechange|Water|[from] Protean
|-damage|p1a: Medicham|0 fnt
|-damage|p2a: Greninja|188\/286|[from] item: Life Orb
|faint|p1a: Medicham
|
|
|switch|p1a: Bisharp|Bisharp, M|272\/272
|-damage|p1a: Bisharp|255\/272|[from] Stealth Rock
|turn|9
|
|move|p2a: Greninja|Spikes|p1a: Bisharp
|-start|p2a: Greninja|typechange|Ground|[from] Protean
|-sidestart|p1: destinyhero96|Spikes
|move|p1a: Bisharp|Pursuit|p2a: Greninja
|-damage|p2a: Greninja|40\/286
|-damage|p1a: Bisharp|228\/272|[from] item: Life Orb
|
|turn|10
|
|move|p1a: Bisharp|Sucker Punch|p2a: Greninja
|-fail|p2a: Greninja
|move|p2a: Greninja|Spikes|p1a: Bisharp
|-sidestart|p1: destinyhero96|Spikes
|
|turn|11
|
|move|p1a: Bisharp|Sucker Punch|p2a: Greninja
|-crit|p2a: Greninja
|-damage|p2a: Greninja|0 fnt
|-damage|p1a: Bisharp|201\/272|[from] item: Life Orb
|faint|p2a: Greninja
|
|
|switch|p2a: Absol|Absol, F|271\/271
|turn|12
|
|detailschange|p2a: Absol|Absol-Mega, F
|message|Absol has Mega Evolved into Mega Absol!
|move|p2a: Absol|Fire Blast|p1a: Bisharp
|-supereffective|p1a: Bisharp
|-damage|p1a: Bisharp|0 fnt
|faint|p1a: Bisharp
|
|
|switch|p1a: Porygon-Z|Porygon-Z|312\/312
|-damage|p1a: Porygon-Z|273\/312|[from] Stealth Rock
|-damage|p1a: Porygon-Z|221\/312|[from] Spikes
|turn|13
|
|move|p2a: Absol|Sucker Punch|p1a: Porygon-Z
|-damage|p1a: Porygon-Z|28\/312
|move|p1a: Porygon-Z|Tri Attack|p2a: Absol
|-damage|p2a: Absol|0 fnt
|faint|p2a: Absol
|
|
|switch|p2a: Landorus-Therian|Landorus-Therian, M|186\/319
|-ability|p2a: Landorus-Therian|Intimidate|[of] p1a: Porygon-Z
|-unboost|p1a: Porygon-Z|atk|1
|turn|14
|
|move|p2a: Landorus-Therian|U-turn|p1a: Porygon-Z
|-damage|p1a: Porygon-Z|0 fnt
|faint|p1a: Porygon-Z
|
|switch|p2a: Bisharp|Bisharp, M|245\/272
|
|
|switch|p1a: Ditto|Ditto|300\/300
|-damage|p1a: Ditto|263\/300|[from] Stealth Rock
|-damage|p1a: Ditto|213\/300|[from] Spikes
|-transform|p1a: Ditto|p2a: Bisharp
|turn|15
|
|switch|p2a: Latias|Latias, F, shiny|301\/301
|move|p1a: Ditto|Knock Off|p2a: Latias
|-supereffective|p2a: Latias
|-damage|p2a: Latias|0 fnt
|-enditem|p2a: Latias|Life Orb|[from] move: Knock Off|[of] p1a: Ditto
|faint|p2a: Latias
|
|
|switch|p2a: Landorus-Therian|Landorus-Therian, M|186\/319
|-ability|p2a: Landorus-Therian|Intimidate|[of] p1a: Ditto
|-unboost|p1a: Ditto|atk|1
|-boost|p1a: Ditto|atk|2|[from] ability: Defiant
|turn|16
|
|switch|p1a: Wobbuffet|Wobbuffet, M|584\/584
|-damage|p1a: Wobbuffet|511\/584|[from] Stealth Rock
|-damage|p1a: Wobbuffet|414\/584|[from] Spikes
|move|p2a: Landorus-Therian|Earthquake|p1a: Wobbuffet
|-damage|p1a: Wobbuffet|168\/584
|
|-heal|p1a: Wobbuffet|204\/584|[from] item: Leftovers
|turn|17
|
|move|p2a: Landorus-Therian|Earthquake|p1a: Wobbuffet
|-damage|p1a: Wobbuffet|0 fnt
|faint|p1a: Wobbuffet
|
|
|switch|p1a: Ditto|Ditto|213\/300
|-damage|p1a: Ditto|163\/300|[from] Spikes
|-damage|p1a: Ditto|126\/300|[from] Stealth Rock
|-transform|p1a: Ditto|p2a: Landorus-Therian
|-ability|p1a: Ditto|Intimidate|[of] p2a: Landorus-Therian
|-unboost|p2a: Landorus-Therian|atk|1
|turn|18
|
|move|p2a: Landorus-Therian|Earthquake|p1a: Ditto
|-immune|p1a: Ditto|[msg]
|move|p1a: Ditto|Knock Off|p2a: Landorus-Therian
|-damage|p2a: Landorus-Therian|32\/319
|-enditem|p2a: Landorus-Therian|Choice Scarf|[from] move: Knock Off|[of] p1a: Ditto
|
|turn|19
|
|move|p1a: Ditto|Knock Off|p2a: Landorus-Therian
|-damage|p2a: Landorus-Therian|0 fnt
|faint|p2a: Landorus-Therian
|
|
|switch|p2a: Bisharp|Bisharp, M|245\/272
|turn|20
|
|move|p1a: Ditto|Knock Off|p2a: Bisharp
|-crit|p2a: Bisharp
|-resisted|p2a: Bisharp
|-damage|p2a: Bisharp|134\/272
|-enditem|p2a: Bisharp|Life Orb|[from] move: Knock Off|[of] p1a: Ditto
|move|p2a: Bisharp|Knock Off|p1a: Ditto
|-damage|p1a: Ditto|0 fnt
|-enditem|p1a: Ditto|Choice Scarf|[from] move: Knock Off|[of] p2a: Bisharp
|faint|p1a: Ditto
|
|win|bigdickplayer
|raw|Ladder updating...
|raw|destinyhero96's rating: 1805 &rarr; <strong>1783<\/strong><br \/>(-22 for losing)
|raw|bigdickplayer's rating: 1766 &rarr; <strong>1789<\/strong><br \/>(+23 for winning)
|leave|destinyhero96
|player|p1