|join|Tzu Yu Sun
|join|bigdickplayer
|player|p1|Tzu Yu Sun|33
|player|p2|bigdickplayer|266
|gametype|singles
|gen|6
|tier|OU
|rated
|clearpoke
|poke|p1|Excadrill, M
|poke|p1|Talonflame, M
|poke|p1|Porygon2
|poke|p1|Clefable, M
|poke|p1|Gengar, F
|poke|p1|Sharpedo, F
|poke|p2|Diancie
|poke|p2|Gothitelle, M
|poke|p2|Rotom-Wash
|poke|p2|Ferrothorn, F
|poke|p2|Keldeo-Resolute
|poke|p2|Landorus-Therian, M
|rule|Swagger Clause: Swagger is banned
|rule|Baton Pass Clause: Limit one Pokémon knowing Baton Pass
|rule|Sleep Clause Mod: Limit one foe put to sleep
|rule|Species Clause: Limit one of each Pokémon
|rule|OHKO Clause: OHKO moves are banned
|rule|Moody Clause: Moody is banned
|rule|Evasion Moves Clause: Evasion moves are banned
|rule|Endless Battle Clause: Forcing endless battles is banned
|rule|HP Percentage Mod: HP is shown in percentages
|teampreview
|
|start
|switch|p1a: Porygon2|Porygon2|374\/374
|switch|p2a: Diancie|Diancie|241\/241
|-ability|p1a: Porygon2|Clear Body|[from] ability: Trace|[of] p2a: Diancie
|turn|1
|
|detailschange|p2a: Diancie|Diancie-Mega
|message|Diancie has Mega Evolved into Mega Diancie!
|move|p2a: Diancie|Moonblast|p1a: Porygon2
|-damage|p1a: Porygon2|272\/374
|move|p1a: Porygon2|Discharge|p2a: Diancie
|-damage|p2a: Diancie|183\/241
|
|turn|2
|
|switch|p2a: Gothitelle|Gothitelle, M|282\/282
|move|p1a: Porygon2|Discharge|p2a: Gothitelle
|-damage|p2a: Gothitelle|222\/282
|
|turn|3
|
|move|p2a: Gothitelle|Trick|p1a: Porygon2
|-activate|p2a: Gothitelle|move: Trick|[of] p1a: Porygon2
|-item|p1a: Porygon2|Choice Scarf|[from] move: Trick
|-item|p2a: Gothitelle|Eviolite|[from] move: Trick
|move|p1a: Porygon2|Discharge|p2a: Gothitelle
|-damage|p2a: Gothitelle|162\/282
|-status|p2a: Gothitelle|par
|
|turn|4
|
|move|p1a: Porygon2|Discharge|p2a: Gothitelle
|-damage|p2a: Gothitelle|98\/282 par
|move|p2a: Gothitelle|Rest|p2a: Gothitelle
|-status|p2a: Gothitelle|slp
|-heal|p2a: Gothitelle|282\/282 slp|[silent]
|-status|p2a: Gothitelle|slp|[from] move: Rest
|
|turn|5
|
|cant|p2a: Gothitelle|slp
|move|p1a: Porygon2|Discharge|p2a: Gothitelle
|-damage|p2a: Gothitelle|225\/282 slp
|
|turn|6
|c|★Tzu Yu Sun|hello bigdickplayer
|c|★Tzu Yu Sun|how big is, your dick
|c|★Tzu Yu Sun|hello
|c|★Tzu Yu Sun|bigdickplayer
|
|cant|p2a: Gothitelle|slp
|move|p1a: Porygon2|Discharge|p2a: Gothitelle
|-damage|p2a: Gothitelle|166\/282 slp
|
|turn|7
|c|★Tzu Yu Sun|is your dick
|c|★Tzu Yu Sun|big?
|c|★Tzu Yu Sun|bigdickplayer
|c|★Tzu Yu Sun|?
|c|★Tzu Yu Sun|hello
|
|-curestatus|p2a: Gothitelle|slp
|move|p2a: Gothitelle|Psychic|p1a: Porygon2
|-damage|p1a: Porygon2|184\/374
|move|p1a: Porygon2|Discharge|p2a: Gothitelle
|-damage|p2a: Gothitelle|105\/282
|
|turn|8
|
|move|p2a: Gothitelle|Rest|p2a: Gothitelle
|-status|p2a: Gothitelle|slp
|-heal|p2a: Gothitelle|282\/282 slp|[silent]
|-status|p2a: Gothitelle|slp|[from] move: Rest
|move|p1a: Porygon2|Discharge|p2a: Gothitelle
|-damage|p2a: Gothitelle|222\/282 slp
|
|turn|9
|c|★Tzu Yu Sun|bigdickplayer, how big is your
|c|★Tzu Yu Sun|hello
|c|★Tzu Yu Sun|bigdickplayer
|
|cant|p2a: Gothitelle|slp
|move|p1a: Porygon2|Discharge|p2a: Gothitelle
|-damage|p2a: Gothitelle|159\/282 slp
|
|turn|10
|c|★Tzu Yu Sun|why is your dick
|c|★Tzu Yu Sun|hello
|c|★Tzu Yu Sun|bigdickplayer
|
|cant|p2a: Gothitelle|slp
|move|p1a: Porygon2|Discharge|p2a: Gothitelle
|-damage|p2a: Gothitelle|93\/282 slp
|
|turn|11
|
|-curestatus|p2a: Gothitelle|slp
|move|p2a: Gothitelle|Rest|p2a: Gothitelle
|-status|p2a: Gothitelle|slp
|-heal|p2a: Gothitelle|282\/282 slp|[silent]
|-status|p2a: Gothitelle|slp|[from] move: Rest
|move|p1a: Porygon2|Discharge|p2a: Gothitelle
|-damage|p2a: Gothitelle|220\/282 slp
|
|turn|12
|c|★Tzu Yu Sun|dickbigplayer
|
|cant|p2a: Gothitelle|slp
|move|p1a: Porygon2|Discharge|p2a: Gothitelle
|-damage|p2a: Gothitelle|154\/282 slp
|
|turn|13
|c|★Tzu Yu Sun|playerbigdick
|
|cant|p2a: Gothitelle|slp
|move|p1a: Porygon2|Discharge|p2a: Gothitelle
|-damage|p2a: Gothitelle|95\/282 slp
|
|turn|14
|c|★Tzu Yu Sun|dickdickplayer
|
|-curestatus|p2a: Gothitelle|slp
|move|p2a: Gothitelle|Psychic|p1a: Porygon2
|-damage|p1a: Porygon2|90\/374
|move|p1a: Porygon2|Discharge|p2a: Gothitelle
|-damage|p2a: Gothitelle|33\/282
|
|turn|15
|
|move|p2a: Gothitelle|Rest|p2a: Gothitelle
|-status|p2a: Gothitelle|slp
|-heal|p2a: Gothitelle|282\/282 slp|[silent]
|-status|p2a: Gothitelle|slp|[from] move: Rest
|move|p1a: Porygon2|Discharge|p2a: Gothitelle
|-damage|p2a: Gothitelle|218\/282 slp
|
|turn|16
|
|cant|p2a: Gothitelle|slp
|move|p1a: Porygon2|Discharge|p2a: Gothitelle
|-damage|p2a: Gothitelle|152\/282 slp
|
|turn|17
|
|cant|p2a: Gothitelle|slp
|move|p1a: Porygon2|Discharge|p2a: Gothitelle
|-damage|p2a: Gothitelle|94\/282 slp
|
|turn|18
|
|-curestatus|p2a: Gothitelle|slp
|move|p2a: Gothitelle|Calm Mind|p2a: Gothitelle
|-boost|p2a: Gothitelle|spa|1
|-boost|p2a: Gothitelle|spd|1
|move|p1a: Porygon2|Discharge|p2a: Gothitelle
|-damage|p2a: Gothitelle|56\/282
|
|turn|19
|
|move|p2a: Gothitelle|Rest|p2a: Gothitelle
|-status|p2a: Gothitelle|slp
|-heal|p2a: Gothitelle|282\/282 slp|[silent]
|-status|p2a: Gothitelle|slp|[from] move: Rest
|move|p1a: Porygon2|Discharge|p2a: Gothitelle
|-damage|p2a: Gothitelle|243\/282 slp
|
|turn|20
|
|cant|p2a: Gothitelle|slp
|move|p1a: Porygon2|Discharge|p2a: Gothitelle
|-damage|p2a: Gothitelle|203\/282 slp
|
|turn|21
|c|★Tzu Yu Sun|I bet you have aids because this is fucking gay
|
|cant|p2a: Gothitelle|slp
|move|p1a: Porygon2|Discharge|p2a: Gothitelle
|-damage|p2a: Gothitelle|163\/282 slp
|
|turn|22
|
|-curestatus|p2a: Gothitelle|slp
|move|p2a: Gothitelle|Trick|p1a: Porygon2
|-activate|p2a: Gothitelle|move: Trick|[of] p1a: Porygon2
|-item|p1a: Porygon2|Eviolite|[from] move: Trick
|-item|p2a: Gothitelle|Choice Scarf|[from] move: Trick
|move|p1a: Porygon2|Discharge|p2a: Gothitelle
|-damage|p2a: Gothitelle|124\/282
|
|turn|23
|
|move|p2a: Gothitelle|Psychic|p1a: Porygon2
|-damage|p1a: Porygon2|0 fnt
|faint|p1a: Porygon2
|
|
|switch|p1a: Gengar|Gengar, F|262\/262
|turn|24
|
|switch|p1a: Sharpedo|Sharpedo, F|281\/281
|move|p2a: Gothitelle|Psychic|p1a: Sharpedo
|-immune|p1a: Sharpedo|[msg]
|
|turn|25
|
|switch|p2a: Ferrothorn|Ferrothorn, F|352\/352
|move|p1a: Sharpedo|Protect|p1a: Sharpedo
|-fail|p1a: Sharpedo
|
|-boost|p1a: Sharpedo|spe|1|[from] ability: Speed Boost
|turn|26
|
|switch|p1a: Talonflame|Talonflame, M|297\/297
|move|p2a: Ferrothorn|Stealth Rock|p1a: Talonflame
|-sidestart|p1: Tzu Yu Sun|move: Stealth Rock
|
|turn|27
|
|switch|p2a: Rotom-Wash|Rotom-Wash|304\/304
|move|p1a: Talonflame|Swords Dance|p1a: Talonflame
|-boost|p1a: Talonflame|atk|2
|
|turn|28
|
|move|p1a: Talonflame|U-turn|p2a: Rotom-Wash
|-damage|p2a: Rotom-Wash|213\/304
|
|switch|p1a: Clefable|Clefable, M|394\/394
|-damage|p1a: Clefable|345\/394|[from] Stealth Rock
|move|p2a: Rotom-Wash|Hydro Pump|p1a: Clefable
|-damage|p1a: Clefable|197\/394
|
|-heal|p2a: Rotom-Wash|232\/304|[from] item: Leftovers
|-heal|p1a: Clefable|221\/394|[from] item: Leftovers
|turn|29
|
|move|p2a: Rotom-Wash|Volt Switch|p1a: Clefable
|-damage|p1a: Clefable|128\/394
|
|switch|p2a: Gothitelle|Gothitelle, M|124\/282
|move|p1a: Clefable|Stealth Rock|p2a: Gothitelle
|-sidestart|p2: bigdickplayer|move: Stealth Rock
|
|-heal|p1a: Clefable|152\/394|[from] item: Leftovers
|turn|30
|
|move|p2a: Gothitelle|Trick|p1a: Clefable
|-activate|p2a: Gothitelle|move: Trick|[of] p1a: Clefable
|-item|p1a: Clefable|Choice Scarf|[from] move: Trick
|-item|p2a: Gothitelle|Leftovers|[from] move: Trick
|move|p1a: Clefable|Moonblast|p2a: Gothitelle
|-damage|p2a: Gothitelle|18\/282
|-unboost|p2a: Gothitelle|spa|1
|
|-heal|p2a: Gothitelle|35\/282|[from] item: Leftovers
|turn|31
|
|move|p2a: Gothitelle|Rest|p2a: Gothitelle
|-status|p2a: Gothitelle|slp
|-heal|p2a: Gothitelle|282\/282 slp|[silent]
|-status|p2a: Gothitelle|slp|[from] move: Rest
|move|p1a: Clefable|Moonblast|p2a: Gothitelle
|-damage|p2a: Gothitelle|191\/282 slp
|
|-heal|p2a: Gothitelle|208\/282 slp|[from] item: Leftovers
|turn|32
|
|cant|p2a: Gothitelle|slp
|move|p1a: Clefable|Moonblast|p2a: Gothitelle
|-damage|p2a: Gothitelle|117\/282 slp
|-unboost|p2a: Gothitelle|spa|1
|
|-heal|p2a: Gothitelle|134\/282 slp|[from] item: Leftovers
|turn|33
|
|cant|p2a: Gothitelle|slp
|move|p1a: Clefable|Moonblast|p2a: Gothitelle
|-damage|p2a: Gothitelle|43\/282 slp
|-unboost|p2a: Gothitelle|spa|1
|
|-heal|p2a: Gothitelle|60\/282 slp|[from] item: Leftovers
|turn|34
|
|-curestatus|p2a: Gothitelle|slp
|move|p2a: Gothitelle|Rest|p2a: Gothitelle
|-status|p2a: Gothitelle|slp
|-heal|p2a: Gothitelle|282\/282 slp|[silent]
|-status|p2a: Gothitelle|slp|[from] move: Rest
|move|p1a: Clefable|Moonblast|p2a: Gothitelle
|-damage|p2a: Gothitelle|174\/282 slp
|-unboost|p2a: Gothitelle|spa|1
|
|-heal|p2a: Gothitelle|191\/282 slp|[from] item: Leftovers
|turn|35
|
|cant|p2a: Gothitelle|slp
|move|p1a: Clefable|Moonblast|p2a: Gothitelle
|-damage|p2a: Gothitelle|97\/282 slp
|
|-heal|p2a: Gothitelle|114\/282 slp|[from] item: Leftovers
|turn|36
|
|cant|p2a: Gothitelle|slp
|move|p1a: Clefable|Moonblast|p2a: Gothitelle
|-damage|p2a: Gothitelle|15\/282 slp
|
|-heal|p2a: Gothitelle|32\/282 slp|[from] item: Leftovers
|turn|37
|
|-curestatus|p2a: Gothitelle|slp
|move|p2a: Gothitelle|Rest|p2a: Gothitelle
|-status|p2a: Gothitelle|slp
|-heal|p2a: Gothitelle|282\/282 slp|[silent]
|-status|p2a: Gothitelle|slp|[from] move: Rest
|move|p1a: Clefable|Moonblast|p2a: Gothitelle
|-damage|p2a: Gothitelle|186\/282 slp
|-unboost|p2a: Gothitelle|spa|1
|
|-heal|p2a: Gothitelle|203\/282 slp|[from] item: Leftovers
|turn|38
|
|cant|p2a: Gothitelle|slp
|move|p1a: Clefable|Moonblast|p2a: Gothitelle
|-damage|p2a: Gothitelle|109\/282 slp
|
|-heal|p2a: Gothitelle|126\/282 slp|[from] item: Leftovers
|turn|39
|
|cant|p2a: Gothitelle|slp
|move|p1a: Clefable|Moonblast|p2a: Gothitelle
|-damage|p2a: Gothitelle|20\/282 slp
|
|-heal|p2a: Gothitelle|37\/282 slp|[from] item: Leftovers
|turn|40
|
|-curestatus|p2a: Gothitelle|slp
|move|p2a: Gothitelle|Rest|p2a: Gothitelle
|-status|p2a: Gothitelle|slp
|-heal|p2a: Gothitelle|282\/282 slp|[silent]
|-status|p2a: Gothitelle|slp|[from] move: Rest
|move|p1a: Clefable|Moonblast|p2a: Gothitelle
|-damage|p2a: Gothitelle|183\/282 slp
|
|-heal|p2a: Gothitelle|200\/282 slp|[from] item: Leftovers
|turn|41
|
|cant|p2a: Gothitelle|slp
|move|p1a: Clefable|Moonblast|p2a: Gothitelle
|-damage|p2a: Gothitelle|101\/282 slp
|
|-heal|p2a: Gothitelle|118\/282 slp|[from] item: Leftovers
|turn|42
|
|cant|p2a: Gothitelle|slp
|move|p1a: Clefable|Moonblast|p2a: Gothitelle
|-damage|p2a: Gothitelle|16\/282 slp
|
|-heal|p2a: Gothitelle|33\/282 slp|[from] item: Leftovers
|turn|43
|
|-curestatus|p2a: Gothitelle|slp
|move|p2a: Gothitelle|Rest|p2a: Gothitelle
|-status|p2a: Gothitelle|slp
|-heal|p2a: Gothitelle|282\/282 slp|[silent]
|-status|p2a: Gothitelle|slp|[from] move: Rest
|move|p1a: Clefable|Moonblast|p2a: Gothitelle
|-damage|p2a: Gothitelle|191\/282 slp
|
|-heal|p2a: Gothitelle|208\/282 slp|[from] item: Leftovers
|turn|44
|
|cant|p2a: Gothitelle|slp
|move|p1a: Clefable|Moonblast|p2a: Gothitelle
|-damage|p2a: Gothitelle|112\/282 slp
|-unboost|p2a: Gothitelle|spa|1
|
|-heal|p2a: Gothitelle|129\/282 slp|[from] item: Leftovers
|turn|45
|
|cant|p2a: Gothitelle|slp
|move|p1a: Clefable|Moonblast|p2a: Gothitelle
|-damage|p2a: Gothitelle|29\/282 slp
|
|-heal|p2a: Gothitelle|46\/282 slp|[from] item: Leftovers
|turn|46
|c|★Tzu Yu Sun|where is my crit
|
|-curestatus|p2a: Gothitelle|slp
|move|p2a: Gothitelle|Rest|p2a: Gothitelle
|-status|p2a: Gothitelle|slp
|-heal|p2a: Gothitelle|282\/282 slp|[silent]
|-status|p2a: Gothitelle|slp|[from] move: Rest
|move|p1a: Clefable|Moonblast|p2a: Gothitelle
|-damage|p2a: Gothitelle|188\/282 slp
|
|-heal|p2a: Gothitelle|205\/282 slp|[from] item: Leftovers
|turn|47
|
|cant|p2a: Gothitelle|slp
|move|p1a: Clefable|Moonblast|p2a: Gothitelle
|-damage|p2a: Gothitelle|97\/282 slp
|
|-heal|p2a: Gothitelle|114\/282 slp|[from] item: Leftovers
|turn|48
|c|★Tzu Yu Sun|fakc
|
|cant|p2a: Gothitelle|slp
|move|p1a: Clefable|Moonblast|p2a: Gothitelle
|-damage|p2a: Gothitelle|21\/282 slp
|
|-heal|p2a: Gothitelle|38\/282 slp|[from] item: Leftovers
|turn|49
|
|-curestatus|p2a: Gothitelle|slp
|move|p2a: Gothitelle|Rest|p2a: Gothitelle
|-status|p2a: Gothitelle|slp
|-heal|p2a: Gothitelle|282\/282 slp|[silent]
|-status|p2a: Gothitelle|slp|[from] move: Rest
|move|p1a: Clefable|Moonblast|p2a: Gothitelle
|-damage|p2a: Gothitelle|186\/282 slp
|
|-heal|p2a: Gothitelle|203\/282 slp|[from] item: Leftovers
|turn|50
|
|cant|p2a: Gothitelle|slp
|move|p1a: Clefable|Moonblast|p2a: Gothitelle
|-damage|p2a: Gothitelle|101\/282 slp
|
|-heal|p2a: Gothitelle|118\/282 slp|[from] item: Leftovers
|turn|51
|
|cant|p2a: Gothitelle|slp
|move|p1a: Clefable|Moonblast|p2a: Gothitelle
|-damage|p2a: Gothitelle|19\/282 slp
|
|-heal|p2a: Gothitelle|36\/282 slp|[from] item: Leftovers
|turn|52
|
|-curestatus|p2a: Gothitelle|slp
|move|p2a: Gothitelle|Rest|p2a: Gothitelle
|-status|p2a: Gothitelle|slp
|-heal|p2a: Gothitelle|282\/282 slp|[silent]
|-status|p2a: Gothitelle|slp|[from] move: Rest
|move|p1a: Clefable|Moonblast|p2a: Gothitelle
|-damage|p2a: Gothitelle|179\/282 slp
|
|-heal|p2a: Gothitelle|196\/282 slp|[from] item: Leftovers
|turn|53
|
|cant|p2a: Gothitelle|slp
|move|p1a: Clefable|Moonblast|p2a: Gothitelle
|-damage|p2a: Gothitelle|90\/282 slp
|
|-heal|p2a: Gothitelle|107\/282 slp|[from] item: Leftovers
|turn|54
|
|cant|p2a: Gothitelle|slp
|-activate|p1a: Clefable|move: Struggle
|move|p1a: Clefable|Struggle|p2a: Gothitelle
|-damage|p2a: Gothitelle|84\/282 slp
|-damage|p1a: Clefable|54\/394
|
|-heal|p2a: Gothitelle|101\/282 slp|[from] item: Leftovers
|turn|55
|
|-curestatus|p2a: Gothitelle|slp
|move|p2a: Gothitelle|Trick|p1a: Clefable
|-activate|p2a: Gothitelle|move: Trick|[of] p1a: Clefable
|-item|p1a: Clefable|Leftovers|[from] move: Trick
|-item|p2a: Gothitelle|Choice Scarf|[from] move: Trick
|-activate|p1a: Clefable|move: Struggle
|move|p1a: Clefable|Struggle|p2a: Gothitelle
|-damage|p2a: Gothitelle|77\/282
|-damage|p1a: Clefable|0 fnt
|faint|p1a: Clefable
|
|
|switch|p1a: Gengar|Gengar, F|262\/262
|-damage|p1a: Gengar|230\/262|[from] Stealth Rock
|turn|56
|
|switch|p1a: Sharpedo|Sharpedo, F|281\/281
|-damage|p1a: Sharpedo|246\/281|[from] Stealth Rock
|move|p2a: Gothitelle|Psychic|p1a: Sharpedo
|-immune|p1a: Sharpedo|[msg]
|
|turn|57
|
|switch|p2a: Ferrothorn|Ferrothorn, F|352\/352
|-damage|p2a: Ferrothorn|330\/352|[from] Stealth Rock
|move|p1a: Sharpedo|Crunch|p2a: Ferrothorn
|-damage|p2a: Ferrothorn|239\/352
|-damage|p1a: Sharpedo|211\/281|[from] ability: Iron Barbs|[of] p2a: Ferrothorn
|
|-heal|p2a: Ferrothorn|261\/352|[from] item: Leftovers
|-boost|p1a: Sharpedo|spe|1|[from] ability: Speed Boost
|turn|58
|c|★bigdickplayer|oooo makin playyyyss
|c|★bigdickplayer|hello
|c|★Tzu Yu Sun|you are a cunt
|c|★bigdickplayer|I just saw all the messages you sent
|-message|Tzu Yu Sun forfeited.
|
|win|bigdickplayer
|raw|Ladder updating...
|leave|Tzu Yu Sun
|player|p1
|raw|Tzu Yu Sun's rating: 1447 &rarr; <strong>1425<\/strong><br \/>(-22 for losing)
|raw|bigdickplayer's rating: 1419 &rarr; <strong>1441<\/strong><br \/>(+22 for winning)