|join|bigdickplayer
|join|spida rico
|player|p1|bigdickplayer|169
|player|p2|spida rico|1
|gametype|singles
|gen|6
|tier|OU
|rated
|clearpoke
|poke|p1|Terrakion
|poke|p1|Azumarill, F
|poke|p1|Skarmory, M
|poke|p1|Bisharp, F
|poke|p1|Manectric, M
|poke|p1|Heatran, F
|poke|p2|Suicune
|poke|p2|Clefable, F
|poke|p2|Latias, F
|poke|p2|Landorus-Therian, M
|poke|p2|Heatran, M
|poke|p2|Venusaur, F
|rule|Swagger Clause: Swagger is banned
|rule|Baton Pass Clause: Limit one Pokémon knowing Baton Pass
|rule|Sleep Clause Mod: Limit one foe put to sleep
|rule|Species Clause: Limit one of each Pokémon
|rule|OHKO Clause: OHKO moves are banned
|rule|Moody Clause: Moody is banned
|rule|Evasion Moves Clause: Evasion moves are banned
|rule|Endless Battle Clause: Forcing endless battles is banned
|rule|HP Percentage Mod: HP is shown in percentages
|teampreview
|
|start
|switch|p1a: Skarmory|Skarmory, M|334\/334
|switch|p2a: Heatran|Heatran, M|385\/385
|turn|1
|
|switch|p1a: Heatran|Heatran, F|386\/386
|move|p2a: Heatran|Stealth Rock|p1a: Heatran
|-sidestart|p1: bigdickplayer|move: Stealth Rock
|
|turn|2
|
|switch|p2a: Landorus-Therian|Landorus-Therian, M|319\/319
|-ability|p2a: Landorus-Therian|Intimidate|[of] p1a: Heatran
|-unboost|p1a: Heatran|atk|1
|move|p1a: Heatran|Earth Power|p2a: Landorus-Therian
|-immune|p2a: Landorus-Therian|[msg]
|
|turn|3
|
|move|p1a: Heatran|Protect|p1a: Heatran
|-singleturn|p1a: Heatran|Protect
|move|p2a: Landorus-Therian|U-turn|p1a: Heatran
|-activate|p1a: Heatran|Protect
|
|turn|4
|
|switch|p2a: Suicune|Suicune|404\/404
|-ability|p2a: Suicune|Pressure
|move|p1a: Heatran|Lava Plume|p2a: Suicune
|-resisted|p2a: Suicune
|-damage|p2a: Suicune|348\/404
|
|-heal|p2a: Suicune|373\/404|[from] item: Leftovers
|turn|5
|
|switch|p1a: Skarmory|Skarmory, M|334\/334
|-damage|p1a: Skarmory|293\/334|[from] Stealth Rock
|move|p2a: Suicune|Calm Mind|p2a: Suicune
|-boost|p2a: Suicune|spa|1
|-boost|p2a: Suicune|spd|1
|
|-heal|p2a: Suicune|398\/404|[from] item: Leftovers
|turn|6
|
|move|p2a: Suicune|Scald|p1a: Skarmory
|-damage|p1a: Skarmory|119\/334
|move|p1a: Skarmory|Stealth Rock|p2a: Suicune
|-sidestart|p2: spida rico|move: Stealth Rock
|
|-heal|p2a: Suicune|404\/404|[from] item: Leftovers
|turn|7
|
|switch|p1a: Azumarill|Azumarill, F|404\/404
|-damage|p1a: Azumarill|354\/404|[from] Stealth Rock
|move|p2a: Suicune|Scald|p1a: Azumarill
|-resisted|p1a: Azumarill
|-damage|p1a: Azumarill|300\/404
|
|turn|8
|
|move|p2a: Suicune|Scald|p1a: Azumarill
|-resisted|p1a: Azumarill
|-damage|p1a: Azumarill|249\/404
|move|p1a: Azumarill|Knock Off|p2a: Suicune
|-damage|p2a: Suicune|304\/404
|-enditem|p2a: Suicune|Leftovers|[from] move: Knock Off|[of] p1a: Azumarill
|
|turn|9
|
|move|p2a: Suicune|Scald|p1a: Azumarill
|-resisted|p1a: Azumarill
|-damage|p1a: Azumarill|197\/404
|-status|p1a: Azumarill|brn
|move|p1a: Azumarill|Play Rough|p2a: Suicune
|-damage|p2a: Suicune|243\/404
|
|-damage|p1a: Azumarill|147\/404 brn|[from] brn
|turn|10
|
|move|p2a: Suicune|Calm Mind|p2a: Suicune
|-boost|p2a: Suicune|spa|1
|-boost|p2a: Suicune|spd|1
|move|p1a: Azumarill|Play Rough|p2a: Suicune
|-damage|p2a: Suicune|177\/404
|-unboost|p2a: Suicune|atk|1
|
|-damage|p1a: Azumarill|97\/404 brn|[from] brn
|turn|11
|
|move|p2a: Suicune|Calm Mind|p2a: Suicune
|-boost|p2a: Suicune|spa|1
|-boost|p2a: Suicune|spd|1
|move|p1a: Azumarill|Play Rough|p2a: Suicune
|-damage|p2a: Suicune|107\/404
|
|-damage|p1a: Azumarill|47\/404 brn|[from] brn
|turn|12
|
|move|p2a: Suicune|Rest|p2a: Suicune
|-status|p2a: Suicune|slp
|-heal|p2a: Suicune|404\/404 slp|[silent]
|-status|p2a: Suicune|slp|[from] move: Rest
|move|p1a: Azumarill|Play Rough|p2a: Suicune
|-damage|p2a: Suicune|338\/404 slp
|
|-damage|p1a: Azumarill|0 fnt|[from] brn
|faint|p1a: Azumarill
|
|switch|p1a: Terrakion|Terrakion|323\/323
|-damage|p1a: Terrakion|303\/323|[from] Stealth Rock
|turn|13
|
|move|p1a: Terrakion|Substitute|p1a: Terrakion
|-start|p1a: Terrakion|Substitute
|-damage|p1a: Terrakion|223\/323
|cant|p2a: Suicune|slp
|move|p2a: Suicune|Sleep Talk|p2a: Suicune
|move|p2a: Suicune|Rest|p2a: Suicune|[from]Sleep Talk
|-fail|p2a: Suicune
|
|-heal|p1a: Terrakion|243\/323|[from] item: Leftovers
|turn|14
|
|move|p1a: Terrakion|Swords Dance|p1a: Terrakion
|-boost|p1a: Terrakion|atk|2
|cant|p2a: Suicune|slp
|move|p2a: Suicune|Sleep Talk|p2a: Suicune
|move|p2a: Suicune|Rest|p2a: Suicune|[from]Sleep Talk
|-fail|p2a: Suicune
|
|-heal|p1a: Terrakion|263\/323|[from] item: Leftovers
|turn|15
|
|move|p1a: Terrakion|Close Combat|p2a: Suicune
|-damage|p2a: Suicune|37\/404 slp
|-unboost|p1a: Terrakion|def|1
|-unboost|p1a: Terrakion|spd|1
|-curestatus|p2a: Suicune|slp
|move|p2a: Suicune|Scald|p1a: Terrakion
|-supereffective|p1a: Terrakion
|-end|p1a: Terrakion|Substitute
|
|-heal|p1a: Terrakion|283\/323|[from] item: Leftovers
|turn|16
|
|move|p1a: Terrakion|Close Combat|p2a: Suicune
|-damage|p2a: Suicune|0 fnt
|-unboost|p1a: Terrakion|def|1
|-unboost|p1a: Terrakion|spd|1
|faint|p2a: Suicune
|
|-heal|p1a: Terrakion|303\/323|[from] item: Leftovers
|
|switch|p2a: Landorus-Therian|Landorus-Therian, M|319\/319
|-damage|p2a: Landorus-Therian|280\/319|[from] Stealth Rock
|-ability|p2a: Landorus-Therian|Intimidate|[of] p1a: Terrakion
|-unboost|p1a: Terrakion|atk|1
|turn|17
|
|switch|p1a: Skarmory|Skarmory, M|119\/334
|-damage|p1a: Skarmory|78\/334|[from] Stealth Rock
|move|p2a: Landorus-Therian|Earthquake|p1a: Skarmory
|-immune|p1a: Skarmory|[msg]
|
|turn|18
|
|switch|p2a: Heatran|Heatran, M|385\/385
|-damage|p2a: Heatran|337\/385|[from] Stealth Rock
|move|p1a: Skarmory|Roost|p1a: Skarmory
|-heal|p1a: Skarmory|245\/334
|
|-heal|p2a: Heatran|361\/385|[from] item: Leftovers
|turn|19
|
|switch|p2a: Landorus-Therian|Landorus-Therian, M|280\/319
|-damage|p2a: Landorus-Therian|241\/319|[from] Stealth Rock
|-ability|p2a: Landorus-Therian|Intimidate|[of] p1a: Skarmory
|-unboost|p1a: Skarmory|atk|1
|switch|p1a: Heatran|Heatran, F|386\/386
|-damage|p1a: Heatran|338\/386|[from] Stealth Rock
|
|-heal|p1a: Heatran|362\/386|[from] item: Leftovers
|turn|20
|
|move|p1a: Heatran|Protect|p1a: Heatran
|-singleturn|p1a: Heatran|Protect
|move|p2a: Landorus-Therian|Earthquake|p1a: Heatran
|-activate|p1a: Heatran|Protect
|
|-heal|p1a: Heatran|386\/386|[from] item: Leftovers
|turn|21
|
|switch|p2a: Venusaur|Venusaur, F|359\/359
|-damage|p2a: Venusaur|315\/359|[from] Stealth Rock
|switch|p1a: Skarmory|Skarmory, M|245\/334
|-damage|p1a: Skarmory|204\/334|[from] Stealth Rock
|
|turn|22
|
|move|p2a: Venusaur|Hidden Power|p1a: Skarmory
|-supereffective|p1a: Skarmory
|-damage|p1a: Skarmory|30\/334
|move|p1a: Skarmory|Roost|p1a: Skarmory
|-heal|p1a: Skarmory|197\/334
|
|turn|23
|
|switch|p1a: Heatran|Heatran, F|386\/386
|-damage|p1a: Heatran|338\/386|[from] Stealth Rock
|detailschange|p2a: Venusaur|Venusaur-Mega, F
|message|Venusaur has Mega Evolved into Mega Venusaur!
|move|p2a: Venusaur|Hidden Power|p1a: Heatran
|-start|p1a: Heatran|ability: Flash Fire
|
|-heal|p1a: Heatran|362\/386|[from] item: Leftovers
|turn|24
|
|move|p2a: Venusaur|Leech Seed|p1a: Heatran
|-start|p1a: Heatran|move: Leech Seed
|move|p1a: Heatran|Lava Plume|p2a: Venusaur
|-supereffective|p2a: Venusaur
|-damage|p2a: Venusaur|157\/359
|
|-heal|p1a: Heatran|386\/386|[from] item: Leftovers
|-damage|p1a: Heatran|338\/386|[from] Leech Seed|[of] p2a: Venusaur
|-heal|p2a: Venusaur|205\/359|[silent]
|turn|25
|
|move|p2a: Venusaur|Synthesis|p2a: Venusaur
|-heal|p2a: Venusaur|359\/359
|move|p1a: Heatran|Lava Plume|p2a: Venusaur
|-crit|p2a: Venusaur
|-supereffective|p2a: Venusaur
|-damage|p2a: Venusaur|123\/359
|
|-heal|p1a: Heatran|362\/386|[from] item: Leftovers
|-damage|p1a: Heatran|314\/386|[from] Leech Seed|[of] p2a: Venusaur
|-heal|p2a: Venusaur|171\/359|[silent]
|turn|26
|
|move|p2a: Venusaur|Synthesis|p2a: Venusaur
|-heal|p2a: Venusaur|350\/359
|move|p1a: Heatran|Lava Plume|p2a: Venusaur
|-supereffective|p2a: Venusaur
|-damage|p2a: Venusaur|194\/359
|
|-heal|p1a: Heatran|338\/386|[from] item: Leftovers
|-damage|p1a: Heatran|290\/386|[from] Leech Seed|[of] p2a: Venusaur
|-heal|p2a: Venusaur|242\/359|[silent]
|turn|27
|
|move|p2a: Venusaur|Synthesis|p2a: Venusaur
|-heal|p2a: Venusaur|359\/359
|move|p1a: Heatran|Lava Plume|p2a: Venusaur
|-supereffective|p2a: Venusaur
|-damage|p2a: Venusaur|209\/359
|
|-heal|p1a: Heatran|314\/386|[from] item: Leftovers
|-damage|p1a: Heatran|266\/386|[from] Leech Seed|[of] p2a: Venusaur
|-heal|p2a: Venusaur|257\/359|[silent]
|turn|28
|
|switch|p2a: Heatran|Heatran, M|361\/385
|-damage|p2a: Heatran|313\/385|[from] Stealth Rock
|switch|p1a: Skarmory|Skarmory, M|197\/334
|-damage|p1a: Skarmory|156\/334|[from] Stealth Rock
|
|-heal|p2a: Heatran|337\/385|[from] item: Leftovers
|turn|29
|
|switch|p2a: Venusaur|Venusaur-Mega, F|257\/359
|-damage|p2a: Venusaur|213\/359|[from] Stealth Rock
|switch|p1a: Heatran|Heatran, F|266\/386
|-damage|p1a: Heatran|218\/386|[from] Stealth Rock
|
|-heal|p1a: Heatran|242\/386|[from] item: Leftovers
|turn|30
|
|move|p2a: Venusaur|Leech Seed|p1a: Heatran
|-start|p1a: Heatran|move: Leech Seed
|move|p1a: Heatran|Taunt|p2a: Venusaur
|-start|p2a: Venusaur|move: Taunt
|
|-heal|p1a: Heatran|266\/386|[from] item: Leftovers
|-damage|p1a: Heatran|218\/386|[from] Leech Seed|[of] p2a: Venusaur
|-heal|p2a: Venusaur|261\/359|[silent]
|turn|31
|
|switch|p1a: Manectric|Manectric, M|281\/281
|-damage|p1a: Manectric|246\/281|[from] Stealth Rock
|move|p2a: Venusaur|Sludge Bomb|p1a: Manectric
|-damage|p1a: Manectric|0 fnt
|faint|p1a: Manectric
|
|
|switch|p1a: Heatran|Heatran, F|218\/386
|-damage|p1a: Heatran|170\/386|[from] Stealth Rock
|turn|32
|
|switch|p2a: Heatran|Heatran, M|337\/385
|-damage|p2a: Heatran|289\/385|[from] Stealth Rock
|move|p1a: Heatran|Lava Plume|p2a: Heatran
|-start|p2a: Heatran|ability: Flash Fire
|
|-heal|p2a: Heatran|313\/385|[from] item: Leftovers
|-heal|p1a: Heatran|194\/386|[from] item: Leftovers
|turn|33
|
|switch|p2a: Landorus-Therian|Landorus-Therian, M|241\/319
|-damage|p2a: Landorus-Therian|202\/319|[from] Stealth Rock
|-ability|p2a: Landorus-Therian|Intimidate|[of] p1a: Heatran
|-unboost|p1a: Heatran|atk|1
|move|p1a: Heatran|Lava Plume|p2a: Landorus-Therian
|-damage|p2a: Landorus-Therian|64\/319
|
|-heal|p1a: Heatran|218\/386|[from] item: Leftovers
|turn|34
|c|★bigdickplayer|wooooow
|c|★bigdickplayer|no burn
|
|switch|p2a: Venusaur|Venusaur-Mega, F|261\/359
|-damage|p2a: Venusaur|217\/359|[from] Stealth Rock
|move|p1a: Heatran|Protect|p1a: Heatran
|-fail|p1a: Heatran
|
|-heal|p1a: Heatran|242\/386|[from] item: Leftovers
|turn|35
|
|move|p1a: Heatran|Protect|p1a: Heatran
|-singleturn|p1a: Heatran|Protect
|move|p2a: Venusaur|Leech Seed|p1a: Heatran
|-activate|p1a: Heatran|Protect
|
|-heal|p1a: Heatran|266\/386|[from] item: Leftovers
|turn|36
|
|move|p2a: Venusaur|Leech Seed|p1a: Heatran
|-start|p1a: Heatran|move: Leech Seed
|move|p1a: Heatran|Lava Plume|p2a: Venusaur
|-supereffective|p2a: Venusaur
|-damage|p2a: Venusaur|113\/359
|
|-heal|p1a: Heatran|290\/386|[from] item: Leftovers
|-damage|p1a: Heatran|242\/386|[from] Leech Seed|[of] p2a: Venusaur
|-heal|p2a: Venusaur|161\/359|[silent]
|turn|37
|
|move|p2a: Venusaur|Synthesis|p2a: Venusaur
|-heal|p2a: Venusaur|340\/359
|move|p1a: Heatran|Lava Plume|p2a: Venusaur
|-supereffective|p2a: Venusaur
|-damage|p2a: Venusaur|230\/359
|
|-heal|p1a: Heatran|266\/386|[from] item: Leftovers
|-damage|p1a: Heatran|218\/386|[from] Leech Seed|[of] p2a: Venusaur
|-heal|p2a: Venusaur|278\/359|[silent]
|turn|38
|
|switch|p1a: Terrakion|Terrakion|303\/323
|-damage|p1a: Terrakion|283\/323|[from] Stealth Rock
|move|p2a: Venusaur|Sludge Bomb|p1a: Terrakion
|-resisted|p1a: Terrakion
|-damage|p1a: Terrakion|198\/323
|-status|p1a: Terrakion|psn
|
|-heal|p1a: Terrakion|218\/323 psn|[from] item: Leftovers
|-damage|p1a: Terrakion|178\/323 psn|[from] psn
|turn|39
|c|★bigdickplayer|wtf
|c|★bigdickplayer|fuck off
|
|switch|p2a: Landorus-Therian|Landorus-Therian, M|64\/319
|-damage|p2a: Landorus-Therian|25\/319|[from] Stealth Rock
|-ability|p2a: Landorus-Therian|Intimidate|[of] p1a: Terrakion
|-unboost|p1a: Terrakion|atk|1
|move|p1a: Terrakion|Swords Dance|p1a: Terrakion
|-boost|p1a: Terrakion|atk|2
|
|-heal|p1a: Terrakion|198\/323 psn|[from] item: Leftovers
|-damage|p1a: Terrakion|158\/323 psn|[from] psn
|turn|40
|
|switch|p1a: Skarmory|Skarmory, M|156\/334
|-damage|p1a: Skarmory|115\/334|[from] Stealth Rock
|move|p2a: Landorus-Therian|Earthquake|p1a: Skarmory
|-immune|p1a: Skarmory|[msg]
|
|turn|41
|
|switch|p2a: Venusaur|Venusaur-Mega, F|278\/359
|-damage|p2a: Venusaur|234\/359|[from] Stealth Rock
|move|p1a: Skarmory|Whirlwind|p2a: Venusaur
|drag|p2a: Heatran|Heatran, M|313\/385
|-damage|p2a: Heatran|265\/385|[from] Stealth Rock
|
|-heal|p2a: Heatran|289\/385|[from] item: Leftovers
|turn|42
|
|switch|p1a: Heatran|Heatran, F|218\/386
|-damage|p1a: Heatran|170\/386|[from] Stealth Rock
|move|p2a: Heatran|Lava Plume|p1a: Heatran
|-start|p1a: Heatran|ability: Flash Fire
|
|-heal|p2a: Heatran|313\/385|[from] item: Leftovers
|-heal|p1a: Heatran|194\/386|[from] item: Leftovers
|turn|43
|
|switch|p2a: Latias|Latias, F|319\/319
|-damage|p2a: Latias|280\/319|[from] Stealth Rock
|move|p1a: Heatran|Taunt|p2a: Latias
|-start|p2a: Latias|move: Taunt
|
|-heal|p1a: Heatran|218\/386|[from] item: Leftovers
|turn|44
|
|move|p2a: Latias|Draco Meteor|p1a: Heatran
|-resisted|p1a: Heatran
|-damage|p1a: Heatran|124\/386
|-unboost|p2a: Latias|spa|2
|-damage|p2a: Latias|249\/319|[from] item: Life Orb
|move|p1a: Heatran|Lava Plume|p2a: Latias
|-resisted|p2a: Latias
|-damage|p2a: Latias|174\/319
|-status|p2a: Latias|brn
|
|-heal|p1a: Heatran|148\/386|[from] item: Leftovers
|-damage|p2a: Latias|135\/319 brn|[from] brn
|turn|45
|
|switch|p2a: Heatran|Heatran, M|313\/385
|-damage|p2a: Heatran|265\/385|[from] Stealth Rock
|move|p1a: Heatran|Earth Power|p2a: Heatran
|-supereffective|p2a: Heatran
|-damage|p2a: Heatran|21\/385
|
|-heal|p2a: Heatran|45\/385|[from] item: Leftovers
|-heal|p1a: Heatran|172\/386|[from] item: Leftovers
|turn|46
|
|move|p2a: Heatran|Toxic|p1a: Heatran
|-fail|p1a: Heatran
|move|p1a: Heatran|Taunt|p2a: Heatran
|-start|p2a: Heatran|move: Taunt
|
|-heal|p2a: Heatran|69\/385|[from] item: Leftovers
|-heal|p1a: Heatran|196\/386|[from] item: Leftovers
|turn|47
|
|switch|p2a: Landorus-Therian|Landorus-Therian, M|25\/319
|-damage|p2a: Landorus-Therian|0 fnt|[from] Stealth Rock
|faint|p2a: Landorus-Therian
|move|p1a: Heatran|Taunt|p2: Landorus-Therian|[notarget]
|-notarget
|
|-heal|p1a: Heatran|220\/386|[from] item: Leftovers
|
|switch|p2a: Venusaur|Venusaur-Mega, F|234\/359
|-damage|p2a: Venusaur|190\/359|[from] Stealth Rock
|turn|48
|
|move|p2a: Venusaur|Leech Seed|p1a: Heatran|[miss]
|-miss|p2a: Venusaur|p1a: Heatran
|move|p1a: Heatran|Lava Plume|p2a: Venusaur
|-supereffective|p2a: Venusaur
|-damage|p2a: Venusaur|34\/359
|-status|p2a: Venusaur|brn
|
|-heal|p1a: Heatran|244\/386|[from] item: Leftovers
|-damage|p2a: Venusaur|0 fnt|[from] brn
|faint|p2a: Venusaur
|c|★bigdickplayer|bitch
|
|switch|p2a: Clefable|Clefable, F|394\/394
|-damage|p2a: Clefable|345\/394|[from] Stealth Rock
|turn|49
|
|move|p1a: Heatran|Taunt|p2a: Clefable
|-start|p2a: Clefable|move: Taunt
|cant|p2a: Clefable|move: Taunt|Heal Bell
|
|-heal|p1a: Heatran|268\/386|[from] item: Leftovers
|-heal|p2a: Clefable|369\/394|[from] item: Leftovers
|turn|50
|
|switch|p2a: Heatran|Heatran, M|69\/385
|-damage|p2a: Heatran|21\/385|[from] Stealth Rock
|move|p1a: Heatran|Lava Plume|p2a: Heatran
|-start|p2a: Heatran|ability: Flash Fire
|
|-heal|p2a: Heatran|45\/385|[from] item: Leftovers
|-heal|p1a: Heatran|292\/386|[from] item: Leftovers
|turn|51
|leave|spida rico
|player|p2
|-message|spidarico lost due to inactivity.
|
|win|bigdickplayer
|raw|Ladder updating...
|raw|bigdickplayer's rating: 1612 &rarr; <strong>1635<\/strong><br \/>(+23 for winning)
|raw|spida rico's rating: 1661 &rarr; <strong>1638<\/strong><br \/>(-23 for losing)