|join|bigdickplayer
|join|Phillips
|player|p1|bigdickplayer|245
|player|p2|Phillips|290
|gametype|singles
|gen|6
|tier|OU
|rated
|clearpoke
|poke|p1|Raikou, shiny
|poke|p1|Chansey, F
|poke|p1|Breloom, F
|poke|p1|Skarmory, M
|poke|p1|Medicham, F
|poke|p1|Crawdaunt, M
|poke|p2|Mew
|poke|p2|Keldeo
|poke|p2|Azumarill, M
|poke|p2|Thundurus, M
|poke|p2|Kyurem-Black
|poke|p2|Landorus-Therian, M
|rule|Swagger Clause: Swagger is banned
|rule|Baton Pass Clause: Limit one Pokémon knowing Baton Pass
|rule|Sleep Clause Mod: Limit one foe put to sleep
|rule|Species Clause: Limit one of each Pokémon
|rule|OHKO Clause: OHKO moves are banned
|rule|Moody Clause: Moody is banned
|rule|Evasion Moves Clause: Evasion moves are banned
|rule|Endless Battle Clause: Forcing endless battles is banned
|rule|HP Percentage Mod: HP is shown in percentages
|teampreview
|
|start
|switch|p1a: Raikou|Raikou, shiny|322\/322
|switch|p2a: Keldeo|Keldeo|341\/341
|-ability|p1a: Raikou|Pressure
|turn|1
|
|switch|p2a: Landorus-Therian|Landorus-Therian, M|382\/382
|-ability|p2a: Landorus-Therian|Intimidate|[of] p1a: Raikou
|-unboost|p1a: Raikou|atk|1
|move|p1a: Raikou|Volt Switch|p2a: Landorus-Therian
|-immune|p2a: Landorus-Therian|[msg]
|
|turn|2
|
|move|p1a: Raikou|Hidden Power|p2a: Landorus-Therian
|-supereffective|p2a: Landorus-Therian
|-damage|p2a: Landorus-Therian|70\/382
|move|p2a: Landorus-Therian|Stealth Rock|p1a: Raikou
|-sidestart|p1: bigdickplayer|move: Stealth Rock
|
|turn|3
|
|move|p1a: Raikou|Hidden Power|p2a: Landorus-Therian
|-supereffective|p2a: Landorus-Therian
|-damage|p2a: Landorus-Therian|0 fnt
|faint|p2a: Landorus-Therian
|
|c|★Phillips|interesting
|
|switch|p2a: Kyurem-Black|Kyurem-Black|404\/404
|-ability|p2a: Kyurem-Black|Teravolt
|turn|4
|c|★bigdickplayer|?
|c|★bigdickplayer|wath is intereting
|c|★Phillips|thought you were gonna volt switch
|
|switch|p1a: Skarmory|Skarmory, M|334\/334
|-damage|p1a: Skarmory|293\/334|[from] Stealth Rock
|move|p2a: Kyurem-Black|Fusion Bolt|p1a: Skarmory
|-supereffective|p1a: Skarmory
|-damage|p1a: Skarmory|101\/334
|
|turn|5
|c|★bigdickplayer|no reason to overpredict
|
|switch|p1a: Chansey|Chansey, F|704\/704
|-damage|p1a: Chansey|616\/704|[from] Stealth Rock
|move|p2a: Kyurem-Black|Fusion Bolt|p1a: Chansey
|-damage|p1a: Chansey|408\/704
|
|turn|6
|
|move|p2a: Kyurem-Black|Dragon Claw|p1a: Chansey
|-damage|p1a: Chansey|167\/704
|move|p1a: Chansey|Thunder Wave|p2a: Kyurem-Black
|-status|p2a: Kyurem-Black|par
|
|turn|7
|
|switch|p2a: Keldeo|Keldeo|341\/341
|move|p1a: Chansey|Soft-Boiled|p1a: Chansey
|-heal|p1a: Chansey|519\/704
|
|turn|8
|
|switch|p1a: Raikou|Raikou, shiny|322\/322
|-damage|p1a: Raikou|282\/322|[from] Stealth Rock
|-ability|p1a: Raikou|Pressure
|move|p2a: Keldeo|Calm Mind|p2a: Keldeo
|-boost|p2a: Keldeo|spa|1
|-boost|p2a: Keldeo|spd|1
|
|-heal|p1a: Raikou|302\/322|[from] item: Leftovers
|turn|9
|
|move|p1a: Raikou|Thunderbolt|p2a: Keldeo
|-supereffective|p2a: Keldeo
|-damage|p2a: Keldeo|105\/341
|move|p2a: Keldeo|Scald|p1a: Raikou
|-damage|p1a: Raikou|86\/322
|
|-heal|p1a: Raikou|106\/322|[from] item: Leftovers
|-heal|p2a: Keldeo|126\/341|[from] item: Leftovers
|turn|10
|
|switch|p2a: Kyurem-Black|Kyurem-Black|404\/404 par
|-ability|p2a: Kyurem-Black|Teravolt
|move|p1a: Raikou|Volt Switch|p2a: Kyurem-Black
|-resisted|p2a: Kyurem-Black
|-damage|p2a: Kyurem-Black|338\/404 par
|
|switch|p1a: Skarmory|Skarmory, M|101\/334
|-damage|p1a: Skarmory|60\/334|[from] Stealth Rock
|
|-heal|p2a: Kyurem-Black|363\/404 par|[from] item: Leftovers
|turn|11
|
|move|p1a: Skarmory|Stealth Rock|p2a: Kyurem-Black
|-sidestart|p2: Phillips|move: Stealth Rock
|move|p2a: Kyurem-Black|Fusion Bolt|p1a: Skarmory
|-supereffective|p1a: Skarmory
|-damage|p1a: Skarmory|0 fnt
|faint|p1a: Skarmory
|
|-heal|p2a: Kyurem-Black|388\/404 par|[from] item: Leftovers
|
|switch|p1a: Medicham|Medicham, F|261\/261
|-damage|p1a: Medicham|245\/261|[from] Stealth Rock
|turn|12
|
|switch|p2a: Azumarill|Azumarill, M|404\/404
|-damage|p2a: Azumarill|354\/404|[from] Stealth Rock
|detailschange|p1a: Medicham|Medicham-Mega, F
|message|Medicham has Mega Evolved into Mega Medicham!
|move|p1a: Medicham|Substitute|p1a: Medicham
|-start|p1a: Medicham|Substitute
|-damage|p1a: Medicham|180\/261
|
|turn|13
|
|move|p1a: Medicham|Zen Headbutt|p2a: Azumarill
|-damage|p2a: Azumarill|44\/404
|-enditem|p2a: Azumarill|Sitrus Berry|[eat]
|-heal|p2a: Azumarill|145\/404|[from] item: Sitrus Berry
|move|p2a: Azumarill|Waterfall|p1a: Medicham
|-end|p1a: Medicham|Substitute
|
|turn|14
|
|move|p2a: Azumarill|Aqua Jet|p1a: Medicham
|-damage|p1a: Medicham|71\/261
|move|p1a: Medicham|Drain Punch|p2a: Azumarill
|-resisted|p2a: Azumarill
|-damage|p2a: Azumarill|0 fnt
|-heal|p1a: Medicham|144\/261|[from] drain|[of] p2a: Azumarill
|faint|p2a: Azumarill
|
|
|switch|p2a: Thundurus|Thundurus, M|300\/300
|-damage|p2a: Thundurus|225\/300|[from] Stealth Rock
|turn|15
|
|switch|p1a: Chansey|Chansey, F|519\/704
|-damage|p1a: Chansey|431\/704|[from] Stealth Rock
|move|p2a: Thundurus|Thunderbolt|p1a: Chansey
|-damage|p1a: Chansey|306\/704
|-damage|p2a: Thundurus|195\/300|[from] item: Life Orb
|
|turn|16
|
|move|p2a: Thundurus|Taunt|p1a: Chansey
|-start|p1a: Chansey|move: Taunt
|cant|p1a: Chansey|move: Taunt|Soft-Boiled
|
|turn|17
|
|move|p2a: Thundurus|Thunderbolt|p1a: Chansey
|-damage|p1a: Chansey|176\/704
|-damage|p2a: Thundurus|165\/300|[from] item: Life Orb
|move|p1a: Chansey|Seismic Toss|p2a: Thundurus
|-damage|p2a: Thundurus|65\/300
|
|turn|18
|
|move|p2a: Thundurus|Thunderbolt|p1a: Chansey
|-damage|p1a: Chansey|54\/704
|-damage|p2a: Thundurus|35\/300|[from] item: Life Orb
|move|p1a: Chansey|Seismic Toss|p2a: Thundurus
|-damage|p2a: Thundurus|0 fnt
|faint|p2a: Thundurus
|
|-end|p1a: Chansey|move: Taunt
|
|switch|p2a: Keldeo|Keldeo|126\/341
|-damage|p2a: Keldeo|105\/341|[from] Stealth Rock
|turn|19
|
|move|p2a: Keldeo|Scald|p1a: Chansey
|-damage|p1a: Chansey|0 fnt
|faint|p1a: Chansey
|
|-heal|p2a: Keldeo|126\/341|[from] item: Leftovers
|
|switch|p1a: Raikou|Raikou, shiny|106\/322
|-damage|p1a: Raikou|66\/322|[from] Stealth Rock
|-ability|p1a: Raikou|Pressure
|turn|20
|
|switch|p2a: Mew|Mew|404\/404
|-damage|p2a: Mew|354\/404|[from] Stealth Rock
|move|p1a: Raikou|Volt Switch|p2a: Mew
|-damage|p2a: Mew|272\/404
|
|switch|p1a: Medicham|Medicham-Mega, F|144\/261
|-damage|p1a: Medicham|128\/261|[from] Stealth Rock
|
|-heal|p2a: Mew|297\/404|[from] item: Leftovers
|turn|21
|
|move|p1a: Medicham|Substitute|p1a: Medicham
|-start|p1a: Medicham|Substitute
|-damage|p1a: Medicham|63\/261
|move|p2a: Mew|Will-O-Wisp|p1a: Medicham|[miss]
|-miss|p2a: Mew|p1a: Medicham
|
|-heal|p2a: Mew|322\/404|[from] item: Leftovers
|turn|22
|
|move|p1a: Medicham|Ice Punch|p2a: Mew
|-damage|p2a: Mew|171\/404
|move|p2a: Mew|Psychic|p1a: Medicham
|-end|p1a: Medicham|Substitute
|
|-heal|p2a: Mew|196\/404|[from] item: Leftovers
|turn|23
|
|move|p1a: Medicham|Ice Punch|p2a: Mew
|-damage|p2a: Mew|45\/404
|move|p2a: Mew|Roost|p2a: Mew
|-heal|p2a: Mew|247\/404
|
|-heal|p2a: Mew|272\/404|[from] item: Leftovers
|turn|24
|
|switch|p1a: Raikou|Raikou, shiny|66\/322
|-damage|p1a: Raikou|26\/322|[from] Stealth Rock
|-ability|p1a: Raikou|Pressure
|move|p2a: Mew|Will-O-Wisp|p1a: Raikou
|-status|p1a: Raikou|brn
|
|-heal|p1a: Raikou|46\/322 brn|[from] item: Leftovers
|-heal|p2a: Mew|297\/404|[from] item: Leftovers
|-damage|p1a: Raikou|6\/322 brn|[from] brn
|turn|25
|
|move|p1a: Raikou|Volt Switch|p2a: Mew
|-damage|p2a: Mew|206\/404
|
|switch|p1a: Breloom|Breloom, F|262\/262
|-damage|p1a: Breloom|246\/262|[from] Stealth Rock
|move|p2a: Mew|Roost|p2a: Mew
|-heal|p2a: Mew|404\/404
|
|turn|26
|c|★bigdickplayer|I derped 
|
|switch|p2a: Keldeo|Keldeo|126\/341
|-damage|p2a: Keldeo|105\/341|[from] Stealth Rock
|move|p1a: Breloom|Spore|p2a: Keldeo
|-status|p2a: Keldeo|slp
|
|-heal|p2a: Keldeo|126\/341 slp|[from] item: Leftovers
|turn|27
|
|switch|p2a: Mew|Mew|404\/404
|-damage|p2a: Mew|354\/404|[from] Stealth Rock
|move|p1a: Breloom|Bullet Seed|p2a: Mew
|-damage|p2a: Mew|264\/404
|-damage|p2a: Mew|167\/404
|-damage|p2a: Mew|81\/404
|-hitcount|p2a: Mew|3
|-damage|p1a: Breloom|220\/262|[from] item: Life Orb
|
|-heal|p2a: Mew|106\/404|[from] item: Leftovers
|turn|28
|
|move|p1a: Breloom|Bullet Seed|p2a: Mew
|-damage|p2a: Mew|15\/404
|-damage|p2a: Mew|0 fnt
|-hitcount|p2a: Mew|2
|-damage|p1a: Breloom|194\/262|[from] item: Life Orb
|faint|p2a: Mew
|
|c|★Phillips|stupid by me
|c|★bigdickplayer|and e
|
|switch|p2a: Kyurem-Black|Kyurem-Black|388\/404 par
|-damage|p2a: Kyurem-Black|287\/404 par|[from] Stealth Rock
|-ability|p2a: Kyurem-Black|Teravolt
|turn|29
|c|★Phillips|you panicked for a second there
|
|switch|p1a: Raikou|Raikou, shiny|6\/322 brn
|-damage|p1a: Raikou|0 fnt|[from] Stealth Rock
|faint|p1a: Raikou
|move|p2a: Kyurem-Black|Ice Beam|p1: Raikou|[notarget]
|-notarget
|
|-heal|p2a: Kyurem-Black|312\/404 par|[from] item: Leftovers
|c|★Phillips|and now your being an ass
|c|★bigdickplayer|how am I being an ass
|c|★bigdickplayer|you just cant handle these big dick plays
|
|switch|p1a: Medicham|Medicham-Mega, F|63\/261
|-damage|p1a: Medicham|47\/261|[from] Stealth Rock
|turn|30
|c|★Phillips|switched a breloom on a paralyzed kyurem
|
|move|p1a: Medicham|Drain Punch|p2a: Kyurem-Black
|-supereffective|p2a: Kyurem-Black
|-damage|p2a: Kyurem-Black|0 fnt
|-heal|p1a: Medicham|203\/261|[from] drain|[of] p2a: Kyurem-Black
|faint|p2a: Kyurem-Black
|
|-message|Phillips forfeited.
|
|win|bigdickplayer
|raw|Ladder updating...
|c|★bigdickplayer|yeah you mad
|leave|Phillips
|player|p2
|raw|bigdickplayer's rating: 1808 &rarr; <strong>1824<\/strong><br \/>(+16 for winning)
|raw|Phillips's rating: 1739 &rarr; <strong>1723<\/strong><br \/>(-16 for losing)