|join|Lind_U.
|join|bigdickplayer
|player|p1|Lind_U.|163
|player|p2|bigdickplayer|245
|gametype|singles
|gen|6
|tier|OU
|rated
|clearpoke
|poke|p1|Tyranitar, M, shiny
|poke|p1|Talonflame, M, shiny
|poke|p1|Amoonguss, F
|poke|p1|Greninja, F, shiny
|poke|p1|Azumarill, M
|poke|p1|Garchomp, F, shiny
|poke|p2|Heracross, F
|poke|p2|Gliscor, M, shiny
|poke|p2|Skarmory, F
|poke|p2|Chansey, F
|poke|p2|Ditto
|poke|p2|Rotom-Wash
|rule|Swagger Clause: Swagger is banned
|rule|Baton Pass Clause: Limit one Pokémon knowing Baton Pass
|rule|Sleep Clause Mod: Limit one foe put to sleep
|rule|Species Clause: Limit one of each Pokémon
|rule|OHKO Clause: OHKO moves are banned
|rule|Moody Clause: Moody is banned
|rule|Evasion Moves Clause: Evasion moves are banned
|rule|Endless Battle Clause: Forcing endless battles is banned
|rule|HP Percentage Mod: HP is shown in percentages
|teampreview
|
|start
|switch|p1a: Hypnos|Amoonguss, F|431\/431
|switch|p2a: Heracross|Heracross, F|364\/364
|turn|1
|
|detailschange|p2a: Heracross|Heracross-Mega, F
|message|Heracross has Mega Evolved into Mega Heracross!
|move|p2a: Heracross|Pin Missile|p1a: Hypnos
|-damage|p1a: Hypnos|373\/431
|-damage|p1a: Hypnos|309\/431
|-damage|p1a: Hypnos|252\/431
|-damage|p1a: Hypnos|194\/431
|-damage|p1a: Hypnos|139\/431
|-hitcount|p1a: Hypnos|5
|move|p1a: Hypnos|Spore|p2a: Heracross
|-status|p2a: Heracross|slp
|
|-heal|p1a: Hypnos|165\/431|[from] item: Black Sludge
|turn|2
|
|cant|p2a: Heracross|slp
|move|p1a: Hypnos|Hidden Power|p2a: Heracross
|-supereffective|p2a: Heracross
|-damage|p2a: Heracross|290\/364 slp
|
|-heal|p1a: Hypnos|191\/431|[from] item: Black Sludge
|turn|3
|
|switch|p1a: Amaterasu|Talonflame, M, shiny|297\/297
|-curestatus|p2a: Heracross|slp
|move|p2a: Heracross|Rock Blast|p1a: Amaterasu
|-supereffective|p1a: Amaterasu
|-damage|p1a: Amaterasu|69\/297
|-supereffective|p1a: Amaterasu
|-damage|p1a: Amaterasu|0 fnt
|-hitcount|p1a: Amaterasu|2
|faint|p1a: Amaterasu
|
|
|switch|p1a: Thanatos|Garchomp, F, shiny|357\/357
|turn|4
|
|switch|p2a: Skarmory|Skarmory, F|334\/334
|move|p1a: Thanatos|Stealth Rock|p2a: Skarmory
|-sidestart|p2: bigdickplayer|move: Stealth Rock
|
|turn|5
|
|move|p1a: Thanatos|Fire Blast|p2a: Skarmory
|-supereffective|p2a: Skarmory
|-damage|p2a: Skarmory|150\/334
|move|p2a: Skarmory|Stealth Rock|p1a: Thanatos
|-sidestart|p1: Lind_U.|move: Stealth Rock
|
|turn|6
|
|switch|p2a: Gliscor|Gliscor, M, shiny|354\/354
|-damage|p2a: Gliscor|310\/354|[from] Stealth Rock
|move|p1a: Thanatos|Fire Blast|p2a: Gliscor
|-damage|p2a: Gliscor|219\/354
|
|-status|p2a: Gliscor|tox|[from] item: Toxic Orb
|turn|7
|
|switch|p1a: Tsukuyomi|Greninja, F, shiny|285\/285
|-damage|p1a: Tsukuyomi|250\/285|[from] Stealth Rock
|move|p2a: Gliscor|Earthquake|p1a: Tsukuyomi
|-damage|p1a: Tsukuyomi|88\/285
|
|-heal|p2a: Gliscor|263\/354 tox|[from] ability: Poison Heal
|turn|8
|
|move|p2a: Gliscor|Protect|p2a: Gliscor
|-singleturn|p2a: Gliscor|Protect
|move|p1a: Tsukuyomi|Ice Beam|p2a: Gliscor
|-start|p1a: Tsukuyomi|typechange|Ice|[from] Protean
|-activate|p2a: Gliscor|Protect
|
|-heal|p2a: Gliscor|307\/354 tox|[from] ability: Poison Heal
|turn|9
|
|switch|p2a: Chansey|Chansey, F|704\/704
|-damage|p2a: Chansey|616\/704|[from] Stealth Rock
|move|p1a: Tsukuyomi|Ice Beam|p2a: Chansey
|-damage|p2a: Chansey|507\/704
|-damage|p1a: Tsukuyomi|60\/285|[from] item: Life Orb
|
|turn|10
|
|move|p1a: Tsukuyomi|Taunt|p2a: Chansey
|-start|p1a: Tsukuyomi|typechange|Dark|[from] Protean
|-start|p2a: Chansey|move: Taunt
|cant|p2a: Chansey|move: Taunt|Wish
|
|turn|11
|
|switch|p1a: Hypnos|Amoonguss, F|334\/431
|-damage|p1a: Hypnos|281\/431|[from] Stealth Rock
|move|p2a: Chansey|Seismic Toss|p1a: Hypnos
|-damage|p1a: Hypnos|181\/431
|
|-heal|p1a: Hypnos|207\/431|[from] item: Black Sludge
|turn|12
|
|switch|p2a: Gliscor|Gliscor, M, shiny|307\/354 tox
|-damage|p2a: Gliscor|263\/354 tox|[from] Stealth Rock
|move|p1a: Hypnos|Spore|p2a: Gliscor
|-fail|p2a: Gliscor
|
|-heal|p1a: Hypnos|233\/431|[from] item: Black Sludge
|-heal|p2a: Gliscor|307\/354 tox|[from] ability: Poison Heal
|turn|13
|
|move|p2a: Gliscor|Earthquake|p1a: Hypnos
|-damage|p1a: Hypnos|136\/431
|move|p1a: Hypnos|Giga Drain|p2a: Gliscor
|-damage|p2a: Gliscor|208\/354 tox
|-heal|p1a: Hypnos|186\/431|[from] drain|[of] p2a: Gliscor
|
|-heal|p1a: Hypnos|212\/431|[from] item: Black Sludge
|-heal|p2a: Gliscor|252\/354 tox|[from] ability: Poison Heal
|turn|14
|
|move|p2a: Gliscor|Earthquake|p1a: Hypnos
|-damage|p1a: Hypnos|103\/431
|move|p1a: Hypnos|Giga Drain|p2a: Gliscor
|-damage|p2a: Gliscor|147\/354 tox
|-heal|p1a: Hypnos|156\/431|[from] drain|[of] p2a: Gliscor
|
|-heal|p1a: Hypnos|182\/431|[from] item: Black Sludge
|-heal|p2a: Gliscor|191\/354 tox|[from] ability: Poison Heal
|turn|15
|
|move|p2a: Gliscor|U-turn|p1a: Hypnos
|-damage|p1a: Hypnos|132\/431
|
|switch|p2a: Heracross|Heracross-Mega, F|290\/364
|-damage|p2a: Heracross|245\/364|[from] Stealth Rock
|move|p1a: Hypnos|Giga Drain|p2a: Heracross
|-resisted|p2a: Heracross
|-damage|p2a: Heracross|211\/364
|-heal|p1a: Hypnos|149\/431|[from] drain|[of] p2a: Heracross
|
|-heal|p1a: Hypnos|175\/431|[from] item: Black Sludge
|turn|16
|
|move|p2a: Heracross|Pin Missile|p1a: Hypnos
|-damage|p1a: Hypnos|121\/431
|-damage|p1a: Hypnos|63\/431
|-damage|p1a: Hypnos|0 fnt
|-hitcount|p1a: Hypnos|3
|faint|p1a: Hypnos
|
|
|switch|p1a: Susano'o|Azumarill, M|364\/364
|-damage|p1a: Susano'o|319\/364|[from] Stealth Rock
|turn|17
|
|move|p2a: Heracross|Bullet Seed|p1a: Susano'o
|-supereffective|p1a: Susano'o
|-damage|p1a: Susano'o|209\/364
|-supereffective|p1a: Susano'o
|-damage|p1a: Susano'o|107\/364
|-enditem|p1a: Susano'o|Sitrus Berry|[eat]
|-heal|p1a: Susano'o|198\/364|[from] item: Sitrus Berry
|-supereffective|p1a: Susano'o
|-damage|p1a: Susano'o|102\/364
|-supereffective|p1a: Susano'o
|-damage|p1a: Susano'o|0 fnt
|-hitcount|p1a: Susano'o|4
|faint|p1a: Susano'o
|
|
|switch|p1a: Thanatos|Garchomp, F, shiny|357\/357
|-damage|p1a: Thanatos|335\/357|[from] Stealth Rock
|turn|18
|
|switch|p2a: Chansey|Chansey, F|507\/704
|-damage|p2a: Chansey|419\/704|[from] Stealth Rock
|move|p1a: Thanatos|Fire Blast|p2a: Chansey
|-damage|p2a: Chansey|368\/704
|-status|p2a: Chansey|brn
|
|-damage|p2a: Chansey|280\/704 brn|[from] brn
|turn|19
|
|move|p1a: Thanatos|Earthquake|p2a: Chansey
|-damage|p2a: Chansey|55\/704 brn
|move|p2a: Chansey|Soft-Boiled|p2a: Chansey
|-heal|p2a: Chansey|407\/704 brn
|
|-damage|p2a: Chansey|319\/704 brn|[from] brn
|turn|20
|
|switch|p2a: Gliscor|Gliscor, M, shiny|191\/354 tox
|-damage|p2a: Gliscor|147\/354 tox|[from] Stealth Rock
|move|p1a: Thanatos|Earthquake|p2a: Gliscor
|-immune|p2a: Gliscor|[msg]
|
|-heal|p2a: Gliscor|191\/354 tox|[from] ability: Poison Heal
|turn|21
|
|move|p1a: Thanatos|Outrage|p2a: Gliscor
|-damage|p2a: Gliscor|70\/354 tox
|move|p2a: Gliscor|Earthquake|p1a: Thanatos
|-damage|p1a: Thanatos|224\/357
|
|-heal|p2a: Gliscor|114\/354 tox|[from] ability: Poison Heal
|turn|22
|
|switch|p2a: Skarmory|Skarmory, F|150\/334
|-damage|p2a: Skarmory|109\/334|[from] Stealth Rock
|move|p1a: Thanatos|Outrage|p2a: Skarmory
|-resisted|p2a: Skarmory
|-damage|p2a: Skarmory|51\/334
|-damage|p1a: Thanatos|165\/357|[from] item: Rocky Helmet|[of] p2a: Skarmory
|
|-end|p1a: Thanatos|rampage
|-start|p1a: Thanatos|confusion
|turn|23
|
|-activate|p1a: Thanatos|confusion
|move|p1a: Thanatos|Fire Blast|p2a: Skarmory
|-supereffective|p2a: Skarmory
|-damage|p2a: Skarmory|0 fnt
|faint|p2a: Skarmory
|
|
|switch|p2a: Ditto|Ditto|299\/299
|-damage|p2a: Ditto|262\/299|[from] Stealth Rock
|-transform|p2a: Ditto|p1a: Thanatos
|turn|24
|
|switch|p1a: Tsukuyomi|Greninja, F, shiny|60\/285
|-damage|p1a: Tsukuyomi|25\/285|[from] Stealth Rock
|move|p2a: Ditto|Outrage|p1a: Tsukuyomi
|-damage|p1a: Tsukuyomi|0 fnt
|faint|p1a: Tsukuyomi
|
|
|switch|p1a: Hyperion|Tyranitar, M, shiny|341\/341
|-damage|p1a: Hyperion|299\/341|[from] Stealth Rock
|-weather|Sandstorm
|turn|25
|
|detailschange|p1a: Hyperion|Tyranitar-Mega, M, shiny
|message|Tyranitar has Mega Evolved into Mega Tyranitar!
|move|p2a: Ditto|Outrage|p1a: Hyperion
|-damage|p1a: Hyperion|148\/341
|move|p1a: Hyperion|Dragon Dance|p1a: Hyperion
|-boost|p1a: Hyperion|atk|1
|-boost|p1a: Hyperion|spe|1
|
|-weather|Sandstorm|[upkeep]
|turn|26
|
|move|p2a: Ditto|Outrage|p1a: Hyperion
|-damage|p1a: Hyperion|0 fnt
|faint|p1a: Hyperion
|
|-end|p2a: Ditto|rampage
|-start|p2a: Ditto|confusion
|-weather|Sandstorm|[upkeep]
|
|switch|p1a: Thanatos|Garchomp, F, shiny|165\/357
|-damage|p1a: Thanatos|143\/357|[from] Stealth Rock
|turn|27
|c|★bigdickplayer|gg
|
|switch|p2a: Gliscor|Gliscor, M, shiny|114\/354 tox
|-damage|p2a: Gliscor|70\/354 tox|[from] Stealth Rock
|move|p1a: Thanatos|Outrage|p2a: Gliscor
|-damage|p2a: Gliscor|0 fnt
|faint|p2a: Gliscor
|
|-weather|Sandstorm|[upkeep]
|
|switch|p2a: Ditto|Ditto|262\/299
|-damage|p2a: Ditto|225\/299|[from] Stealth Rock
|-transform|p2a: Ditto|p1a: Thanatos
|turn|28
|
|move|p2a: Ditto|Outrage|p1a: Thanatos
|-supereffective|p1a: Thanatos
|-damage|p1a: Thanatos|0 fnt
|-damage|p2a: Ditto|188\/299|[from] ability: Rough Skin|[of] p1a: Thanatos
|faint|p1a: Thanatos
|
|win|bigdickplayer
|raw|Ladder updating...
|raw|Lind_U.'s rating: 1668 &rarr; <strong>1649<\/strong><br \/>(-19 for losing)
|raw|bigdickplayer's rating: 1690 &rarr; <strong>1708<\/strong><br \/>(+18 for winning)