|join|Caralhu
|join|UnBolievable
|player|p1|Caralhu|165
|player|p2|UnBolievable|153
|gametype|singles
|gen|6
|tier|OU
|rated
|clearpoke
|poke|p1|Cresselia, F
|poke|p1|Azumarill, M
|poke|p1|Volcarona, F
|poke|p1|Latios, M
|poke|p1|Scizor, F
|poke|p1|Landorus-Therian, M
|poke|p2|Manectric, M
|poke|p2|Heatran, M, shiny
|poke|p2|Keldeo-Resolute
|poke|p2|Latios, M
|poke|p2|Landorus-Therian, M
|poke|p2|Kyurem-Black
|rule|Swagger Clause: Swagger is banned
|rule|Baton Pass Clause: Limit one Pokémon knowing Baton Pass
|rule|Sleep Clause Mod: Limit one foe put to sleep
|rule|Species Clause: Limit one of each Pokémon
|rule|OHKO Clause: OHKO moves are banned
|rule|Moody Clause: Moody is banned
|rule|Evasion Moves Clause: Evasion moves are banned
|rule|Endless Battle Clause: Forcing endless battles is banned
|rule|HP Percentage Mod: HP is shown in percentages
|teampreview
|
|start
|switch|p1a: Landorus-Therian|Landorus-Therian, M|320\/320
|switch|p2a: Kyurem-Black|Kyurem-Black|391\/391
|-ability|p2a: Kyurem-Black|Teravolt
|-ability|p1a: Landorus-Therian|Intimidate|[of] p2a: Kyurem-Black
|-unboost|p2a: Kyurem-Black|atk|1
|turn|1
|
|switch|p1a: Azumarill|Azumarill, M|404\/404
|move|p2a: Kyurem-Black|Ice Beam|p1a: Azumarill
|-resisted|p1a: Azumarill
|-damage|p1a: Azumarill|314\/404
|
|turn|2
|
|switch|p2a: Landorus-Therian|Landorus-Therian, M|319\/319
|-ability|p2a: Landorus-Therian|Intimidate|[of] p1a: Azumarill
|-unboost|p1a: Azumarill|atk|1
|move|p1a: Azumarill|Play Rough|p2a: Landorus-Therian
|-damage|p2a: Landorus-Therian|184\/319
|
|turn|3
|
|move|p2a: Landorus-Therian|U-turn|p1a: Azumarill
|-resisted|p1a: Azumarill
|-damage|p1a: Azumarill|260\/404
|
|switch|p2a: Latios|Latios, M|301\/301
|move|p1a: Azumarill|Play Rough|p2a: Latios
|-supereffective|p2a: Latios
|-damage|p2a: Latios|0 fnt
|faint|p2a: Latios
|
|
|switch|p2a: Manectric|Manectric, M|281\/281
|turn|4
|
|switch|p1a: Landorus-Therian|Landorus-Therian, M|320\/320
|-ability|p1a: Landorus-Therian|Intimidate|[of] p2a: Manectric
|-unboost|p2a: Manectric|atk|1
|detailschange|p2a: Manectric|Manectric-Mega, M
|message|Manectric has Mega Evolved into Mega Manectric!
|-ability|p2a: Manectric|Intimidate|[of] p1a: Landorus-Therian
|-unboost|p1a: Landorus-Therian|atk|1
|move|p2a: Manectric|Hidden Power|p1a: Landorus-Therian
|-supereffective|p1a: Landorus-Therian
|-damage|p1a: Landorus-Therian|0 fnt
|faint|p1a: Landorus-Therian
|
|c|★UnBolievable|that cresselia is such a problem
|
|switch|p1a: Cresselia|Cresselia, F|444\/444
|turn|5
|
|move|p2a: Manectric|Volt Switch|p1a: Cresselia
|-damage|p1a: Cresselia|348\/444
|
|switch|p2a: Heatran|Heatran, M, shiny|386\/386
|move|p1a: Cresselia|Toxic|p2a: Heatran
|-fail|p2a: Heatran
|
|-heal|p1a: Cresselia|375\/444|[from] item: Leftovers
|turn|6
|
|move|p2a: Heatran|Lava Plume|p1a: Cresselia
|-crit|p1a: Cresselia
|-damage|p1a: Cresselia|246\/444
|move|p1a: Cresselia|Thunder Wave|p2a: Heatran
|-status|p2a: Heatran|par
|
|-heal|p1a: Cresselia|273\/444|[from] item: Leftovers
|turn|7
|
|switch|p1a: Latios|Latios, M|302\/302
|move|p2a: Heatran|Lava Plume|p1a: Latios
|-resisted|p1a: Latios
|-damage|p1a: Latios|246\/302
|
|turn|8
|
|switch|p2a: Landorus-Therian|Landorus-Therian, M|184\/319
|-ability|p2a: Landorus-Therian|Intimidate|[of] p1a: Latios
|-unboost|p1a: Latios|atk|1
|move|p1a: Latios|Surf|p2a: Landorus-Therian
|-supereffective|p2a: Landorus-Therian
|-damage|p2a: Landorus-Therian|0 fnt
|-damage|p1a: Latios|216\/302|[from] item: Life Orb
|faint|p2a: Landorus-Therian
|
|
|switch|p2a: Kyurem-Black|Kyurem-Black|391\/391
|-ability|p2a: Kyurem-Black|Teravolt
|turn|9
|
|switch|p2a: Manectric|Manectric-Mega, M|281\/281
|-ability|p2a: Manectric|Intimidate|[of] p1a: Latios
|-unboost|p1a: Latios|atk|1
|switch|p1a: Cresselia|Cresselia, F|273\/444
|
|-heal|p1a: Cresselia|300\/444|[from] item: Leftovers
|turn|10
|
|move|p2a: Manectric|Volt Switch|p1a: Cresselia
|-damage|p1a: Cresselia|209\/444
|
|switch|p2a: Heatran|Heatran, M, shiny|386\/386 par
|move|p1a: Cresselia|Lunar Dance|p1a: Cresselia
|faint|p1a: Cresselia
|
|
|switch|p1a: Azumarill|Azumarill, M|260\/404
|-heal|p1a: Azumarill|404\/404|[from] move: Lunar Dance
|turn|11
|
|switch|p2a: Kyurem-Black|Kyurem-Black|391\/391
|-ability|p2a: Kyurem-Black|Teravolt
|move|p1a: Azumarill|Play Rough|p2a: Kyurem-Black
|-supereffective|p2a: Kyurem-Black
|-damage|p2a: Kyurem-Black|5\/391
|
|turn|12
|
|move|p1a: Azumarill|Aqua Jet|p2a: Kyurem-Black
|-resisted|p2a: Kyurem-Black
|-damage|p2a: Kyurem-Black|0 fnt
|faint|p2a: Kyurem-Black
|
|
|switch|p2a: Manectric|Manectric-Mega, M|281\/281
|-ability|p2a: Manectric|Intimidate|[of] p1a: Azumarill
|-unboost|p1a: Azumarill|atk|1
|turn|13
|
|switch|p1a: Scizor|Scizor, F|344\/344
|move|p2a: Manectric|Volt Switch|p1a: Scizor
|-damage|p1a: Scizor|199\/344
|
|switch|p2a: Keldeo-Resolute|Keldeo-Resolute|323\/323
|
|turn|14
|
|detailschange|p1a: Scizor|Scizor-Mega, F
|message|Scizor has Mega Evolved into Mega Scizor!
|move|p1a: Scizor|Bullet Punch|p2a: Keldeo-Resolute
|-resisted|p2a: Keldeo-Resolute
|-damage|p2a: Keldeo-Resolute|251\/323
|move|p2a: Keldeo-Resolute|Scald|p1a: Scizor
|-damage|p1a: Scizor|54\/344
|-status|p1a: Scizor|brn
|
|-damage|p1a: Scizor|11\/344 brn|[from] brn
|turn|15
|
|move|p1a: Scizor|Bullet Punch|p2a: Keldeo-Resolute
|-resisted|p2a: Keldeo-Resolute
|-damage|p2a: Keldeo-Resolute|214\/323
|move|p2a: Keldeo-Resolute|Icy Wind|p1a: Scizor
|-resisted|p1a: Scizor
|-damage|p1a: Scizor|0 fnt
|faint|p1a: Scizor
|
|
|switch|p1a: Latios|Latios, M|216\/302
|turn|16
|
|switch|p2a: Heatran|Heatran, M, shiny|386\/386 par
|move|p1a: Latios|Psyshock|p2a: Heatran
|-resisted|p2a: Heatran
|-damage|p2a: Heatran|291\/386 par
|-damage|p1a: Latios|186\/302|[from] item: Life Orb
|
|turn|17
|
|move|p1a: Latios|Surf|p2a: Heatran
|-supereffective|p2a: Heatran
|-damage|p2a: Heatran|39\/386 par
|-damage|p1a: Latios|156\/302|[from] item: Life Orb
|move|p2a: Heatran|Stealth Rock|p1a: Latios
|-sidestart|p1: Caralhu|move: Stealth Rock
|
|turn|18
|
|move|p1a: Latios|Surf|p2a: Heatran
|-supereffective|p2a: Heatran
|-damage|p2a: Heatran|0 fnt
|-damage|p1a: Latios|126\/302|[from] item: Life Orb
|faint|p2a: Heatran
|
|
|switch|p2a: Manectric|Manectric-Mega, M|281\/281
|-ability|p2a: Manectric|Intimidate|[of] p1a: Latios
|-unboost|p1a: Latios|atk|1
|turn|19
|
|move|p2a: Manectric|Hidden Power|p1a: Latios
|-supereffective|p1a: Latios
|-damage|p1a: Latios|0 fnt
|faint|p1a: Latios
|
|
|switch|p1a: Volcarona|Volcarona, F|312\/312
|-damage|p1a: Volcarona|156\/312|[from] Stealth Rock
|turn|20
|
|move|p2a: Manectric|Thunderbolt|p1a: Volcarona
|-damage|p1a: Volcarona|11\/312
|move|p1a: Volcarona|Fiery Dance|p2a: Manectric
|-damage|p2a: Manectric|103\/281
|-boost|p1a: Volcarona|spa|1
|
|turn|21
|
|move|p2a: Manectric|Volt Switch|p1a: Volcarona
|-damage|p1a: Volcarona|0 fnt
|faint|p1a: Volcarona
|
|switch|p2a: Keldeo-Resolute|Keldeo-Resolute|214\/323
|
|
|switch|p1a: Azumarill|Azumarill, M|404\/404
|-damage|p1a: Azumarill|354\/404|[from] Stealth Rock
|turn|22
|
|move|p2a: Keldeo-Resolute|Scald|p1a: Azumarill
|-crit|p1a: Azumarill
|-resisted|p1a: Azumarill
|-damage|p1a: Azumarill|221\/404
|move|p1a: Azumarill|Belly Drum|p1a: Azumarill
|-damage|p1a: Azumarill|19\/404
|-setboost|p1a: Azumarill|atk|6|[from] move: Belly Drum
|-enditem|p1a: Azumarill|Sitrus Berry|[eat]
|-heal|p1a: Azumarill|120\/404|[from] item: Sitrus Berry
|
|turn|23
|
|move|p1a: Azumarill|Aqua Jet|p2a: Keldeo-Resolute
|-resisted|p2a: Keldeo-Resolute
|-damage|p2a: Keldeo-Resolute|33\/323
|move|p2a: Keldeo-Resolute|Scald|p1a: Azumarill
|-resisted|p1a: Azumarill
|-damage|p1a: Azumarill|30\/404
|-status|p1a: Azumarill|brn
|
|-damage|p1a: Azumarill|0 fnt|[from] brn
|faint|p1a: Azumarill
|
|win|UnBolievable
|raw|Ladder updating...
|raw|Caralhu's rating: 1763 &rarr; <strong>1740<\/strong><br \/>(-23 for losing)
|raw|UnBolievable's rating: 1697 &rarr; <strong>1721<\/strong><br \/>(+24 for winning)
|leave|UnBolievable
|leave|Caralhu
|player|p2
|player|p1
|join|UnBolievable