|join|Fh27
|join|Caralhu
|player|p1|Fh27|166
|player|p2|Caralhu|165
|gametype|singles
|gen|6
|tier|OU
|rated
|clearpoke
|poke|p1|Bisharp, M, shiny
|poke|p1|Clefable, F, shiny
|poke|p1|Landorus-Therian, M
|poke|p1|Azumarill, M
|poke|p1|Manectric, F
|poke|p1|Garchomp, F
|poke|p2|Azumarill, M
|poke|p2|Heatran, M
|poke|p2|Dragonite, M
|poke|p2|Scizor, M
|poke|p2|Thundurus-Therian, M
|poke|p2|Latios, M
|rule|Swagger Clause: Swagger is banned
|rule|Baton Pass Clause: Limit one Pokémon knowing Baton Pass
|rule|Sleep Clause Mod: Limit one foe put to sleep
|rule|Species Clause: Limit one of each Pokémon
|rule|OHKO Clause: OHKO moves are banned
|rule|Moody Clause: Moody is banned
|rule|Evasion Moves Clause: Evasion moves are banned
|rule|Endless Battle Clause: Forcing endless battles is banned
|rule|HP Percentage Mod: HP is shown in percentages
|teampreview
|
|start
|switch|p1a: Garchomp|Garchomp, F|358\/358
|switch|p2a: Thundurus-Therian|Thundurus-Therian, M|300\/300
|turn|1
|
|switch|p2a: Azumarill|Azumarill, M|404\/404
|move|p1a: Garchomp|Stealth Rock|p2a: Azumarill
|-sidestart|p2: Caralhu|move: Stealth Rock
|
|turn|2
|
|switch|p1a: Clefable|Clefable, F, shiny|394\/394
|move|p2a: Azumarill|Play Rough|p1a: Clefable
|-damage|p1a: Clefable|219\/394
|
|-heal|p1a: Clefable|243\/394|[from] item: Leftovers
|turn|3
|
|switch|p1a: Garchomp|Garchomp, F|358\/358
|move|p2a: Azumarill|Play Rough|p1a: Garchomp
|-supereffective|p1a: Garchomp
|-damage|p1a: Garchomp|0 fnt
|-damage|p2a: Azumarill|354\/404|[from] ability: Rough Skin|[of] p1a: Garchomp
|faint|p1a: Garchomp
|
|
|switch|p1a: Manectric|Manectric, F|281\/281
|turn|4
|
|switch|p2a: Heatran|Heatran, M|386\/386
|-damage|p2a: Heatran|338\/386|[from] Stealth Rock
|detailschange|p1a: Manectric|Manectric-Mega, F
|message|Manectric has Mega Evolved into Mega Manectric!
|-ability|p1a: Manectric|Intimidate|[of] p2a: Heatran
|-unboost|p2a: Heatran|atk|1
|move|p1a: Manectric|Hidden Power|p2a: Heatran
|-resisted|p2a: Heatran
|-damage|p2a: Heatran|325\/386
|
|-heal|p2a: Heatran|349\/386|[from] item: Leftovers
|turn|5
|
|move|p1a: Manectric|Volt Switch|p2a: Heatran
|-crit|p2a: Heatran
|-damage|p2a: Heatran|208\/386
|
|switch|p1a: Azumarill|Azumarill, M|401\/401
|move|p2a: Heatran|Lava Plume|p1a: Azumarill
|-resisted|p1a: Azumarill
|-damage|p1a: Azumarill|352\/401
|
|-heal|p2a: Heatran|232\/386|[from] item: Leftovers
|turn|6
|
|move|p2a: Heatran|Protect|p2a: Heatran
|-singleturn|p2a: Heatran|Protect
|move|p1a: Azumarill|Waterfall|p2a: Heatran
|-activate|p2a: Heatran|Protect
|
|-heal|p2a: Heatran|256\/386|[from] item: Leftovers
|turn|7
|
|switch|p2a: Azumarill|Azumarill, M|354\/404
|-damage|p2a: Azumarill|304\/404|[from] Stealth Rock
|move|p1a: Azumarill|Play Rough|p2a: Azumarill
|-damage|p2a: Azumarill|70\/404
|-unboost|p2a: Azumarill|atk|1
|-enditem|p2a: Azumarill|Sitrus Berry|[eat]
|-heal|p2a: Azumarill|171\/404|[from] item: Sitrus Berry
|
|turn|8
|
|move|p2a: Azumarill|Play Rough|p1a: Azumarill
|-damage|p1a: Azumarill|193\/401
|move|p1a: Azumarill|Play Rough|p2a: Azumarill
|-damage|p2a: Azumarill|0 fnt
|faint|p2a: Azumarill
|
|
|switch|p2a: Latios|Latios, M|302\/302
|-damage|p2a: Latios|265\/302|[from] Stealth Rock
|turn|9
|
|switch|p1a: Bisharp|Bisharp, M, shiny|291\/291
|move|p2a: Latios|Energy Ball|p1a: Bisharp
|-resisted|p1a: Bisharp
|-damage|p1a: Bisharp|182\/291
|-damage|p2a: Latios|235\/302|[from] item: Life Orb
|
|-heal|p1a: Bisharp|200\/291|[from] item: Leftovers
|turn|10
|
|switch|p2a: Scizor|Scizor, M|344\/344
|-damage|p2a: Scizor|301\/344|[from] Stealth Rock
|move|p1a: Bisharp|Knock Off|p2a: Scizor
|-damage|p2a: Scizor|175\/344
|
|-heal|p1a: Bisharp|218\/291|[from] item: Leftovers
|turn|11
|
|switch|p1a: Landorus-Therian|Landorus-Therian, M|319\/319
|-ability|p1a: Landorus-Therian|Intimidate|[of] p2a: Scizor
|-unboost|p2a: Scizor|atk|1
|detailschange|p2a: Scizor|Scizor-Mega, M
|message|Scizor has Mega Evolved into Mega Scizor!
|move|p2a: Scizor|Defog|p1a: Landorus-Therian
|-unboost|p1a: Landorus-Therian|evasion|1
|-sideend|p2: Caralhu|Stealth Rock|[from] move: Defog|[of] p2a: Scizor
|
|turn|12
|
|switch|p2a: Heatran|Heatran, M|256\/386
|move|p1a: Landorus-Therian|U-turn|p2a: Heatran
|-resisted|p2a: Heatran
|-damage|p2a: Heatran|237\/386
|
|switch|p1a: Azumarill|Azumarill, M|193\/401
|
|-heal|p2a: Heatran|261\/386|[from] item: Leftovers
|turn|13
|
|move|p2a: Heatran|Protect|p2a: Heatran
|-singleturn|p2a: Heatran|Protect
|move|p1a: Azumarill|Waterfall|p2a: Heatran
|-activate|p2a: Heatran|Protect
|
|-heal|p2a: Heatran|285\/386|[from] item: Leftovers
|turn|14
|
|move|p2a: Heatran|Toxic|p1a: Azumarill
|-status|p1a: Azumarill|tox
|move|p1a: Azumarill|Waterfall|p2a: Heatran
|-supereffective|p2a: Heatran
|-damage|p2a: Heatran|0 fnt
|faint|p2a: Heatran
|
|-damage|p1a: Azumarill|168\/401 tox|[from] psn
|
|switch|p2a: Thundurus-Therian|Thundurus-Therian, M|300\/300
|turn|15
|
|move|p1a: Azumarill|Aqua Jet|p2a: Thundurus-Therian
|-damage|p2a: Thundurus-Therian|179\/300
|move|p2a: Thundurus-Therian|Volt Switch|p1a: Azumarill
|-supereffective|p1a: Azumarill
|-damage|p1a: Azumarill|0 fnt
|faint|p1a: Azumarill
|
|switch|p2a: Dragonite|Dragonite, M|350\/350
|
|
|switch|p1a: Manectric|Manectric-Mega, F|281\/281
|-ability|p1a: Manectric|Intimidate|[of] p2a: Dragonite
|-unboost|p2a: Dragonite|atk|1
|turn|16
|
|move|p1a: Manectric|Volt Switch|p2a: Dragonite
|-damage|p2a: Dragonite|282\/350
|
|switch|p1a: Landorus-Therian|Landorus-Therian, M|319\/319
|-ability|p1a: Landorus-Therian|Intimidate|[of] p2a: Dragonite
|-unboost|p2a: Dragonite|atk|1
|move|p2a: Dragonite|Dragon Dance|p2a: Dragonite
|-boost|p2a: Dragonite|atk|1
|-boost|p2a: Dragonite|spe|1
|
|turn|17
|
|move|p1a: Landorus-Therian|Knock Off|p2a: Dragonite
|-damage|p2a: Dragonite|146\/350
|-enditem|p2a: Dragonite|Weakness Policy|[from] move: Knock Off|[of] p1a: Landorus-Therian
|move|p2a: Dragonite|Dragon Claw|p1a: Landorus-Therian
|-damage|p1a: Landorus-Therian|207\/319
|
|turn|18
|
|switch|p1a: Clefable|Clefable, F, shiny|243\/394
|move|p2a: Dragonite|Extreme Speed|p1a: Clefable
|-damage|p1a: Clefable|183\/394
|
|-heal|p1a: Clefable|207\/394|[from] item: Leftovers
|turn|19
|
|switch|p2a: Scizor|Scizor-Mega, M|175\/344
|move|p1a: Clefable|Soft-Boiled|p1a: Clefable
|-heal|p1a: Clefable|394\/394
|
|turn|20
|
|move|p2a: Scizor|Bullet Punch|p1a: Clefable
|-supereffective|p1a: Clefable
|-damage|p1a: Clefable|158\/394
|move|p1a: Clefable|Flamethrower|p2a: Scizor
|-supereffective|p2a: Scizor
|-damage|p2a: Scizor|0 fnt
|faint|p2a: Scizor
|
|-heal|p1a: Clefable|182\/394|[from] item: Leftovers
|
|switch|p2a: Thundurus-Therian|Thundurus-Therian, M|179\/300
|turn|21
|
|switch|p1a: Landorus-Therian|Landorus-Therian, M|207\/319
|-ability|p1a: Landorus-Therian|Intimidate|[of] p2a: Thundurus-Therian
|-unboost|p2a: Thundurus-Therian|atk|1
|move|p2a: Thundurus-Therian|Volt Switch|p1a: Landorus-Therian
|-immune|p1a: Landorus-Therian|[msg]
|
|turn|22
|
|switch|p2a: Dragonite|Dragonite, M|146\/350
|move|p1a: Landorus-Therian|Knock Off|p2a: Dragonite
|-damage|p2a: Dragonite|63\/350
|
|turn|23
|
|move|p2a: Dragonite|Extreme Speed|p1a: Landorus-Therian
|-damage|p1a: Landorus-Therian|96\/319
|move|p1a: Landorus-Therian|Knock Off|p2a: Dragonite
|-damage|p2a: Dragonite|0 fnt
|faint|p2a: Dragonite
|
|
|switch|p2a: Thundurus-Therian|Thundurus-Therian, M|179\/300
|turn|24
|
|switch|p1a: Clefable|Clefable, F, shiny|182\/394
|move|p2a: Thundurus-Therian|Hidden Power|p1a: Clefable
|-damage|p1a: Clefable|95\/394
|
|-heal|p1a: Clefable|119\/394|[from] item: Leftovers
|turn|25
|
|switch|p2a: Latios|Latios, M|235\/302
|move|p1a: Clefable|Soft-Boiled|p1a: Clefable
|-heal|p1a: Clefable|316\/394
|
|-heal|p1a: Clefable|340\/394|[from] item: Leftovers
|turn|26
|
|move|p2a: Latios|Psyshock|p1a: Clefable
|-damage|p1a: Clefable|145\/394
|-damage|p2a: Latios|205\/302|[from] item: Life Orb
|move|p1a: Clefable|Moonblast|p2a: Latios
|-supereffective|p2a: Latios
|-damage|p2a: Latios|0 fnt
|faint|p2a: Latios
|
|-heal|p1a: Clefable|169\/394|[from] item: Leftovers
|-message|Caralhu forfeited.
|
|win|Fh27
|raw|Ladder updating...
|leave|Caralhu
|player|p2
|raw|Fh27's rating: 1490 &rarr; <strong>1506<\/strong><br \/>(+16 for winning)
|raw|Caralhu's rating: 1424 &rarr; <strong>1407<\/strong><br \/>(-17 for losing)