|join|Caralhu
|join|EagleHeart
|player|p1|Caralhu|165
|player|p2|EagleHeart|257
|gametype|singles
|gen|6
|tier|OU
|rated
|clearpoke
|poke|p1|Cresselia, F
|poke|p1|Azumarill, M
|poke|p1|Volcarona, F
|poke|p1|Latios, M
|poke|p1|Scizor, M
|poke|p1|Landorus-Therian, M
|poke|p2|Chansey, F, shiny
|poke|p2|Skarmory, M, shiny
|poke|p2|Gliscor, M, shiny
|poke|p2|Kyurem-Black
|poke|p2|Gardevoir, F, shiny
|poke|p2|Bisharp, M, shiny
|rule|Swagger Clause: Swagger is banned
|rule|Baton Pass Clause: Limit one Pokémon knowing Baton Pass
|rule|Sleep Clause Mod: Limit one foe put to sleep
|rule|Species Clause: Limit one of each Pokémon
|rule|OHKO Clause: OHKO moves are banned
|rule|Moody Clause: Moody is banned
|rule|Evasion Moves Clause: Evasion moves are banned
|rule|Endless Battle Clause: Forcing endless battles is banned
|rule|HP Percentage Mod: HP is shown in percentages
|teampreview
|
|start
|switch|p1a: Latios|Latios, M|302\/302
|switch|p2a: Deadpool|Bisharp, M, shiny|272\/272
|turn|1
|
|switch|p1a: Volcarona|Volcarona, F|312\/312
|move|p2a: Deadpool|Sucker Punch|p1a: Volcarona
|-fail|p1a: Volcarona
|
|turn|2
|
|switch|p2a: Bitch|Chansey, F, shiny|642\/642
|move|p1a: Volcarona|Fiery Dance|p2a: Bitch
|-damage|p2a: Bitch|560\/642
|
|turn|3
|
|switch|p1a: Scizor|Scizor, M|344\/344
|switch|p2a: Deadpool|Bisharp, M, shiny|272\/272
|
|turn|4
|
|switch|p2a: Dracula|Gliscor, M, shiny|354\/354
|detailschange|p1a: Scizor|Scizor-Mega, M
|message|Scizor has Mega Evolved into Mega Scizor!
|move|p1a: Scizor|Swords Dance|p1a: Scizor
|-boost|p1a: Scizor|atk|2
|
|-status|p2a: Dracula|tox|[from] item: Toxic Orb
|turn|5
|
|move|p2a: Dracula|Earthquake|p1a: Scizor
|-damage|p1a: Scizor|254\/344
|move|p1a: Scizor|Swords Dance|p1a: Scizor
|-boost|p1a: Scizor|atk|2
|
|turn|6
|
|move|p2a: Dracula|Earthquake|p1a: Scizor
|-damage|p1a: Scizor|175\/344
|move|p1a: Scizor|Swords Dance|p1a: Scizor
|-boost|p1a: Scizor|atk|2
|
|turn|7
|
|move|p1a: Scizor|Bullet Punch|p2a: Dracula
|-damage|p2a: Dracula|17\/354 tox
|move|p2a: Dracula|Earthquake|p1a: Scizor
|-damage|p1a: Scizor|88\/344
|
|-heal|p2a: Dracula|61\/354 tox|[from] ability: Poison Heal
|turn|8
|
|move|p1a: Scizor|Bullet Punch|p2a: Dracula
|-damage|p2a: Dracula|0 fnt
|faint|p2a: Dracula
|
|
|switch|p2a: Deadpool|Bisharp, M, shiny|272\/272
|turn|9
|
|move|p1a: Scizor|Bullet Punch|p2a: Deadpool
|-resisted|p2a: Deadpool
|-damage|p2a: Deadpool|59\/272
|move|p2a: Deadpool|Knock Off|p1a: Scizor
|-crit|p1a: Scizor
|-damage|p1a: Scizor|0 fnt
|faint|p1a: Scizor
|
|
|switch|p1a: Azumarill|Azumarill, M|404\/404
|turn|10
|
|switch|p2a: Scar|Skarmory, M, shiny|334\/334
|move|p1a: Azumarill|Aqua Jet|p2a: Scar
|-damage|p2a: Scar|282\/334
|
|-heal|p2a: Scar|302\/334|[from] item: Leftovers
|turn|11
|
|move|p2a: Scar|Stealth Rock|p1a: Azumarill
|-sidestart|p1: Caralhu|move: Stealth Rock
|move|p1a: Azumarill|Belly Drum|p1a: Azumarill
|-damage|p1a: Azumarill|202\/404
|-setboost|p1a: Azumarill|atk|6|[from] move: Belly Drum
|-enditem|p1a: Azumarill|Sitrus Berry|[eat]
|-heal|p1a: Azumarill|303\/404|[from] item: Sitrus Berry
|
|-heal|p2a: Scar|322\/334|[from] item: Leftovers
|turn|12
|
|move|p2a: Scar|Brave Bird|p1a: Azumarill
|-damage|p1a: Azumarill|167\/404
|-damage|p2a: Scar|277\/334|[from] recoil|[of] p1a: Azumarill
|move|p1a: Azumarill|Play Rough|p2a: Scar
|-resisted|p2a: Scar
|-damage|p2a: Scar|73\/334
|-unboost|p2a: Scar|atk|1
|
|-heal|p2a: Scar|93\/334|[from] item: Leftovers
|turn|13
|
|move|p1a: Azumarill|Aqua Jet|p2a: Scar
|-damage|p2a: Scar|0 fnt
|faint|p2a: Scar
|
|
|switch|p2a: Iced Earth|Kyurem-Black|391\/391
|-ability|p2a: Iced Earth|Teravolt
|turn|14
|
|switch|p1a: Landorus-Therian|Landorus-Therian, M|320\/320
|-damage|p1a: Landorus-Therian|280\/320|[from] Stealth Rock
|-ability|p1a: Landorus-Therian|Intimidate|[of] p2a: Iced Earth
|-unboost|p2a: Iced Earth|atk|1
|move|p2a: Iced Earth|Fusion Bolt|p1a: Landorus-Therian
|-immune|p1a: Landorus-Therian|[msg]
|
|turn|15
|
|switch|p2a: Iron Maiden|Gardevoir, F, shiny|277\/277
|-ability|p2a: Iron Maiden|Intimidate|[from] ability: Trace|[of] p1a: Landorus-Therian
|-ability|p2a: Iron Maiden|Intimidate|[of] p1a: Landorus-Therian
|-unboost|p1a: Landorus-Therian|atk|1
|move|p1a: Landorus-Therian|U-turn|p2a: Iron Maiden
|-damage|p2a: Iron Maiden|176\/277
|
|switch|p1a: Volcarona|Volcarona, F|312\/312
|-damage|p1a: Volcarona|156\/312|[from] Stealth Rock
|
|turn|16
|
|detailschange|p2a: Iron Maiden|Gardevoir-Mega, F, shiny
|message|Gardevoir has Mega Evolved into Mega Gardevoir!
|move|p1a: Volcarona|Fiery Dance|p2a: Iron Maiden
|-damage|p2a: Iron Maiden|43\/277
|-boost|p1a: Volcarona|spa|1
|move|p2a: Iron Maiden|Psyshock|p1a: Volcarona
|-damage|p1a: Volcarona|0 fnt
|faint|p1a: Volcarona
|
|
|switch|p1a: Azumarill|Azumarill, M|167\/404
|-damage|p1a: Azumarill|117\/404|[from] Stealth Rock
|turn|17
|
|switch|p2a: Iced Earth|Kyurem-Black|391\/391
|-ability|p2a: Iced Earth|Teravolt
|move|p1a: Azumarill|Aqua Jet|p2a: Iced Earth
|-resisted|p2a: Iced Earth
|-damage|p2a: Iced Earth|343\/391
|
|turn|18
|
|switch|p2a: Deadpool|Bisharp, M, shiny|59\/272
|move|p1a: Azumarill|Play Rough|p2a: Deadpool
|-damage|p2a: Deadpool|0 fnt
|faint|p2a: Deadpool
|
|
|switch|p2a: Iced Earth|Kyurem-Black|343\/391
|-ability|p2a: Iced Earth|Teravolt
|turn|19
|
|move|p2a: Iced Earth|Fusion Bolt|p1a: Azumarill
|-supereffective|p1a: Azumarill
|-damage|p1a: Azumarill|0 fnt
|faint|p1a: Azumarill
|
|
|switch|p1a: Landorus-Therian|Landorus-Therian, M|280\/320
|-damage|p1a: Landorus-Therian|240\/320|[from] Stealth Rock
|-ability|p1a: Landorus-Therian|Intimidate|[of] p2a: Iced Earth
|-unboost|p2a: Iced Earth|atk|1
|turn|20
|
|switch|p2a: Bitch|Chansey, F, shiny|560\/642
|move|p1a: Landorus-Therian|Earthquake|p2a: Bitch
|-damage|p2a: Bitch|293\/642
|
|turn|21
|
|move|p1a: Landorus-Therian|Earthquake|p2a: Bitch
|-damage|p2a: Bitch|35\/642
|move|p2a: Bitch|Soft-Boiled|p2a: Bitch
|-heal|p2a: Bitch|356\/642
|
|turn|22
|
|move|p1a: Landorus-Therian|Earthquake|p2a: Bitch
|-damage|p2a: Bitch|56\/642
|move|p2a: Bitch|Soft-Boiled|p2a: Bitch
|-heal|p2a: Bitch|377\/642
|
|turn|23
|
|move|p1a: Landorus-Therian|Earthquake|p2a: Bitch
|-damage|p2a: Bitch|89\/642
|move|p2a: Bitch|Soft-Boiled|p2a: Bitch
|-heal|p2a: Bitch|410\/642
|
|turn|24
|
|switch|p1a: Cresselia|Cresselia, F|444\/444
|-damage|p1a: Cresselia|389\/444|[from] Stealth Rock
|move|p2a: Bitch|Soft-Boiled|p2a: Bitch
|-heal|p2a: Bitch|642\/642
|
|-heal|p1a: Cresselia|416\/444|[from] item: Leftovers
|turn|25
|
|move|p1a: Cresselia|Moonlight|p1a: Cresselia
|-heal|p1a: Cresselia|444\/444
|move|p2a: Bitch|Thunder Wave|p1a: Cresselia
|-status|p1a: Cresselia|par
|
|turn|26
|
|move|p2a: Bitch|Seismic Toss|p1a: Cresselia
|-damage|p1a: Cresselia|344\/444 par
|cant|p1a: Cresselia|par
|
|-heal|p1a: Cresselia|371\/444 par|[from] item: Leftovers
|turn|27
|
|move|p2a: Bitch|Seismic Toss|p1a: Cresselia
|-damage|p1a: Cresselia|271\/444 par
|cant|p1a: Cresselia|par
|
|-heal|p1a: Cresselia|298\/444 par|[from] item: Leftovers
|turn|28
|
|switch|p2a: Iced Earth|Kyurem-Black|343\/391
|-ability|p2a: Iced Earth|Teravolt
|move|p1a: Cresselia|Toxic|p2a: Iced Earth
|-status|p2a: Iced Earth|tox
|
|-heal|p1a: Cresselia|325\/444 par|[from] item: Leftovers
|-damage|p2a: Iced Earth|319\/391 tox|[from] psn
|turn|29
|
|move|p2a: Iced Earth|Outrage|p1a: Cresselia
|-damage|p1a: Cresselia|190\/444 par
|move|p1a: Cresselia|Moonlight|p1a: Cresselia
|-heal|p1a: Cresselia|412\/444 par
|
|-heal|p1a: Cresselia|439\/444 par|[from] item: Leftovers
|-damage|p2a: Iced Earth|271\/391 tox|[from] psn
|turn|30
|
|move|p2a: Iced Earth|Outrage|p1a: Cresselia
|-damage|p1a: Cresselia|297\/444 par
|move|p1a: Cresselia|Toxic|p2a: Iced Earth
|-fail|p2a: Iced Earth|tox
|
|-heal|p1a: Cresselia|324\/444 par|[from] item: Leftovers
|-damage|p2a: Iced Earth|199\/391 tox|[from] psn
|turn|31
|
|move|p2a: Iced Earth|Outrage|p1a: Cresselia
|-damage|p1a: Cresselia|176\/444 par
|move|p1a: Cresselia|Moonlight|p1a: Cresselia
|-heal|p1a: Cresselia|398\/444 par
|
|-end|p2a: Iced Earth|rampage
|-start|p2a: Iced Earth|confusion
|-heal|p1a: Cresselia|425\/444 par|[from] item: Leftovers
|-damage|p2a: Iced Earth|103\/391 tox|[from] psn
|turn|32
|
|switch|p2a: Bitch|Chansey, F, shiny|642\/642
|move|p1a: Cresselia|Toxic|p2a: Bitch
|-status|p2a: Bitch|tox
|
|-heal|p1a: Cresselia|444\/444 par|[from] item: Leftovers
|-damage|p2a: Bitch|602\/642 tox|[from] psn
|turn|33
|
|move|p2a: Bitch|Heal Bell|p2a: Bitch
|-cureteam|p2a: Bitch|[from] move: HealBell
|cant|p1a: Cresselia|par
|
|turn|34
|
|move|p2a: Bitch|Seismic Toss|p1a: Cresselia
|-damage|p1a: Cresselia|344\/444 par
|cant|p1a: Cresselia|par
|
|-heal|p1a: Cresselia|371\/444 par|[from] item: Leftovers
|turn|35
|
|move|p2a: Bitch|Seismic Toss|p1a: Cresselia
|-damage|p1a: Cresselia|271\/444 par
|move|p1a: Cresselia|Toxic|p2a: Bitch
|-status|p2a: Bitch|tox
|
|-heal|p1a: Cresselia|298\/444 par|[from] item: Leftovers
|-damage|p2a: Bitch|562\/642 tox|[from] psn
|turn|36
|
|switch|p1a: Landorus-Therian|Landorus-Therian, M|240\/320
|-damage|p1a: Landorus-Therian|200\/320|[from] Stealth Rock
|-ability|p1a: Landorus-Therian|Intimidate|[of] p2a: Bitch
|-unboost|p2a: Bitch|atk|1
|move|p2a: Bitch|Seismic Toss|p1a: Landorus-Therian
|-damage|p1a: Landorus-Therian|100\/320
|
|-damage|p2a: Bitch|482\/642 tox|[from] psn
|turn|37
|
|move|p1a: Landorus-Therian|Superpower|p2a: Bitch
|-crit|p2a: Bitch
|-supereffective|p2a: Bitch
|-damage|p2a: Bitch|0 fnt
|-unboost|p1a: Landorus-Therian|atk|1
|-unboost|p1a: Landorus-Therian|def|1
|faint|p2a: Bitch
|
|
|switch|p2a: Iced Earth|Kyurem-Black|103\/391
|-ability|p2a: Iced Earth|Teravolt
|turn|38
|
|move|p2a: Iced Earth|Ice Beam|p1a: Landorus-Therian
|-supereffective|p1a: Landorus-Therian
|-damage|p1a: Landorus-Therian|0 fnt
|faint|p1a: Landorus-Therian
|
|
|switch|p1a: Cresselia|Cresselia, F|298\/444 par
|-damage|p1a: Cresselia|243\/444 par|[from] Stealth Rock
|turn|39
|
|move|p2a: Iced Earth|Ice Beam|p1a: Cresselia
|-damage|p1a: Cresselia|125\/444 par
|cant|p1a: Cresselia|par
|
|-heal|p1a: Cresselia|152\/444 par|[from] item: Leftovers
|turn|40
|
|move|p2a: Iced Earth|Ice Beam|p1a: Cresselia
|-damage|p1a: Cresselia|29\/444 par
|move|p1a: Cresselia|Moonlight|p1a: Cresselia
|-heal|p1a: Cresselia|251\/444 par
|
|-heal|p1a: Cresselia|278\/444 par|[from] item: Leftovers
|turn|41
|
|move|p2a: Iced Earth|Ice Beam|p1a: Cresselia
|-damage|p1a: Cresselia|167\/444 par
|move|p1a: Cresselia|Toxic|p2a: Iced Earth
|-status|p2a: Iced Earth|tox
|
|-heal|p1a: Cresselia|194\/444 par|[from] item: Leftovers
|-damage|p2a: Iced Earth|79\/391 tox|[from] psn
|turn|42
|
|switch|p2a: Iron Maiden|Gardevoir-Mega, F, shiny|43\/277
|move|p1a: Cresselia|Moonlight|p1a: Cresselia
|-heal|p1a: Cresselia|416\/444 par
|
|-heal|p1a: Cresselia|443\/444 par|[from] item: Leftovers
|turn|43
|
|move|p2a: Iron Maiden|Calm Mind|p2a: Iron Maiden
|-boost|p2a: Iron Maiden|spa|1
|-boost|p2a: Iron Maiden|spd|1
|cant|p1a: Cresselia|par
|
|-heal|p1a: Cresselia|444\/444 par|[from] item: Leftovers
|turn|44
|
|move|p2a: Iron Maiden|Hyper Voice|p1a: Cresselia
|-damage|p1a: Cresselia|146\/444 par
|move|p1a: Cresselia|Toxic|p2a: Iron Maiden
|-status|p2a: Iron Maiden|tox
|
|-heal|p1a: Cresselia|173\/444 par|[from] item: Leftovers
|-damage|p2a: Iron Maiden|26\/277 tox|[from] psn
|turn|45
|
|switch|p1a: Latios|Latios, M|302\/302
|-damage|p1a: Latios|265\/302|[from] Stealth Rock
|move|p2a: Iron Maiden|Hyper Voice|p1a: Latios
|-supereffective|p1a: Latios
|-damage|p1a: Latios|0 fnt
|faint|p1a: Latios
|
|-damage|p2a: Iron Maiden|0 fnt|[from] psn
|faint|p2a: Iron Maiden
|
|switch|p2a: Iced Earth|Kyurem-Black|79\/391 tox
|switch|p1a: Cresselia|Cresselia, F|173\/444 par
|-ability|p2a: Iced Earth|Teravolt
|-damage|p1a: Cresselia|118\/444 par|[from] Stealth Rock
|turn|46
|c|★EagleHeart|outrage wont kill fml
|
|move|p2a: Iced Earth|Outrage|p1a: Cresselia
|-damage|p1a: Cresselia|0 fnt
|faint|p1a: Cresselia
|
|win|EagleHeart
|raw|Ladder updating...
|c|★EagleHeart|woo hoo!!
|raw|Caralhu's rating: 1374 &rarr; <strong>1355<\/strong><br \/>(-19 for losing)
|raw|EagleHeart's rating: 1392 &rarr; <strong>1411<\/strong><br \/>(+19 for winning)
|leave|Caralhu
|player|p1