|join|GamerPokemon97
|join|ZeroHKO
|player|p1|GamerPokemon97|2
|player|p2|ZeroHKO|161
|gametype|singles
|gen|6
|tier|OU
|rated
|clearpoke
|poke|p1|Gyarados, M
|poke|p1|Gothitelle, M
|poke|p1|Excadrill, F
|poke|p1|Talonflame, F
|poke|p1|Ferrothorn, M
|poke|p1|Clefable, M
|poke|p2|Klefki, M, shiny
|poke|p2|Tangrowth, M, shiny
|poke|p2|Charizard, M, shiny
|poke|p2|Thundurus, M, shiny
|poke|p2|Landorus-Therian, M, shiny
|poke|p2|Starmie, shiny
|rule|Swagger Clause: Swagger is banned
|rule|Baton Pass Clause: Limit one Pokémon knowing Baton Pass
|rule|Sleep Clause Mod: Limit one foe put to sleep
|rule|Species Clause: Limit one of each Pokémon
|rule|OHKO Clause: OHKO moves are banned
|rule|Moody Clause: Moody is banned
|rule|Evasion Moves Clause: Evasion moves are banned
|rule|Endless Battle Clause: Forcing endless battles is banned
|rule|HP Percentage Mod: HP is shown in percentages
|teampreview
|
|start
|switch|p1a: Ferrothorn|Ferrothorn, M|352\/352
|switch|p2a: Tangrowth|Tangrowth, M, shiny|404\/404
|turn|1
|
|move|p2a: Tangrowth|Infestation|p1a: Ferrothorn
|-damage|p1a: Ferrothorn|338\/352
|-damage|p2a: Tangrowth|354\/404|[from] ability: Iron Barbs|[of] p1a: Ferrothorn
|-damage|p2a: Tangrowth|287\/404|[from] item: Rocky Helmet|[of] p1a: Ferrothorn
|-activate|p1a: Ferrothorn|move: Infestation|[of] p2a: Tangrowth
|move|p1a: Ferrothorn|Stealth Rock|p2a: Tangrowth
|-sidestart|p2: ZeroHKO|move: Stealth Rock
|
|-damage|p1a: Ferrothorn|294\/352|[from] move: Infestation|[partiallytrapped]
|turn|2
|
|move|p2a: Tangrowth|Earthquake|p1a: Ferrothorn
|-damage|p1a: Ferrothorn|239\/352
|move|p1a: Ferrothorn|Thunder Wave|p2a: Tangrowth
|-status|p2a: Tangrowth|par
|
|-damage|p1a: Ferrothorn|195\/352|[from] move: Infestation|[partiallytrapped]
|turn|3
|
|move|p1a: Ferrothorn|Protect|p1a: Ferrothorn
|-singleturn|p1a: Ferrothorn|Protect
|move|p2a: Tangrowth|Earthquake|p1a: Ferrothorn
|-activate|p1a: Ferrothorn|Protect
|
|-damage|p1a: Ferrothorn|151\/352|[from] move: Infestation|[partiallytrapped]
|turn|4
|
|move|p1a: Ferrothorn|Protect|p1a: Ferrothorn
|-singleturn|p1a: Ferrothorn|Protect
|cant|p2a: Tangrowth|par
|
|-damage|p1a: Ferrothorn|107\/352|[from] move: Infestation|[partiallytrapped]
|turn|5
|
|move|p1a: Ferrothorn|Leech Seed|p2a: Tangrowth
|-immune|p2a: Tangrowth|[msg]
|move|p2a: Tangrowth|Earthquake|p1a: Ferrothorn
|-damage|p1a: Ferrothorn|54\/352
|
|-damage|p1a: Ferrothorn|10\/352|[from] move: Infestation|[partiallytrapped]
|turn|6
|
|move|p1a: Ferrothorn|Thunder Wave|p2a: Tangrowth
|-fail|p2a: Tangrowth|par
|move|p2a: Tangrowth|Giga Drain|p1a: Ferrothorn
|-resisted|p1a: Ferrothorn
|-damage|p1a: Ferrothorn|0 fnt
|-heal|p2a: Tangrowth|292\/404 par|[from] drain|[of] p1a: Ferrothorn
|faint|p1a: Ferrothorn
|
|
|switch|p1a: Talonflame|Talonflame, F|297\/297
|turn|7
|
|move|p1a: Talonflame|U-turn|p2a: Tangrowth
|-supereffective|p2a: Tangrowth
|-damage|p2a: Tangrowth|140\/404 par
|
|switch|p1a: Gothitelle|Gothitelle, M|302\/302
|move|p2a: Tangrowth|Knock Off|p1a: Gothitelle
|-supereffective|p1a: Gothitelle
|-damage|p1a: Gothitelle|142\/302
|-enditem|p1a: Gothitelle|Choice Specs|[from] move: Knock Off|[of] p2a: Tangrowth
|
|turn|8
|
|move|p1a: Gothitelle|Hidden Power|p2a: Tangrowth
|-supereffective|p2a: Tangrowth
|-damage|p2a: Tangrowth|36\/404 par
|move|p2a: Tangrowth|Giga Drain|p1a: Gothitelle
|-damage|p1a: Gothitelle|54\/302
|-heal|p2a: Tangrowth|80\/404 par|[from] drain|[of] p1a: Gothitelle
|
|turn|9
|
|move|p1a: Gothitelle|Hidden Power|p2a: Tangrowth
|-supereffective|p2a: Tangrowth
|-damage|p2a: Tangrowth|0 fnt
|faint|p2a: Tangrowth
|
|
|switch|p2a: Starmie|Starmie, shiny|262\/262
|-damage|p2a: Starmie|230\/262|[from] Stealth Rock
|turn|10
|
|move|p2a: Starmie|Rapid Spin|p1a: Gothitelle
|-damage|p1a: Gothitelle|37\/302
|-sideend|p2: ZeroHKO|Stealth Rock|[from] move: Rapid Spin|[of] p2a: Starmie
|-damage|p2a: Starmie|204\/262|[from] item: Life Orb
|move|p1a: Gothitelle|Thunderbolt|p2a: Starmie
|-crit|p2a: Starmie
|-supereffective|p2a: Starmie
|-damage|p2a: Starmie|0 fnt
|faint|p2a: Starmie
|
|
|switch|p2a: Landorus-Therian|Landorus-Therian, M, shiny|381\/381
|-ability|p2a: Landorus-Therian|Intimidate|[of] p1a: Gothitelle
|-unboost|p1a: Gothitelle|atk|1
|turn|11
|
|move|p2a: Landorus-Therian|Stealth Rock|p1a: Gothitelle
|-sidestart|p1: GamerPokemon97|move: Stealth Rock
|move|p1a: Gothitelle|Trick|p2a: Landorus-Therian
|-activate|p1a: Gothitelle|move: Trick|[of] p2a: Landorus-Therian
|-item|p1a: Gothitelle|Leftovers|[from] move: Trick
|
|-heal|p1a: Gothitelle|55\/302|[from] item: Leftovers
|turn|12
|
|move|p2a: Landorus-Therian|U-turn|p1a: Gothitelle
|-supereffective|p1a: Gothitelle
|-damage|p1a: Gothitelle|0 fnt
|faint|p1a: Gothitelle
|
|switch|p2a: Thundurus|Thundurus, M, shiny|299\/299
|
|
|switch|p1a: Excadrill|Excadrill, F|362\/362
|-damage|p1a: Excadrill|351\/362|[from] Stealth Rock
|-ability|p1a: Excadrill|Mold Breaker
|turn|13
|
|move|p1a: Excadrill|Rapid Spin|p2a: Thundurus
|-damage|p2a: Thundurus|267\/299
|-sideend|p1: GamerPokemon97|Stealth Rock|[from] move: Rapid Spin|[of] p1a: Excadrill
|move|p2a: Thundurus|Superpower|p1a: Excadrill
|-supereffective|p1a: Excadrill
|-damage|p1a: Excadrill|0 fnt
|-unboost|p2a: Thundurus|atk|1
|-unboost|p2a: Thundurus|def|1
|-damage|p2a: Thundurus|238\/299|[from] item: Life Orb
|faint|p1a: Excadrill
|
|
|switch|p1a: Clefable|Clefable, M|394\/394
|turn|14
|
|switch|p2a: Charizard|Charizard, M, shiny|315\/315
|move|p1a: Clefable|Moonblast|p2a: Charizard
|-resisted|p2a: Charizard
|-damage|p2a: Charizard|259\/315
|
|turn|15
|
|detailschange|p2a: Charizard|Charizard-Mega-X, M, shiny
|-mega|p2a: Charizard|Charizard|Charizardite X
|move|p1a: Clefable|Protect|p1a: Clefable
|-singleturn|p1a: Clefable|Protect
|move|p2a: Charizard|Dragon Dance|p2a: Charizard
|-boost|p2a: Charizard|atk|1
|-boost|p2a: Charizard|spe|1
|
|turn|16
|
|move|p2a: Charizard|Flare Blitz|p1a: Clefable
|-crit|p1a: Clefable
|-damage|p1a: Clefable|21\/394
|-damage|p2a: Charizard|136\/315|[from] recoil|[of] p1a: Clefable
|move|p1a: Clefable|Moonblast|p2a: Charizard
|-damage|p2a: Charizard|4\/315
|
|-heal|p1a: Clefable|45\/394|[from] item: Leftovers
|turn|17
|
|move|p2a: Charizard|Roost|p2a: Charizard
|-heal|p2a: Charizard|162\/315
|move|p1a: Clefable|Wish|p1a: Clefable
|
|-heal|p1a: Clefable|69\/394|[from] item: Leftovers
|turn|18
|
|move|p1a: Clefable|Protect|p1a: Clefable
|-singleturn|p1a: Clefable|Protect
|move|p2a: Charizard|Roost|p2a: Charizard
|-heal|p2a: Charizard|315\/315
|
|-heal|p1a: Clefable|266\/394|[from] move: Wish|[wisher] Clefable
|-heal|p1a: Clefable|290\/394|[from] item: Leftovers
|turn|19
|
|move|p2a: Charizard|Dragon Dance|p2a: Charizard
|-boost|p2a: Charizard|atk|1
|-boost|p2a: Charizard|spe|1
|move|p1a: Clefable|Wish|p1a: Clefable
|
|-heal|p1a: Clefable|314\/394|[from] item: Leftovers
|turn|20
|
|move|p2a: Charizard|Dragon Dance|p2a: Charizard
|-boost|p2a: Charizard|atk|1
|-boost|p2a: Charizard|spe|1
|move|p1a: Clefable|Moonblast|p2a: Charizard
|-damage|p2a: Charizard|185\/315
|-unboost|p2a: Charizard|spa|1
|
|-heal|p1a: Clefable|394\/394|[from] move: Wish|[wisher] Clefable
|turn|21
|
|move|p2a: Charizard|Roost|p2a: Charizard
|-heal|p2a: Charizard|315\/315
|move|p1a: Clefable|Wish|p1a: Clefable
|
|turn|22
|
|move|p2a: Charizard|Flare Blitz|p1a: Clefable
|-damage|p1a: Clefable|162\/394
|-damage|p2a: Charizard|238\/315|[from] recoil|[of] p1a: Clefable
|move|p1a: Clefable|Moonblast|p2a: Charizard
|-damage|p2a: Charizard|120\/315
|
|-heal|p1a: Clefable|359\/394|[from] move: Wish|[wisher] Clefable
|-heal|p1a: Clefable|383\/394|[from] item: Leftovers
|turn|23
|
|move|p2a: Charizard|Roost|p2a: Charizard
|-heal|p2a: Charizard|278\/315
|move|p1a: Clefable|Moonblast|p2a: Charizard
|-damage|p2a: Charizard|148\/315
|-unboost|p2a: Charizard|spa|1
|
|-heal|p1a: Clefable|394\/394|[from] item: Leftovers
|turn|24
|
|move|p2a: Charizard|Roost|p2a: Charizard
|-heal|p2a: Charizard|306\/315
|move|p1a: Clefable|Wish|p1a: Clefable
|
|turn|25
|
|switch|p2a: Klefki|Klefki, M, shiny|315\/315
|move|p1a: Clefable|Moonblast|p2a: Klefki
|-resisted|p2a: Klefki
|-damage|p2a: Klefki|269\/315
|
|turn|26
|
|move|p1a: Clefable|Protect|p1a: Clefable
|-singleturn|p1a: Clefable|Protect
|move|p2a: Klefki|Thunder Wave|p1a: Clefable
|-activate|p1a: Clefable|Protect
|
|turn|27
|
|move|p2a: Klefki|Thunder Wave|p1a: Clefable
|-status|p1a: Clefable|par
|cant|p1a: Clefable|par
|
|turn|28
|
|switch|p2a: Thundurus|Thundurus, M, shiny|238\/299
|move|p1a: Clefable|Heal Bell|p1a: Clefable
|-cureteam|p1a: Clefable|[from] move: HealBell
|
|turn|29
|
|move|p1a: Clefable|Protect|p1a: Clefable
|-singleturn|p1a: Clefable|Protect
|move|p2a: Thundurus|Knock Off|p1a: Clefable
|-activate|p1a: Clefable|Protect
|
|turn|30
|
|switch|p1a: Gyarados|Gyarados, M|331\/331
|-ability|p1a: Gyarados|Intimidate|[of] p2a: Thundurus
|-unboost|p2a: Thundurus|atk|1
|-boost|p2a: Thundurus|atk|2|[from] ability: Defiant
|move|p2a: Thundurus|Knock Off|p1a: Gyarados
|-damage|p1a: Gyarados|178\/331
|-damage|p2a: Thundurus|209\/299|[from] item: Life Orb
|
|turn|31
|
|detailschange|p1a: Gyarados|Gyarados-Mega, M
|-mega|p1a: Gyarados|Gyarados|Gyaradosite
|-ability|p1a: Gyarados|Mold Breaker
|move|p2a: Thundurus|Volt Switch|p1a: Gyarados
|-supereffective|p1a: Gyarados
|-damage|p1a: Gyarados|0 fnt
|-damage|p2a: Thundurus|180\/299|[from] item: Life Orb
|faint|p1a: Gyarados
|
|switch|p2a: Klefki|Klefki, M, shiny|269\/315
|
|
|switch|p1a: Talonflame|Talonflame, F|297\/297
|turn|32
|
|move|p2a: Klefki|Thunder Wave|p1a: Talonflame
|-status|p1a: Talonflame|par
|move|p1a: Talonflame|Flare Blitz|p2a: Klefki
|-supereffective|p2a: Klefki
|-damage|p2a: Klefki|0 fnt
|-damage|p1a: Talonflame|248\/297 par|[from] item: Rocky Helmet|[of] p2a: Klefki
|-damage|p1a: Talonflame|159\/297 par|[from] recoil|[of] p2a: Klefki
|faint|p2a: Klefki
|
|
|switch|p2a: Landorus-Therian|Landorus-Therian, M, shiny|381\/381
|-ability|p2a: Landorus-Therian|Intimidate|[of] p1a: Talonflame
|-unboost|p1a: Talonflame|atk|1
|turn|33
|
|switch|p1a: Clefable|Clefable, M|394\/394
|move|p2a: Landorus-Therian|Stone Edge|p1a: Clefable
|-crit|p1a: Clefable
|-damage|p1a: Clefable|250\/394
|
|-heal|p1a: Clefable|274\/394|[from] item: Leftovers
|turn|34
|
|move|p2a: Landorus-Therian|Earthquake|p1a: Clefable
|-damage|p1a: Clefable|127\/394
|move|p1a: Clefable|Moonblast|p2a: Landorus-Therian
|-damage|p2a: Landorus-Therian|263\/381
|-unboost|p2a: Landorus-Therian|spa|1
|
|-heal|p1a: Clefable|151\/394|[from] item: Leftovers
|turn|35
|
|move|p2a: Landorus-Therian|Stealth Rock|p1a: Clefable
|-sidestart|p1: GamerPokemon97|move: Stealth Rock
|move|p1a: Clefable|Wish|p1a: Clefable
|
|-heal|p1a: Clefable|175\/394|[from] item: Leftovers
|turn|36
|
|move|p2a: Landorus-Therian|Earthquake|p1a: Clefable
|-damage|p1a: Clefable|30\/394
|move|p1a: Clefable|Heal Bell|p1a: Clefable
|-cureteam|p1a: Clefable|[from] move: HealBell
|
|-heal|p1a: Clefable|227\/394|[from] move: Wish|[wisher] Clefable
|-heal|p1a: Clefable|251\/394|[from] item: Leftovers
|turn|37
|
|move|p2a: Landorus-Therian|Earthquake|p1a: Clefable
|-damage|p1a: Clefable|109\/394
|move|p1a: Clefable|Wish|p1a: Clefable
|
|-heal|p1a: Clefable|133\/394|[from] item: Leftovers
|turn|38
|
|switch|p2a: Thundurus|Thundurus, M, shiny|180\/299
|move|p1a: Clefable|Protect|p1a: Clefable
|-fail|p1a: Clefable
|
|-heal|p1a: Clefable|330\/394|[from] move: Wish|[wisher] Clefable
|-heal|p1a: Clefable|354\/394|[from] item: Leftovers
|turn|39
|
|move|p2a: Thundurus|Knock Off|p1a: Clefable
|-resisted|p1a: Clefable
|-damage|p1a: Clefable|306\/394
|-enditem|p1a: Clefable|Leftovers|[from] move: Knock Off|[of] p2a: Thundurus
|-damage|p2a: Thundurus|151\/299|[from] item: Life Orb
|move|p1a: Clefable|Moonblast|p2a: Thundurus
|-damage|p2a: Thundurus|4\/299
|-unboost|p2a: Thundurus|spa|1
|-boost|p2a: Thundurus|atk|2|[from] ability: Defiant
|
|turn|40
|
|move|p2a: Thundurus|Superpower|p1a: Clefable
|-resisted|p1a: Clefable
|-damage|p1a: Clefable|244\/394
|-unboost|p2a: Thundurus|atk|1
|-unboost|p2a: Thundurus|def|1
|-damage|p2a: Thundurus|0 fnt|[from] item: Life Orb
|faint|p2a: Thundurus
|move|p1a: Clefable|Moonblast|p2: Thundurus|[notarget]
|-notarget
|
|
|switch|p2a: Charizard|Charizard-Mega-X, M, shiny|306\/315
|turn|41
|
|move|p2a: Charizard|Flare Blitz|p1a: Clefable
|-damage|p1a: Clefable|12\/394
|-damage|p2a: Charizard|229\/315|[from] recoil|[of] p1a: Clefable
|move|p1a: Clefable|Wish|p1a: Clefable
|
|turn|42
|
|move|p1a: Clefable|Protect|p1a: Clefable
|-singleturn|p1a: Clefable|Protect
|move|p2a: Charizard|Flare Blitz|p1a: Clefable
|-activate|p1a: Clefable|Protect
|
|-heal|p1a: Clefable|209\/394|[from] move: Wish|[wisher] Clefable
|turn|43
|
|move|p2a: Charizard|Flare Blitz|p1a: Clefable
|-damage|p1a: Clefable|0 fnt
|-damage|p2a: Charizard|160\/315|[from] recoil|[of] p1a: Clefable
|faint|p1a: Clefable
|
|
|switch|p1a: Talonflame|Talonflame, F|159\/297
|-damage|p1a: Talonflame|11\/297|[from] Stealth Rock
|turn|44
|
|move|p1a: Talonflame|Brave Bird|p2a: Charizard
|-damage|p2a: Charizard|0 fnt
|-damage|p1a: Talonflame|0 fnt|[from] recoil|[of] p2a: Charizard
|faint|p2a: Charizard
|faint|p1a: Talonflame
|
|win|ZeroHKO
|raw|Ladder updating...
|raw|GamerPokemon97's rating: 1262 &rarr; <strong>1240<\/strong><br \/>(-22 for losing)
|raw|ZeroHKO's rating: 1301 &rarr; <strong>1319<\/strong><br \/>(+18 for winning)
|leave|GamerPokemon97
|player|p1