|join|Akatsuki1033
|join|ZeroHKO
|player|p1|Akatsuki1033|283
|player|p2|ZeroHKO|1
|gametype|singles
|gen|6
|tier|OU
|rated
|clearpoke
|poke|p1|Metagross
|poke|p1|Rotom-Wash
|poke|p1|Latios, M
|poke|p1|Landorus-Therian, M
|poke|p1|Greninja, M, shiny
|poke|p1|Terrakion
|poke|p2|Klefki, M, shiny
|poke|p2|Tangrowth, M, shiny
|poke|p2|Charizard, M, shiny
|poke|p2|Thundurus, M, shiny
|poke|p2|Landorus-Therian, M, shiny
|poke|p2|Starmie, shiny
|rule|Swagger Clause: Swagger is banned
|rule|Baton Pass Clause: Limit one Pokémon knowing Baton Pass
|rule|Sleep Clause Mod: Limit one foe put to sleep
|rule|Species Clause: Limit one of each Pokémon
|rule|OHKO Clause: OHKO moves are banned
|rule|Moody Clause: Moody is banned
|rule|Evasion Moves Clause: Evasion moves are banned
|rule|Endless Battle Clause: Forcing endless battles is banned
|rule|HP Percentage Mod: HP is shown in percentages
|teampreview
|
|start
|switch|p1a: The Carry|Rotom-Wash|304\/304
|switch|p2a: Tangrowth|Tangrowth, M, shiny|404\/404
|turn|1
|
|move|p1a: The Carry|Volt Switch|p2a: Tangrowth
|-resisted|p2a: Tangrowth
|-damage|p2a: Tangrowth|370\/404
|
|switch|p1a: SmogFrog|Greninja, M, shiny|285\/285
|move|p2a: Tangrowth|Infestation|p1a: SmogFrog
|-supereffective|p1a: SmogFrog
|-damage|p1a: SmogFrog|237\/285
|-activate|p1a: SmogFrog|move: Infestation|[of] p2a: Tangrowth
|
|-damage|p1a: SmogFrog|202\/285|[from] move: Infestation|[partiallytrapped]
|turn|2
|
|switch|p2a: Klefki|Klefki, M, shiny|315\/315
|move|p1a: SmogFrog|U-turn|p2a: Klefki
|-start|p1a: SmogFrog|typechange|Bug|[from] Protean
|-crit|p2a: Klefki
|-resisted|p2a: Klefki
|-damage|p2a: Klefki|276\/315
|-damage|p1a: SmogFrog|155\/285|[from] item: Rocky Helmet|[of] p2a: Klefki
|-damage|p1a: SmogFrog|127\/285|[from] item: Life Orb
|
|switch|p1a: The standard|Landorus-Therian, M|382\/382
|-ability|p1a: The standard|Intimidate|[of] p2a: Klefki
|-unboost|p2a: Klefki|atk|1
|
|turn|3
|
|move|p2a: Klefki|Magnet Rise|p2a: Klefki
|-start|p2a: Klefki|Magnet Rise
|move|p1a: The standard|Knock Off|p2a: Klefki
|-resisted|p2a: Klefki
|-damage|p2a: Klefki|226\/315
|-damage|p1a: The standard|319\/382|[from] item: Rocky Helmet|[of] p2a: Klefki
|-enditem|p2a: Klefki|Rocky Helmet|[from] move: Knock Off|[of] p1a: The standard
|
|-heal|p1a: The standard|342\/382|[from] item: Leftovers
|turn|4
|
|move|p2a: Klefki|Spikes|p1a: The standard
|-sidestart|p1: Akatsuki1033|Spikes
|move|p1a: The standard|Stealth Rock|p2a: Klefki
|-sidestart|p2: ZeroHKO|move: Stealth Rock
|
|-heal|p1a: The standard|365\/382|[from] item: Leftovers
|turn|5
|
|move|p2a: Klefki|Spikes|p1a: The standard
|-sidestart|p1: Akatsuki1033|Spikes
|move|p1a: The standard|U-turn|p2a: Klefki
|-resisted|p2a: Klefki
|-damage|p2a: Klefki|210\/315
|
|switch|p1a: The Carry|Rotom-Wash|304\/304
|
|turn|6
|
|move|p2a: Klefki|Spikes|p1a: The Carry
|-sidestart|p1: Akatsuki1033|Spikes
|move|p1a: The Carry|Will-O-Wisp|p2a: Klefki
|-status|p2a: Klefki|brn
|
|-damage|p2a: Klefki|171\/315 brn|[from] brn
|turn|7
|
|switch|p2a: Tangrowth|Tangrowth, M, shiny|404\/404
|-damage|p2a: Tangrowth|354\/404|[from] Stealth Rock
|move|p1a: The Carry|Hydro Pump|p2a: Tangrowth
|-resisted|p2a: Tangrowth
|-damage|p2a: Tangrowth|298\/404
|
|turn|8
|
|move|p1a: The Carry|Volt Switch|p2a: Tangrowth
|-resisted|p2a: Tangrowth
|-damage|p2a: Tangrowth|265\/404
|
|switch|p1a: defog.exe|Latios, M|302\/302
|move|p2a: Tangrowth|Infestation|p1a: defog.exe
|-supereffective|p1a: defog.exe
|-damage|p1a: defog.exe|272\/302
|-activate|p1a: defog.exe|move: Infestation|[of] p2a: Tangrowth
|
|-damage|p1a: defog.exe|235\/302|[from] move: Infestation|[partiallytrapped]
|turn|9
|
|move|p1a: defog.exe|Defog|p2a: Tangrowth
|-unboost|p2a: Tangrowth|evasion|1
|-sideend|p2: ZeroHKO|Stealth Rock|[from] move: Defog|[of] p2a: Tangrowth
|-sideend|p1: Akatsuki1033|Spikes|[from] move: Defog|[of] p1a: defog.exe
|move|p2a: Tangrowth|Knock Off|p1a: defog.exe
|-crit|p1a: defog.exe
|-supereffective|p1a: defog.exe
|-damage|p1a: defog.exe|0 fnt
|-enditem|p1a: defog.exe|Life Orb|[from] move: Knock Off|[of] p2a: Tangrowth
|faint|p1a: defog.exe
|
|
|switch|p1a: SmogFrog|Greninja, M, shiny|127\/285
|turn|10
|
|move|p1a: SmogFrog|Gunk Shot|p2a: Tangrowth
|-start|p1a: SmogFrog|typechange|Poison|[from] Protean
|-supereffective|p2a: Tangrowth
|-damage|p2a: Tangrowth|0 fnt
|-damage|p1a: SmogFrog|99\/285|[from] item: Life Orb
|faint|p2a: Tangrowth
|
|
|switch|p2a: Charizard|Charizard, M, shiny|309\/309
|turn|11
|
|detailschange|p2a: Charizard|Charizard-Mega-X, M, shiny
|-mega|p2a: Charizard|Charizard|Charizardite X
|move|p1a: SmogFrog|Dark Pulse|p2a: Charizard
|-start|p1a: SmogFrog|typechange|Dark|[from] Protean
|-damage|p2a: Charizard|121\/309
|-damage|p1a: SmogFrog|71\/285|[from] item: Life Orb
|cant|p2a: Charizard|flinch
|
|turn|12
|
|switch|p2a: Klefki|Klefki, M, shiny|171\/315 brn
|move|p1a: SmogFrog|Dark Pulse|p2a: Klefki
|-resisted|p2a: Klefki
|-damage|p2a: Klefki|103\/315 brn
|-damage|p1a: SmogFrog|43\/285|[from] item: Life Orb
|
|-damage|p2a: Klefki|64\/315 brn|[from] brn
|turn|13
|c|★ZeroHKO|-_-
|
|move|p2a: Klefki|Spikes|p1a: SmogFrog
|-sidestart|p1: Akatsuki1033|Spikes
|move|p1a: SmogFrog|U-turn|p2a: Klefki
|-start|p1a: SmogFrog|typechange|Bug|[from] Protean
|-resisted|p2a: Klefki
|-damage|p2a: Klefki|42\/315 brn
|-damage|p1a: SmogFrog|15\/285|[from] item: Life Orb
|
|switch|p1a: The standard|Landorus-Therian, M|365\/382
|-ability|p1a: The standard|Intimidate|[of] p2a: Klefki
|-unboost|p2a: Klefki|atk|1
|
|-heal|p1a: The standard|382\/382|[from] item: Leftovers
|-damage|p2a: Klefki|3\/315 brn|[from] brn
|turn|14
|
|move|p2a: Klefki|Fairy Lock|p2a: Klefki
|-activate|Battle: ou|move: Fairy Lock
|move|p1a: The standard|Stealth Rock|p2a: Klefki
|-sidestart|p2: ZeroHKO|move: Stealth Rock
|
|-damage|p2a: Klefki|0 fnt|[from] brn
|faint|p2a: Klefki
|
|switch|p2a: Starmie|Starmie, shiny|262\/262
|-damage|p2a: Starmie|230\/262|[from] Stealth Rock
|turn|15
|
|move|p2a: Starmie|Ice Beam|p1a: The standard
|-supereffective|p1a: The standard
|-damage|p1a: The standard|0 fnt
|-damage|p2a: Starmie|204\/262|[from] item: Life Orb
|faint|p1a: The standard
|
|c|★Akatsuki1033|trapping moves should not be allowed
|
|switch|p1a: The Carry|Rotom-Wash|304\/304
|turn|16
|c|★ZeroHKO|haxx neither
|c|★Akatsuki1033|trapping moves take no skill l2p with real skill n00b
|
|move|p2a: Starmie|Rapid Spin|p1a: The Carry
|-damage|p1a: The Carry|288\/304
|-sideend|p2: ZeroHKO|Stealth Rock|[from] move: Rapid Spin|[of] p2a: Starmie
|-damage|p2a: Starmie|178\/262|[from] item: Life Orb
|move|p1a: The Carry|Volt Switch|p2a: Starmie
|-supereffective|p2a: Starmie
|-damage|p2a: Starmie|0 fnt
|faint|p2a: Starmie
|
|switch|p1a: Professor X|Metagross|301\/301
|-damage|p1a: Professor X|264\/301|[from] Spikes
|
|c|★ZeroHKO|I would have beat you without the flinch so shut your mouth
|c|★Akatsuki1033|make me scrub
|
|switch|p2a: Charizard|Charizard-Mega-X, M, shiny|121\/309
|turn|17
|
|switch|p1a: SmogFrog|Greninja, M, shiny|15\/285
|-damage|p1a: SmogFrog|0 fnt|[from] Spikes
|faint|p1a: SmogFrog
|move|p2a: Charizard|Roost|p2a: Charizard
|-heal|p2a: Charizard|276\/309
|
|
|switch|p1a: Shrekion|Terrakion|323\/323
|-damage|p1a: Shrekion|283\/323|[from] Spikes
|turn|18
|
|switch|p2a: Landorus-Therian|Landorus-Therian, M, shiny|381\/381
|-ability|p2a: Landorus-Therian|Intimidate|[of] p1a: Shrekion
|-unboost|p1a: Shrekion|atk|1
|move|p1a: Shrekion|Stone Edge|p2a: Landorus-Therian
|-damage|p2a: Landorus-Therian|291\/381
|
|-heal|p2a: Landorus-Therian|314\/381|[from] item: Leftovers
|turn|19
|
|switch|p1a: The Carry|Rotom-Wash|288\/304
|move|p2a: Landorus-Therian|U-turn|p1a: The Carry
|-damage|p1a: The Carry|222\/304
|
|switch|p2a: Thundurus|Thundurus, M, shiny|299\/299
|
|-heal|p1a: The Carry|241\/304|[from] item: Leftovers
|turn|20
|
|move|p2a: Thundurus|Knock Off|p1a: The Carry
|-damage|p1a: The Carry|129\/304
|-enditem|p1a: The Carry|Leftovers|[from] move: Knock Off|[of] p2a: Thundurus
|-damage|p2a: Thundurus|270\/299|[from] item: Life Orb
|move|p1a: The Carry|Hydro Pump|p2a: Thundurus
|-damage|p2a: Thundurus|89\/299
|
|turn|21
|c|★Akatsuki1033|make a move
|
|move|p2a: Thundurus|Superpower|p1a: The Carry
|-crit|p1a: The Carry
|-damage|p1a: The Carry|0 fnt
|-unboost|p2a: Thundurus|atk|1
|-unboost|p2a: Thundurus|def|1
|-damage|p2a: Thundurus|60\/299|[from] item: Life Orb
|faint|p1a: The Carry
|
|c|★Akatsuki1033|crit hax <_<
|c|★ZeroHKO|Shut up
|c|★Akatsuki1033|no u rely on scrub tactics
|c|★ZeroHKO|flinch haxx >_>
|
|switch|p1a: Professor X|Metagross|264\/301
|-damage|p1a: Professor X|227\/301|[from] Spikes
|turn|22
|c|★ZeroHKO|And you rely on top tier and S pokemon
|c|★Akatsuki1033|Everyone does
|c|★ZeroHKO|no
|c|★Akatsuki1033|lmao
|c|★Akatsuki1033|you have 2 of them
|
|detailschange|p1a: Professor X|Metagross-Mega
|-mega|p1a: Professor X|Metagross|Metagrossite
|move|p2a: Thundurus|Knock Off|p1a: Professor X
|-supereffective|p1a: Professor X
|-damage|p1a: Professor X|149\/301
|-damage|p2a: Thundurus|31\/299|[from] item: Life Orb
|move|p1a: Professor X|Zen Headbutt|p2a: Thundurus
|-damage|p2a: Thundurus|0 fnt
|faint|p2a: Thundurus
|
|c|★ZeroHKO|You have 6 of them
|c|★Akatsuki1033|no 3
|c|★Akatsuki1033|learn to counter
|c|★Akatsuki1033|*count
|
|switch|p2a: Charizard|Charizard-Mega-X, M, shiny|276\/309
|turn|23
|
|move|p1a: Professor X|Zen Headbutt|p2a: Charizard
|-damage|p2a: Charizard|77\/309
|move|p2a: Charizard|Flare Blitz|p1a: Professor X
|-supereffective|p1a: Professor X
|-damage|p1a: Professor X|0 fnt
|-damage|p2a: Charizard|28\/309|[from] recoil|[of] p1a: Professor X
|faint|p1a: Professor X
|
|
|switch|p1a: Shrekion|Terrakion|283\/323
|-damage|p1a: Shrekion|243\/323|[from] Spikes
|turn|24
|c|★ZeroHKO|And you, learn to play
|c|★Akatsuki1033|hax won you the game scrub
|c|★ZeroHKO|ok
|c|★ZeroHKO|Thx bye
|c|★Akatsuki1033|nah
|
|move|p1a: Shrekion|Stone Edge|p2a: Charizard
|-supereffective|p2a: Charizard
|-damage|p2a: Charizard|0 fnt
|faint|p2a: Charizard
|
|c|★Akatsuki1033|you know what
|c|★Akatsuki1033|imma stall
|c|★Akatsuki1033|cuz fuck you
|
|switch|p2a: Landorus-Therian|Landorus-Therian, M, shiny|314\/381
|-ability|p2a: Landorus-Therian|Intimidate|[of] p1a: Shrekion
|-unboost|p1a: Shrekion|atk|1
|turn|25
|c|★ZeroHKO|Great
|c|★ZeroHKO|I don't care you're just proving that your an asshole
|c|★Akatsuki1033|and you are a scrublord
|c|★Akatsuki1033|smd
|c|★ZeroHKO|olol
|c|★ZeroHKO|You're so pathetic :)
|c|★Akatsuki1033|and you are such a noob
|c|★ZeroHKO|Blablabla
|c|★Akatsuki1033|scrubscrubscrub
|
|move|p1a: Shrekion|Stone Edge|p2a: Landorus-Therian
|-damage|p2a: Landorus-Therian|221\/381
|move|p2a: Landorus-Therian|Earthquake|p1a: Shrekion
|-supereffective|p1a: Shrekion
|-damage|p1a: Shrekion|0 fnt
|faint|p1a: Shrekion
|
|win|ZeroHKO
|raw|Ladder updating...
|raw|Akatsuki1033's rating: 1483 &rarr; <strong>1468<\/strong><br \/>(-15 for losing)
|raw|ZeroHKO's rating: 1559 &rarr; <strong>1575<\/strong><br \/>(+16 for winning)
|c|★ZeroHKO|Bye :3
|c|★Akatsuki1033|fuck u
|c|★ZeroHKO|:)
|leave|Akatsuki1033
|player|p1