|join|taylorswift4life
|join|SO GIMMICK
|player|p1|taylorswift4life|101
|player|p2|SO GIMMICK|184
|gametype|singles
|gen|6
|tier|UU
|rule|Sleep Clause Mod: Limit one foe put to sleep
|rule|Species Clause: Limit one of each Pokémon
|rule|OHKO Clause: OHKO moves are banned
|rule|Moody Clause: Moody is banned
|rule|Evasion Moves Clause: Evasion moves are banned
|rule|Endless Battle Clause: Forcing endless battles is banned
|rule|HP Percentage Mod: HP is shown in percentages
|clearpoke
|poke|p1|Alakazam, F
|poke|p1|Infernape, F
|poke|p1|Jirachi
|poke|p1|Zygarde
|poke|p1|Crobat, F
|poke|p1|Hydreigon, M
|poke|p2|Crobat, F
|poke|p2|Jirachi
|poke|p2|Sharpedo, F
|poke|p2|Cloyster, M
|poke|p2|Toxicroak, F
|poke|p2|Swampert, F
|rule|Swagger Clause: Swagger is banned
|rule|Baton Pass Clause: Limit one Pokémon knowing Baton Pass
|teampreview
|join|Bassy To
|
|start
|switch|p1a: Infernape|Infernape, F|293\/293
|switch|p2a: Crobat|Crobat, F|311\/311
|turn|1
|
|switch|p1a: Jirachi|Jirachi|341\/341
|move|p2a: Crobat|Brave Bird|p1a: Jirachi
|-crit|p1a: Jirachi
|-resisted|p1a: Jirachi
|-damage|p1a: Jirachi|217\/341
|-damage|p2a: Crobat|270\/311|[from] recoil|[of] p1a: Jirachi
|
|-heal|p2a: Crobat|289\/311|[from] item: Black Sludge
|turn|2
|
|move|p1a: Jirachi|U-turn|p2a: Crobat
|-resisted|p2a: Crobat
|-damage|p2a: Crobat|270\/311
|
|switch|p1a: Crobat|Crobat, F|311\/311
|move|p2a: Crobat|U-turn|p1a: Crobat
|-resisted|p1a: Crobat
|-damage|p1a: Crobat|292\/311
|
|switch|p2a: Cloyster|Cloyster, M|241\/241
|
|turn|3
|
|move|p1a: Crobat|Brave Bird|p2a: Cloyster
|-damage|p2a: Cloyster|84\/241
|-damage|p1a: Crobat|240\/311|[from] recoil|[of] p2a: Cloyster
|move|p2a: Cloyster|Shell Smash|p2a: Cloyster
|-boost|p2a: Cloyster|atk|2
|-boost|p2a: Cloyster|spa|2
|-boost|p2a: Cloyster|spe|2
|-unboost|p2a: Cloyster|def|1
|-unboost|p2a: Cloyster|spd|1
|
|turn|4
|
|move|p2a: Cloyster|Icicle Spear|p1a: Crobat
|-supereffective|p1a: Crobat
|-damage|p1a: Crobat|64\/311
|-supereffective|p1a: Crobat
|-damage|p1a: Crobat|0 fnt
|-hitcount|p1a: Crobat|2
|faint|p1a: Crobat
|
|
|switch|p1a: Infernape|Infernape, F|293\/293
|turn|5
|
|switch|p2a: Swampert|Swampert, F|404\/404
|move|p1a: Infernape|Close Combat|p2a: Swampert
|-damage|p2a: Swampert|268\/404
|-unboost|p1a: Infernape|def|1
|-unboost|p1a: Infernape|spd|1
|
|-heal|p2a: Swampert|293\/404|[from] item: Leftovers
|turn|6
|
|switch|p1a: Hydreigon|Hydreigon, M|325\/325
|move|p2a: Swampert|Stealth Rock|p1a: Hydreigon
|-sidestart|p1: taylorswift4life|move: Stealth Rock
|
|-heal|p2a: Swampert|318\/404|[from] item: Leftovers
|turn|7
|
|move|p1a: Hydreigon|Dark Pulse|p2a: Swampert
|-damage|p2a: Swampert|107\/404
|-damage|p1a: Hydreigon|293\/325|[from] item: Life Orb
|cant|p2a: Swampert|flinch
|
|-heal|p2a: Swampert|132\/404|[from] item: Leftovers
|turn|8
|c|★taylorswift4life|:\/
|
|switch|p2a: Toxicroak|Toxicroak, F|370\/370
|move|p1a: Hydreigon|Dark Pulse|p2a: Toxicroak
|-resisted|p2a: Toxicroak
|-damage|p2a: Toxicroak|247\/370
|-damage|p1a: Hydreigon|261\/325|[from] item: Life Orb
|
|-heal|p2a: Toxicroak|270\/370|[from] item: Black Sludge
|turn|9
|
|move|p1a: Hydreigon|Draco Meteor|p2a: Toxicroak
|-damage|p2a: Toxicroak|0 fnt
|-unboost|p1a: Hydreigon|spa|2
|-damage|p1a: Hydreigon|229\/325|[from] item: Life Orb
|faint|p2a: Toxicroak
|
|
|switch|p2a: Crobat|Crobat, F|270\/311
|turn|10
|leave|Bassy To
|
|move|p2a: Crobat|U-turn|p1a: Hydreigon
|-supereffective|p1a: Hydreigon
|-damage|p1a: Hydreigon|61\/325
|
|switch|p2a: Cloyster|Cloyster, M|84\/241
|move|p1a: Hydreigon|Dark Pulse|p2a: Cloyster
|-damage|p2a: Cloyster|0 fnt
|-damage|p1a: Hydreigon|29\/325|[from] item: Life Orb
|faint|p2a: Cloyster
|
|c|★taylorswift4life|sigh i need to stop making sharpedo weak teams
|
|switch|p2a: Sharpedo|Sharpedo, F|281\/281
|turn|11
|c|★SO GIMMICK|lol.
|
|move|p2a: Sharpedo|Protect|p2a: Sharpedo
|-singleturn|p2a: Sharpedo|Protect
|move|p1a: Hydreigon|Roost|p1a: Hydreigon
|-heal|p1a: Hydreigon|192\/325
|
|-boost|p2a: Sharpedo|spe|1|[from] ability: Speed Boost
|turn|12
|
|detailschange|p2a: Sharpedo|Sharpedo-Mega, F
|-mega|p2a: Sharpedo|Sharpedo|Sharpedonite
|move|p2a: Sharpedo|Ice Fang|p1a: Hydreigon
|-supereffective|p1a: Hydreigon
|-damage|p1a: Hydreigon|0 fnt
|faint|p1a: Hydreigon
|
|c|★SO GIMMICK|if I can get a swords dance baton pass I will be unstoppable.
|c|★SO GIMMICK|but idk anyone who can sd baton pass.
|
|switch|p1a: Infernape|Infernape, F|293\/293
|-damage|p1a: Infernape|257\/293|[from] Stealth Rock
|turn|13
|
|move|p1a: Infernape|U-turn|p2a: Sharpedo
|-supereffective|p2a: Sharpedo
|-damage|p2a: Sharpedo|77\/281
|
|switch|p1a: Jirachi|Jirachi|217\/341
|-damage|p1a: Jirachi|196\/341|[from] Stealth Rock
|move|p2a: Sharpedo|Waterfall|p1a: Jirachi
|-damage|p1a: Jirachi|25\/341
|
|turn|14
|
|move|p1a: Jirachi|U-turn|p2a: Sharpedo
|-supereffective|p2a: Sharpedo
|-damage|p2a: Sharpedo|0 fnt
|faint|p2a: Sharpedo
|
|switch|p1a: Zygarde|Zygarde|419\/419
|-damage|p1a: Zygarde|393\/419|[from] Stealth Rock
|-ability|p1a: Zygarde|Aura Break
|
|-heal|p1a: Zygarde|419\/419|[from] item: Leftovers
|c|★taylorswift4life|sigh this cancel button isn't working
|
|switch|p2a: Crobat|Crobat, F|270\/311
|turn|15
|
|move|p2a: Crobat|Toxic|p1a: Zygarde
|-status|p1a: Zygarde|tox
|move|p1a: Zygarde|Dragon Tail|p2a: Crobat
|-damage|p2a: Crobat|161\/311
|drag|p2a: Jirachi|Jirachi|341\/341
|
|-damage|p1a: Zygarde|393\/419 tox|[from] psn
|turn|16
|
|move|p2a: Jirachi|Zen Headbutt|p1a: Zygarde
|-damage|p1a: Zygarde|293\/419 tox
|move|p1a: Zygarde|Earthquake|p2a: Jirachi
|-supereffective|p2a: Jirachi
|-damage|p2a: Jirachi|17\/341
|
|-heal|p1a: Zygarde|319\/419 tox|[from] item: Leftovers
|-damage|p1a: Zygarde|267\/419 tox|[from] psn
|turn|17
|
|switch|p2a: Crobat|Crobat, F|161\/311
|move|p1a: Zygarde|Dragon Tail|p2a: Crobat
|-damage|p2a: Crobat|47\/311
|drag|p2a: Jirachi|Jirachi|17\/341
|
|-heal|p1a: Zygarde|293\/419 tox|[from] item: Leftovers
|-damage|p1a: Zygarde|215\/419 tox|[from] psn
|turn|18
|
|move|p2a: Jirachi|Iron Head|p1a: Zygarde
|-damage|p1a: Zygarde|109\/419 tox
|move|p1a: Zygarde|Dragon Tail|p2a: Jirachi
|-resisted|p2a: Jirachi
|-damage|p2a: Jirachi|0 fnt
|faint|p2a: Jirachi
|
|-heal|p1a: Zygarde|135\/419 tox|[from] item: Leftovers
|-damage|p1a: Zygarde|31\/419 tox|[from] psn
|c|★taylorswift4life|okay gg
|c|★taylorswift4life|i have mega zam
|
|switch|p2a: Crobat|Crobat, F|47\/311
|turn|19
|c|★SO GIMMICK|boo.
|
|move|p2a: Crobat|U-turn|p1a: Zygarde
|-damage|p1a: Zygarde|0 fnt
|faint|p1a: Zygarde
|
|switch|p2a: Swampert|Swampert, F|132\/404
|
|-heal|p2a: Swampert|157\/404|[from] item: Leftovers
|c|★SO GIMMICK|jk I'm done w\/ this lag. gg.
|-message|SO GIMMICK forfeited.
|leave|SO GIMMICK
|
|win|taylorswift4life
|player|p2