|join|RS Swept
|join|Hjwang
|player|p1|RS Swept|29
|player|p2|Hjwang|265
|gametype|singles
|gen|6
|tier|OU
|rated
|clearpoke
|poke|p1|Landorus, M
|poke|p1|Thundurus, M
|poke|p1|Bisharp, F
|poke|p1|Azelf
|poke|p1|Lopunny, M
|poke|p1|Greninja, F
|poke|p2|Azumarill, M
|poke|p2|Ferrothorn, M
|poke|p2|Swampert, F
|poke|p2|Kingdra, F
|poke|p2|Politoed, F
|poke|p2|Latias, F
|rule|Swagger Clause: Swagger is banned
|rule|Baton Pass Clause: Limit one Pokémon knowing Baton Pass
|rule|Sleep Clause Mod: Limit one foe put to sleep
|rule|Species Clause: Limit one of each Pokémon
|rule|OHKO Clause: OHKO moves are banned
|rule|Moody Clause: Moody is banned
|rule|Evasion Moves Clause: Evasion moves are banned
|rule|Endless Battle Clause: Forcing endless battles is banned
|rule|HP Percentage Mod: HP is shown in percentages
|teampreview
|
|start
|switch|p1a: Azelf|Azelf|291\/291
|switch|p2a: Azumarill|Azumarill, M|363\/363
|turn|1
|
|move|p1a: Azelf|Stealth Rock|p2a: Azumarill
|-sidestart|p2: Hjwang|move: Stealth Rock
|move|p2a: Azumarill|Waterfall|p1a: Azelf
|-enditem|p1a: Azelf|Focus Sash
|-damage|p1a: Azelf|1\/291
|
|turn|2
|
|switch|p2a: Ferrothorn|Ferrothorn, M|352\/352
|-damage|p2a: Ferrothorn|330\/352|[from] Stealth Rock
|move|p1a: Azelf|Explosion|p2a: Ferrothorn
|-resisted|p2a: Ferrothorn
|-damage|p2a: Ferrothorn|238\/352
|faint|p1a: Azelf
|
|-heal|p2a: Ferrothorn|260\/352|[from] item: Leftovers
|
|switch|p1a: Landorus|Landorus, M|319\/319
|turn|3
|
|move|p1a: Landorus|Knock Off|p2a: Ferrothorn
|-damage|p2a: Ferrothorn|179\/352
|-damage|p1a: Landorus|280\/319|[from] ability: Iron Barbs|[of] p2a: Ferrothorn
|-enditem|p2a: Ferrothorn|Leftovers|[from] move: Knock Off|[of] p1a: Landorus
|-damage|p1a: Landorus|249\/319|[from] item: Life Orb
|move|p2a: Ferrothorn|Stealth Rock|p1a: Landorus
|-sidestart|p1: RS Swept|move: Stealth Rock
|
|turn|4
|
|switch|p2a: Latias|Latias, F|319\/319
|-damage|p2a: Latias|280\/319|[from] Stealth Rock
|move|p1a: Landorus|Earth Power|p2a: Latias
|-immune|p2a: Latias|[msg]
|
|turn|5
|
|switch|p1a: Bisharp|Bisharp, F|287\/287
|-damage|p1a: Bisharp|270\/287|[from] Stealth Rock
|move|p2a: Latias|Draco Meteor|p1a: Bisharp
|-resisted|p1a: Bisharp
|-damage|p1a: Bisharp|104\/287
|-unboost|p2a: Latias|spa|2
|-damage|p2a: Latias|249\/319|[from] item: Life Orb
|
|turn|6
|
|move|p2a: Latias|Thunderbolt|p1a: Bisharp
|-damage|p1a: Bisharp|27\/287
|-damage|p2a: Latias|218\/319|[from] item: Life Orb
|move|p1a: Bisharp|Pursuit|p2a: Latias
|-supereffective|p2a: Latias
|-damage|p2a: Latias|32\/319
|
|turn|7
|
|move|p1a: Bisharp|Sucker Punch|p2a: Latias
|-fail|p2a: Latias
|move|p2a: Latias|Healing Wish|p2a: Latias
|faint|p2a: Latias
|
|
|switch|p2a: Ferrothorn|Ferrothorn, M|179\/352
|-heal|p2a: Ferrothorn|352\/352|[from] move: Healing Wish
|-damage|p2a: Ferrothorn|330\/352|[from] Stealth Rock
|turn|8
|
|move|p1a: Bisharp|Knock Off|p2a: Ferrothorn
|-damage|p2a: Ferrothorn|237\/352
|-damage|p1a: Bisharp|0 fnt|[from] ability: Iron Barbs|[of] p2a: Ferrothorn
|faint|p1a: Bisharp
|move|p2a: Ferrothorn|Leech Seed|p1: Bisharp|[notarget]
|-notarget
|
|
|switch|p1a: Landorus|Landorus, M|249\/319
|-damage|p1a: Landorus|210\/319|[from] Stealth Rock
|turn|9
|c|★Hjwang|is this costa?
|
|move|p1a: Landorus|Focus Blast|p2a: Ferrothorn
|-supereffective|p2a: Ferrothorn
|-damage|p2a: Ferrothorn|0 fnt
|faint|p2a: Ferrothorn
|
|c|★RS Swept|ya
|
|switch|p2a: Azumarill|Azumarill, M|363\/363
|-damage|p2a: Azumarill|318\/363|[from] Stealth Rock
|turn|10
|
|move|p2a: Azumarill|Aqua Jet|p1a: Landorus
|-supereffective|p1a: Landorus
|-damage|p1a: Landorus|0 fnt
|faint|p1a: Landorus
|
|
|switch|p1a: Greninja|Greninja, F|285\/285
|-damage|p1a: Greninja|250\/285|[from] Stealth Rock
|turn|11
|
|move|p2a: Azumarill|Aqua Jet|p1a: Greninja
|-resisted|p1a: Greninja
|-damage|p1a: Greninja|153\/285
|move|p1a: Greninja|Gunk Shot|p2a: Azumarill
|-start|p1a: Greninja|typechange|Poison|[from] Protean
|-supereffective|p2a: Azumarill
|-damage|p2a: Azumarill|0 fnt
|-damage|p1a: Greninja|125\/285|[from] item: Life Orb
|faint|p2a: Azumarill
|
|
|switch|p2a: Politoed|Politoed, F|335\/335
|-damage|p2a: Politoed|294\/335|[from] Stealth Rock
|-weather|RainDance
|turn|12
|
|switch|p2a: Kingdra|Kingdra, F|307\/307
|-damage|p2a: Kingdra|269\/307|[from] Stealth Rock
|move|p1a: Greninja|Hydro Pump|p2a: Kingdra|[miss]
|-start|p1a: Greninja|typechange|Water|[from] Protean
|-miss|p1a: Greninja|p2a: Kingdra
|
|-weather|RainDance|[upkeep]
|turn|13
|
|move|p2a: Kingdra|Scald|p1a: Greninja
|-resisted|p1a: Greninja
|-damage|p1a: Greninja|0 fnt
|faint|p1a: Greninja
|
|-weather|RainDance|[upkeep]
|
|switch|p1a: Thundurus|Thundurus, M|299\/299
|-damage|p1a: Thundurus|225\/299|[from] Stealth Rock
|turn|14
|
|move|p1a: Thundurus|Thunder Wave|p2a: Kingdra
|-status|p2a: Kingdra|par
|move|p2a: Kingdra|Scald|p1a: Thundurus
|-damage|p1a: Thundurus|0 fnt
|faint|p1a: Thundurus
|
|-weather|RainDance|[upkeep]
|
|switch|p1a: Lopunny|Lopunny, M|272\/272
|-damage|p1a: Lopunny|238\/272|[from] Stealth Rock
|turn|15
|
|detailschange|p1a: Lopunny|Lopunny-Mega, M
|message|Lopunny has Mega Evolved into Mega Lopunny!
|move|p1a: Lopunny|Fake Out|p2a: Kingdra
|-damage|p2a: Kingdra|193\/307 par
|cant|p2a: Kingdra|flinch
|
|-weather|RainDance|[upkeep]
|turn|16
|
|move|p1a: Lopunny|High Jump Kick|p2a: Kingdra
|-damage|p2a: Kingdra|0 fnt
|faint|p2a: Kingdra
|
|-weather|RainDance|[upkeep]
|
|switch|p2a: Swampert|Swampert, F|361\/361
|-damage|p2a: Swampert|339\/361|[from] Stealth Rock
|turn|17
|
|detailschange|p2a: Swampert|Swampert-Mega, F
|message|Swampert has Mega Evolved into Mega Swampert!
|move|p1a: Lopunny|High Jump Kick|p2a: Swampert
|-damage|p2a: Swampert|117\/361
|move|p2a: Swampert|Superpower|p1a: Lopunny
|-supereffective|p1a: Lopunny
|-damage|p1a: Lopunny|0 fnt
|-unboost|p2a: Swampert|atk|1
|-unboost|p2a: Swampert|def|1
|faint|p1a: Lopunny
|
|win|Hjwang
|raw|Ladder updating...
|raw|RS Swept's rating: 1719 &rarr; <strong>1691<\/strong><br \/>(-28 for losing)
|raw|Hjwang's rating: 1578 &rarr; <strong>1606<\/strong><br \/>(+28 for winning)
|c|★Hjwang|gg
|c|★RS Swept|gg
|leave|RS Swept
|player|p1