|join|MoB Barley
|join|RS Swept
|player|p1|MoB Barley|161
|player|p2|RS Swept|29
|gametype|singles
|gen|6
|tier|OU
|clearpoke
|poke|p1|Diancie
|poke|p1|Talonflame, M, shiny
|poke|p1|Greninja, M, shiny
|poke|p1|Magnezone
|poke|p1|Conkeldurr, M, shiny
|poke|p1|Excadrill, M, shiny
|poke|p2|Politoed, M
|poke|p2|Ferrothorn, F
|poke|p2|Kabutops, M
|poke|p2|Heracross, M
|poke|p2|Landorus-Therian, M
|poke|p2|Kingdra, F
|rule|Swagger Clause: Swagger is banned
|rule|Baton Pass Clause: Limit one Pokémon knowing Baton Pass
|rule|Sleep Clause Mod: Limit one foe put to sleep
|rule|Species Clause: Limit one of each Pokémon
|rule|OHKO Clause: OHKO moves are banned
|rule|Moody Clause: Moody is banned
|rule|Evasion Moves Clause: Evasion moves are banned
|rule|Endless Battle Clause: Forcing endless battles is banned
|rule|HP Percentage Mod: HP is shown in percentages
|teampreview
|join|LonelyAtTheBottom
|join|I'm Rick Astley
|join|swagger on deck
|join|jeffrawr
|join|Frickett
|join|RS Meth
|join|hashtag fabulous
|join|LadderSoTall
|join|Sweqfeq
|join|Tyltashiro
|join|5th
|join|clckwrk
|join|Wheeezer
|join|railemander
|join|BornSinner16
|join|Torin0
|join|NachoManAndyAveraj
|join|Alldaalts
|join|Kung Fu Pancham
|c| RS Meth|here comes that rainy day feelin again...
|join|MushMunkey
|join|bommer
|leave|bommer
|c| MushMunkey|AHH
|c|★RS Swept|i was really feeling rain
|join|IAmLogicx2
|c| MushMunkey|RS COCAINE BACK WITH HIS RAIN
|c| Kung Fu Pancham|this old rain team
|c| MushMunkey|nb
|leave|MushMunkey
|
|start
|switch|p1a: Excadrill|Excadrill, M, shiny|361\/361
|switch|p2a: Politoed|Politoed, M|383\/383
|-ability|p1a: Excadrill|Mold Breaker
|-item|p1a: Excadrill|Air Balloon
|-weather|RainDance
|turn|1
|join|The DragonKnight
|c| Kung Fu Pancham|pokeaimd should sue
|c| NachoManAndyAveraj|"I'm really feeling it" - RS Swept
|
|move|p1a: Excadrill|Stealth Rock|p2a: Politoed
|-sidestart|p2: RS Swept|move: Stealth Rock
|move|p2a: Politoed|Scald|p1a: Excadrill
|-supereffective|p1a: Excadrill
|-damage|p1a: Excadrill|23\/361
|-enditem|p1a: Excadrill|Air Balloon
|
|-weather|RainDance|[upkeep]
|turn|2
|c| Kung Fu Pancham|lol
|join|Alkov
|c| Wheeezer|no burn?
|
|switch|p2a: Ferrothorn|Ferrothorn, F|352\/352
|-damage|p2a: Ferrothorn|330\/352|[from] Stealth Rock
|move|p1a: Excadrill|Iron Head|p2a: Ferrothorn
|-resisted|p2a: Ferrothorn
|-damage|p2a: Ferrothorn|287\/352
|-damage|p1a: Excadrill|0 fnt|[from] ability: Iron Barbs|[of] p2a: Ferrothorn
|faint|p1a: Excadrill
|
|-weather|RainDance|[upkeep]
|-heal|p2a: Ferrothorn|309\/352|[from] item: Leftovers
|join|Archanean
|
|switch|p1a: Magnezone|Magnezone|281\/281
|turn|3
|
|move|p1a: Magnezone|Hidden Power|p2a: Ferrothorn
|-supereffective|p2a: Ferrothorn
|-damage|p2a: Ferrothorn|181\/352
|move|p2a: Ferrothorn|Leech Seed|p1a: Magnezone
|-start|p1a: Magnezone|move: Leech Seed
|
|-weather|RainDance|[upkeep]
|-heal|p2a: Ferrothorn|203\/352|[from] item: Leftovers
|-damage|p1a: Magnezone|246\/281|[from] Leech Seed|[of] p2a: Ferrothorn
|-heal|p2a: Ferrothorn|238\/352|[silent]
|turn|4
|join|rl4
|c| Kung Fu Pancham|hp fire does nothing
|
|move|p1a: Magnezone|Hidden Power|p2a: Ferrothorn
|-supereffective|p2a: Ferrothorn
|-damage|p2a: Ferrothorn|114\/352
|move|p2a: Ferrothorn|Stealth Rock|p1a: Magnezone
|-sidestart|p1: MoB Barley|move: Stealth Rock
|
|-weather|RainDance|[upkeep]
|-heal|p2a: Ferrothorn|136\/352|[from] item: Leftovers
|-damage|p1a: Magnezone|211\/281|[from] Leech Seed|[of] p2a: Ferrothorn
|-heal|p2a: Ferrothorn|171\/352|[silent]
|turn|5
|c| Wheeezer|^
|
|move|p1a: Magnezone|Hidden Power|p2a: Ferrothorn
|-supereffective|p2a: Ferrothorn
|-damage|p2a: Ferrothorn|59\/352
|move|p2a: Ferrothorn|Knock Off|p1a: Magnezone
|-damage|p1a: Magnezone|141\/281
|-enditem|p1a: Magnezone|Choice Scarf|[from] move: Knock Off|[of] p2a: Ferrothorn
|
|-weather|RainDance|[upkeep]
|-heal|p2a: Ferrothorn|81\/352|[from] item: Leftovers
|-damage|p1a: Magnezone|106\/281|[from] Leech Seed|[of] p2a: Ferrothorn
|-heal|p2a: Ferrothorn|116\/352|[silent]
|turn|6
|c| Kung Fu Pancham|likd
|c| Kung Fu Pancham|like
|c| Kung Fu Pancham|ferro and rain
|join|illestt
|
|move|p1a: Magnezone|Hidden Power|p2a: Ferrothorn
|-supereffective|p2a: Ferrothorn
|-damage|p2a: Ferrothorn|0 fnt
|faint|p2a: Ferrothorn
|
|-weather|RainDance|[upkeep]
|c| RS Meth|ARE YOU FEELING IT MR KRABBS
|join|StarZabRighT
|join|Disorient
|join|SteelOsprei
|
|switch|p2a: Kingdra|Kingdra, F|291\/291
|-damage|p2a: Kingdra|255\/291|[from] Stealth Rock
|turn|7
|
|move|p2a: Kingdra|Surf|p1a: Magnezone
|-damage|p1a: Magnezone|0 fnt
|faint|p1a: Magnezone
|
|-weather|RainDance|[upkeep]
|c| Kung Fu Pancham|sponge bub crew
|join|MushMunkey
|
|switch|p1a: Conkeldurr|Conkeldurr, M, shiny|361\/361
|-damage|p1a: Conkeldurr|339\/361|[from] Stealth Rock
|turn|8
|join|opwblade
|c| Alkov|spongebob movie coming out in 2015
|join|Jeevs
|
|move|p2a: Kingdra|Surf|p1a: Conkeldurr
|-damage|p1a: Conkeldurr|92\/361
|move|p1a: Conkeldurr|Drain Punch|p2a: Kingdra
|-crit|p2a: Kingdra
|-damage|p2a: Kingdra|2\/291
|-heal|p1a: Conkeldurr|219\/361|[from] drain|[of] p2a: Kingdra
|
|-weather|none
|turn|9
|join|ollopa
|c| StarZabRighT|hype
|join|Murkrow Jupiter
|c| opwblade|rip
|c| RS Meth|nb
|
|switch|p2a: Heracross|Heracross, M|301\/301
|-damage|p2a: Heracross|264\/301|[from] Stealth Rock
|move|p1a: Conkeldurr|Mach Punch|p2a: Heracross
|-resisted|p2a: Heracross
|-damage|p2a: Heracross|215\/301
|
|turn|10
|join|agathor
|c| Murkrow Jupiter|dat old school rain
|c| Murkrow Jupiter|tho
|c| NachoManAndyAveraj|the 2005 spongebob movie was so bad
|c| Kung Fu Pancham|is that scarf lando
|c| RS Meth|aerial ace conk?
|c| MushMunkey|ur moms old school
|c| MushMunkey|lol xd
|c| Murkrow Jupiter|mush...
|c| NachoManAndyAveraj|shit went downhill after that
|leave|StarZabRighT
|c| RS Meth|Mush aren't you playing a game right now
|c| MushMunkey|yeah
|c| Murkrow Jupiter|mush got schooled earlier
|c| Kung Fu Pancham|arial ace cross go
|c| Wheeezer|the part where they get shot out of that man's pectorals...
|c| MushMunkey|I'm doing a lot of things rn
|c| Murkrow Jupiter|git lost newb
|leave|SteelOsprei
|
|switch|p1a: Talonflame|Talonflame, M, shiny|319\/319
|-damage|p1a: Talonflame|160\/319|[from] Stealth Rock
|detailschange|p2a: Heracross|Heracross-Mega, M
|message|Heracross has Mega Evolved into Mega Heracross!
|move|p2a: Heracross|Close Combat|p1a: Talonflame
|-resisted|p1a: Talonflame
|-damage|p1a: Talonflame|0 fnt
|-unboost|p2a: Heracross|def|1
|-unboost|p2a: Heracross|spd|1
|faint|p1a: Talonflame
|
|c| MushMunkey|murkrow don't take me seriously when I battle
|c| MushMunkey|ever lol
|c| Jeevs|wow
|c| Murkrow Jupiter|i don't cause you suck
|c| Kung Fu Pancham|mob
|
|switch|p1a: Greninja|Greninja, M, shiny|285\/285
|-damage|p1a: Greninja|250\/285|[from] Stealth Rock
|turn|11
|c| Murkrow Jupiter|lel
|c| Kung Fu Pancham|that is not a counter
|
|switch|p2a: Politoed|Politoed, M|383\/383
|-damage|p2a: Politoed|336\/383|[from] Stealth Rock
|-weather|RainDance
|move|p1a: Greninja|Ice Beam|p2a: Politoed
|-start|p1a: Greninja|typechange|Ice|[from] Protean
|-resisted|p2a: Politoed
|-damage|p2a: Politoed|262\/383
|-damage|p1a: Greninja|222\/285|[from] item: Life Orb
|
|-weather|RainDance|[upkeep]
|turn|12
|c| MushMunkey|that wasn't funny
|join|HENRY
|c| Murkrow Jupiter|how bad you are isn't funny son
|c|★MoB Barley|lol
|join|Savage_hr
|
|switch|p2a: Kingdra|Kingdra, F|2\/291
|-damage|p2a: Kingdra|0 fnt|[from] Stealth Rock
|faint|p2a: Kingdra
|move|p1a: Greninja|Hydro Pump|p2: Kingdra|[notarget]
|-notarget
|
|-weather|RainDance|[upkeep]
|join|RaizenFury
|
|switch|p2a: Kabutops|Kabutops, M|259\/259
|-damage|p2a: Kabutops|227\/259|[from] Stealth Rock
|turn|13
|c| Kung Fu Pancham|tbh it was over when mob brought a daincie team
|
|move|p2a: Kabutops|Waterfall|p1a: Greninja
|-damage|p1a: Greninja|0 fnt
|-damage|p2a: Kabutops|202\/259|[from] item: Life Orb
|faint|p1a: Greninja
|
|-weather|RainDance|[upkeep]
|c| Wheeezer|lol
|c| RS Meth|oh dear.
|c| Murkrow Jupiter|seriously, some of the best players on smogon have tried to help you, but you think you're smarter
|c|★MoB Barley|man dance could sweep if it had room to set up
|
|switch|p1a: Conkeldurr|Conkeldurr, M, shiny|219\/361
|-damage|p1a: Conkeldurr|197\/361|[from] Stealth Rock
|turn|14
|c| Murkrow Jupiter|you're autistic mush
|c|★MoB Barley|i just made this so
|c|★MoB Barley|gg
|
|switch|p2a: Heracross|Heracross-Mega, M|215\/301
|-damage|p2a: Heracross|178\/301|[from] Stealth Rock
|move|p1a: Conkeldurr|Mach Punch|p2a: Heracross
|-resisted|p2a: Heracross
|-damage|p2a: Heracross|139\/301
|
|-weather|RainDance|[upkeep]
|turn|15
|c| RS Meth|hey I just made you
|
|move|p1a: Conkeldurr|Mach Punch|p2a: Heracross
|-resisted|p2a: Heracross
|-damage|p2a: Heracross|102\/301
|move|p2a: Heracross|Close Combat|p1a: Conkeldurr
|-damage|p1a: Conkeldurr|0 fnt
|-unboost|p2a: Heracross|def|1
|-unboost|p2a: Heracross|spd|1
|faint|p1a: Conkeldurr
|
|-weather|RainDance|[upkeep]
|c|★RS Swept|gg
|c| Kung Fu Pancham|when did i ever say that
|
|switch|p1a: Diancie|Diancie|241\/241
|-damage|p1a: Diancie|211\/241|[from] Stealth Rock
|turn|16
|c| Kung Fu Pancham|i was better
|
|detailschange|p1a: Diancie|Diancie-Mega
|message|Diancie has Mega Evolved into Mega Diancie!
|move|p2a: Heracross|Close Combat|p1a: Diancie
|-damage|p1a: Diancie|0 fnt
|-unboost|p2a: Heracross|def|1
|-unboost|p2a: Heracross|spd|1
|faint|p1a: Diancie
|
|win|RS Swept
|c| Kung Fu Pancham|this is fun banter
|leave|swagger on deck
|leave|RS Meth
|leave|opwblade
|leave|Alldaalts
|leave|MoB Barley
|player|p1
|leave|RaizenFury
|leave|I'm Rick Astley
|leave|Sweqfeq
|leave|illestt
|leave|Torin0
|leave|agathor
|leave|IAmLogicx2
|leave|5th
|leave|Frickett
|leave|Tyltashiro
|leave|Disorient
|c| clckwrk|Beer, Banter, and Branislov Ivanovic
|leave|LadderSoTall
|leave|LonelyAtTheBottom
|leave|jeffrawr
|leave|hashtag fabulous
|leave|Savage_hr
|leave|Alkov
|leave|clckwrk
|leave|RS Swept
|player|p2
|leave|Wheeezer
|join|Dark Future
|leave|rl4
|leave|Murkrow Jupiter
|join|idarki