|join|burgerfresser
|join|RS Swept
|player|p1|burgerfresser|115
|player|p2|RS Swept|29
|gametype|singles
|gen|6
|tier|OU
|rated
|clearpoke
|poke|p1|Dragonite, M, shiny
|poke|p1|Gardevoir, F, shiny
|poke|p1|Starmie
|poke|p1|Amoonguss, F
|poke|p1|Heatran, M
|poke|p1|Conkeldurr, M
|poke|p2|Gothitelle, F
|poke|p2|Skarmory, F
|poke|p2|Cresselia, F
|poke|p2|Quagsire, F
|poke|p2|Sableye, M
|poke|p2|Chansey, F
|rule|Swagger Clause: Swagger is banned
|rule|Baton Pass Clause: Limit one Pokémon knowing Baton Pass
|rule|Sleep Clause Mod: Limit one foe put to sleep
|rule|Species Clause: Limit one of each Pokémon
|rule|OHKO Clause: OHKO moves are banned
|rule|Moody Clause: Moody is banned
|rule|Evasion Moves Clause: Evasion moves are banned
|rule|Endless Battle Clause: Forcing endless battles is banned
|rule|HP Percentage Mod: HP is shown in percentages
|teampreview
|
|start
|switch|p1a: Gardewhore|Gardevoir, F, shiny|277\/277
|switch|p2a: Cresselia|Cresselia, F|444\/444
|-ability|p1a: Gardewhore|Levitate|[from] ability: Trace|[of] p2a: Cresselia
|turn|1
|
|detailschange|p1a: Gardewhore|Gardevoir-Mega, F, shiny
|message|Gardevoir has Mega Evolved into Mega Gardevoir!
|move|p1a: Gardewhore|Taunt|p2a: Cresselia
|-start|p2a: Cresselia|move: Taunt
|cant|p2a: Cresselia|move: Taunt|Thunder Wave
|
|turn|2
|
|switch|p2a: Chansey|Chansey, F|645\/645
|move|p1a: Gardewhore|Hyper Voice|p2a: Chansey
|-damage|p2a: Chansey|507\/645
|
|turn|3
|
|switch|p1a: Conkeldurr|Conkeldurr, M|351\/351
|move|p2a: Chansey|Seismic Toss|p1a: Conkeldurr
|-damage|p1a: Conkeldurr|251\/351
|
|turn|4
|
|switch|p1a: Gardewhore|Gardevoir-Mega, F, shiny|277\/277
|switch|p2a: Sableye|Sableye, M|303\/303
|
|turn|5
|
|switch|p2a: Cresselia|Cresselia, F|444\/444
|move|p1a: Gardewhore|Psyshock|p2a: Cresselia
|-resisted|p2a: Cresselia
|-damage|p2a: Cresselia|386\/444
|
|-heal|p2a: Cresselia|413\/444|[from] item: Leftovers
|turn|6
|
|switch|p2a: Chansey|Chansey, F|507\/645
|move|p1a: Gardewhore|Taunt|p2a: Chansey
|-start|p2a: Chansey|move: Taunt
|
|turn|7
|
|move|p1a: Gardewhore|Psyshock|p2a: Chansey
|-damage|p2a: Chansey|264\/645
|move|p2a: Chansey|Seismic Toss|p1a: Gardewhore
|-damage|p1a: Gardewhore|177\/277
|
|turn|8
|
|switch|p2a: Skarmory|Skarmory, F|333\/333
|move|p1a: Gardewhore|Hyper Voice|p2a: Skarmory
|-resisted|p2a: Skarmory
|-damage|p2a: Skarmory|170\/333
|
|turn|9
|
|switch|p2a: Gothitelle|Gothitelle, F|301\/301
|move|p1a: Gardewhore|Focus Blast|p2a: Gothitelle
|-resisted|p2a: Gothitelle
|-damage|p2a: Gothitelle|228\/301
|-unboost|p2a: Gothitelle|spd|1
|
|turn|10
|
|move|p2a: Gothitelle|Psyshock|p1a: Gardewhore
|-resisted|p1a: Gardewhore
|-damage|p1a: Gardewhore|105\/277
|move|p1a: Gardewhore|Hyper Voice|p2a: Gothitelle
|-damage|p2a: Gothitelle|0 fnt
|faint|p2a: Gothitelle
|
|
|switch|p2a: Chansey|Chansey, F|264\/645
|turn|11
|
|switch|p1a: Pimpnite|Dragonite, M, shiny|343\/343
|move|p2a: Chansey|Seismic Toss|p1a: Pimpnite
|-damage|p1a: Pimpnite|243\/343
|
|turn|12
|
|switch|p2a: Cresselia|Cresselia, F|413\/444
|move|p1a: Pimpnite|Outrage|p2a: Cresselia
|-damage|p2a: Cresselia|157\/444
|
|-heal|p2a: Cresselia|184\/444|[from] item: Leftovers
|turn|13
|
|move|p1a: Pimpnite|Outrage|p2a: Cresselia
|-damage|p2a: Cresselia|0 fnt
|faint|p2a: Cresselia
|
|-end|p1a: Pimpnite|rampage
|-start|p1a: Pimpnite|confusion
|
|switch|p2a: Skarmory|Skarmory, F|170\/333
|turn|14
|
|switch|p1a: Heatran|Heatran, M|385\/385
|move|p2a: Skarmory|Roost|p2a: Skarmory
|-heal|p2a: Skarmory|333\/333
|
|turn|15
|
|switch|p2a: Chansey|Chansey, F|264\/645
|move|p1a: Heatran|Stealth Rock|p2a: Chansey
|-sidestart|p2: RS Swept|move: Stealth Rock
|
|turn|16
|
|switch|p1a: Pimpnite|Dragonite, M, shiny|243\/343
|move|p2a: Chansey|Soft-Boiled|p2a: Chansey
|-heal|p2a: Chansey|587\/645
|
|turn|17
|
|move|p1a: Pimpnite|Fire Punch|p2a: Chansey
|-damage|p2a: Chansey|385\/645
|move|p2a: Chansey|Soft-Boiled|p2a: Chansey
|-heal|p2a: Chansey|645\/645
|
|turn|18
|
|switch|p1a: Conkeldurr|Conkeldurr, M|251\/351
|move|p2a: Chansey|Stealth Rock|p1a: Conkeldurr
|-sidestart|p1: burgerfresser|move: Stealth Rock
|
|turn|19
|
|switch|p2a: Sableye|Sableye, M|303\/303
|-damage|p2a: Sableye|266\/303|[from] Stealth Rock
|move|p1a: Conkeldurr|Knock Off|p2a: Sableye
|-damage|p2a: Sableye|164\/303
|
|turn|20
|
|switch|p1a: Heatran|Heatran, M|385\/385
|-damage|p1a: Heatran|337\/385|[from] Stealth Rock
|detailschange|p2a: Sableye|Sableye-Mega, M
|message|Sableye has Mega Evolved into Mega Sableye!
|move|p2a: Sableye|Recover|p2a: Sableye
|-heal|p2a: Sableye|303\/303
|
|-heal|p1a: Heatran|361\/385|[from] item: Leftovers
|turn|21
|
|switch|p2a: Chansey|Chansey, F|645\/645
|-damage|p2a: Chansey|565\/645|[from] Stealth Rock
|move|p1a: Heatran|Lava Plume|p2a: Chansey
|-damage|p2a: Chansey|498\/645
|-status|p2a: Chansey|brn
|
|-heal|p1a: Heatran|385\/385|[from] item: Leftovers
|-damage|p2a: Chansey|418\/645 brn|[from] brn
|turn|22
|
|switch|p1a: Starmie|Starmie|324\/324
|-damage|p1a: Starmie|284\/324|[from] Stealth Rock
|move|p2a: Chansey|Soft-Boiled|p2a: Chansey
|-heal|p2a: Chansey|645\/645 brn
|
|-heal|p1a: Starmie|304\/324|[from] item: Leftovers
|-damage|p2a: Chansey|565\/645 brn|[from] brn
|turn|23
|
|switch|p2a: Sableye|Sableye-Mega, M|303\/303
|-damage|p2a: Sableye|266\/303|[from] Stealth Rock
|move|p1a: Starmie|Rapid Spin|p2a: Sableye
|-immune|p2a: Sableye|[msg]
|
|-heal|p1a: Starmie|324\/324|[from] item: Leftovers
|turn|24
|
|move|p1a: Starmie|Scald|p2a: Sableye
|-damage|p2a: Sableye|191\/303
|-status|p2a: Sableye|brn
|move|p2a: Sableye|Snarl|p1a: Starmie
|-supereffective|p1a: Starmie
|-damage|p1a: Starmie|192\/324
|-unboost|p1a: Starmie|spa|1
|
|-heal|p1a: Starmie|212\/324|[from] item: Leftovers
|-damage|p2a: Sableye|154\/303 brn|[from] brn
|turn|25
|
|switch|p1a: Conkeldurr|Conkeldurr, M|251\/351
|-damage|p1a: Conkeldurr|230\/351|[from] Stealth Rock
|move|p2a: Sableye|Recover|p2a: Sableye
|-heal|p2a: Sableye|303\/303 brn
|
|-damage|p2a: Sableye|266\/303 brn|[from] brn
|turn|26
|
|switch|p2a: Quagsire|Quagsire, F|394\/394
|-damage|p2a: Quagsire|370\/394|[from] Stealth Rock
|move|p1a: Conkeldurr|Ice Punch|p2a: Quagsire
|-damage|p2a: Quagsire|287\/394
|
|-heal|p2a: Quagsire|311\/394|[from] item: Leftovers
|turn|27
|
|switch|p1a: Starmie|Starmie|212\/324
|-damage|p1a: Starmie|172\/324|[from] Stealth Rock
|move|p2a: Quagsire|Recover|p2a: Quagsire
|-heal|p2a: Quagsire|394\/394
|
|-heal|p1a: Starmie|192\/324|[from] item: Leftovers
|turn|28
|
|switch|p2a: Chansey|Chansey, F|565\/645
|-damage|p2a: Chansey|485\/645|[from] Stealth Rock
|move|p1a: Starmie|Scald|p2a: Chansey
|-damage|p2a: Chansey|431\/645
|
|-heal|p1a: Starmie|212\/324|[from] item: Leftovers
|turn|29
|
|move|p1a: Starmie|Rapid Spin|p2a: Chansey
|-damage|p2a: Chansey|416\/645
|-sideend|p1: burgerfresser|Stealth Rock|[from] move: Rapid Spin|[of] p1a: Starmie
|move|p2a: Chansey|Aromatherapy|p2a: Chansey
|-cureteam|p2a: Chansey|[from] move: Aromatherapy
|
|-heal|p1a: Starmie|232\/324|[from] item: Leftovers
|turn|30
|
|switch|p1a: Pimpnite|Dragonite, M, shiny|243\/343
|move|p2a: Chansey|Soft-Boiled|p2a: Chansey
|-heal|p2a: Chansey|645\/645
|
|turn|31
|
|switch|p2a: Skarmory|Skarmory, F|333\/333
|-damage|p2a: Skarmory|292\/333|[from] Stealth Rock
|move|p1a: Pimpnite|Outrage|p2a: Skarmory
|-resisted|p2a: Skarmory
|-damage|p2a: Skarmory|185\/333
|
|turn|32
|
|move|p1a: Pimpnite|Outrage|p2a: Skarmory
|-resisted|p2a: Skarmory
|-damage|p2a: Skarmory|79\/333
|move|p2a: Skarmory|Roost|p2a: Skarmory
|-heal|p2a: Skarmory|246\/333
|
|turn|33
|
|move|p1a: Pimpnite|Outrage|p2a: Skarmory
|-resisted|p2a: Skarmory
|-damage|p2a: Skarmory|153\/333
|move|p2a: Skarmory|Roost|p2a: Skarmory
|-heal|p2a: Skarmory|320\/333
|
|-end|p1a: Pimpnite|rampage
|-start|p1a: Pimpnite|confusion
|turn|34
|
|switch|p1a: Heatran|Heatran, M|385\/385
|move|p2a: Skarmory|Spikes|p1a: Heatran
|-sidestart|p1: burgerfresser|Spikes
|
|turn|35
|
|switch|p1a: Pimpnite|Dragonite, M, shiny|243\/343
|switch|p2a: Chansey|Chansey, F|645\/645
|-damage|p2a: Chansey|565\/645|[from] Stealth Rock
|
|turn|36
|
|switch|p2a: Quagsire|Quagsire, F|394\/394
|-damage|p2a: Quagsire|370\/394|[from] Stealth Rock
|move|p1a: Pimpnite|Outrage|p2a: Quagsire
|-damage|p2a: Quagsire|69\/394
|
|-heal|p2a: Quagsire|93\/394|[from] item: Leftovers
|turn|37
|
|switch|p2a: Skarmory|Skarmory, F|320\/333
|-damage|p2a: Skarmory|279\/333|[from] Stealth Rock
|move|p1a: Pimpnite|Outrage|p2a: Skarmory
|-resisted|p2a: Skarmory
|-damage|p2a: Skarmory|177\/333
|
|turn|38
|
|move|p1a: Pimpnite|Outrage|p2a: Skarmory
|-resisted|p2a: Skarmory
|-damage|p2a: Skarmory|78\/333
|move|p2a: Skarmory|Roost|p2a: Skarmory
|-heal|p2a: Skarmory|245\/333
|
|-end|p1a: Pimpnite|rampage
|-start|p1a: Pimpnite|confusion
|turn|39
|
|switch|p1a: Starmie|Starmie|232\/324
|-damage|p1a: Starmie|192\/324|[from] Spikes
|move|p2a: Skarmory|Spikes|p1a: Starmie
|-sidestart|p1: burgerfresser|Spikes
|
|-heal|p1a: Starmie|212\/324|[from] item: Leftovers
|turn|40
|
|switch|p2a: Sableye|Sableye-Mega, M|266\/303
|-damage|p2a: Sableye|229\/303|[from] Stealth Rock
|move|p1a: Starmie|Scald|p2a: Sableye
|-damage|p2a: Sableye|153\/303
|-status|p2a: Sableye|brn
|
|-heal|p1a: Starmie|232\/324|[from] item: Leftovers
|-damage|p2a: Sableye|116\/303 brn|[from] brn
|turn|41
|c|★RS Swept|lol
|
|move|p1a: Starmie|Rapid Spin|p2a: Sableye
|-immune|p2a: Sableye|[msg]
|move|p2a: Sableye|Recover|p2a: Sableye
|-heal|p2a: Sableye|268\/303 brn
|
|-heal|p1a: Starmie|252\/324|[from] item: Leftovers
|-damage|p2a: Sableye|231\/303 brn|[from] brn
|turn|42
|
|switch|p1a: Heatran|Heatran, M|385\/385
|-damage|p1a: Heatran|321\/385|[from] Spikes
|move|p2a: Sableye|Recover|p2a: Sableye
|-heal|p2a: Sableye|303\/303 brn
|
|-heal|p1a: Heatran|345\/385|[from] item: Leftovers
|-damage|p2a: Sableye|266\/303 brn|[from] brn
|turn|43
|
|move|p1a: Heatran|Lava Plume|p2a: Sableye
|-damage|p2a: Sableye|176\/303 brn
|move|p2a: Sableye|Snarl|p1a: Heatran
|-crit|p1a: Heatran
|-damage|p1a: Heatran|279\/385
|-unboost|p1a: Heatran|spa|1
|
|-heal|p1a: Heatran|303\/385|[from] item: Leftovers
|-damage|p2a: Sableye|139\/303 brn|[from] brn
|turn|44
|
|switch|p1a: Pimpnite|Dragonite, M, shiny|243\/343
|move|p2a: Sableye|Recover|p2a: Sableye
|-heal|p2a: Sableye|291\/303 brn
|
|-damage|p2a: Sableye|254\/303 brn|[from] brn
|turn|45
|
|switch|p2a: Quagsire|Quagsire, F|93\/394
|-damage|p2a: Quagsire|69\/394|[from] Stealth Rock
|move|p1a: Pimpnite|Outrage|p2a: Quagsire
|-damage|p2a: Quagsire|0 fnt
|faint|p2a: Quagsire
|
|
|switch|p2a: Skarmory|Skarmory, F|245\/333
|-damage|p2a: Skarmory|204\/333|[from] Stealth Rock
|turn|46
|
|move|p1a: Pimpnite|Outrage|p2a: Skarmory
|-resisted|p2a: Skarmory
|-damage|p2a: Skarmory|96\/333
|move|p2a: Skarmory|Roost|p2a: Skarmory
|-heal|p2a: Skarmory|263\/333
|
|-end|p1a: Pimpnite|rampage
|-start|p1a: Pimpnite|confusion
|turn|47
|
|switch|p1a: Heatran|Heatran, M|303\/385
|-damage|p1a: Heatran|239\/385|[from] Spikes
|move|p2a: Skarmory|Roost|p2a: Skarmory
|-heal|p2a: Skarmory|333\/333
|
|-heal|p1a: Heatran|263\/385|[from] item: Leftovers
|turn|48
|
|switch|p2a: Chansey|Chansey, F|565\/645
|-damage|p2a: Chansey|485\/645|[from] Stealth Rock
|move|p1a: Heatran|Lava Plume|p2a: Chansey
|-damage|p2a: Chansey|427\/645
|-status|p2a: Chansey|brn
|
|-heal|p1a: Heatran|287\/385|[from] item: Leftovers
|-damage|p2a: Chansey|347\/645 brn|[from] brn
|turn|49
|
|switch|p1a: Conkeldurr|Conkeldurr, M|230\/351
|-damage|p1a: Conkeldurr|172\/351|[from] Spikes
|move|p2a: Chansey|Soft-Boiled|p2a: Chansey
|-heal|p2a: Chansey|645\/645 brn
|
|-damage|p2a: Chansey|565\/645 brn|[from] brn
|turn|50
|
|move|p1a: Conkeldurr|Knock Off|p2a: Chansey
|-damage|p2a: Chansey|397\/645 brn
|-enditem|p2a: Chansey|Eviolite|[from] move: Knock Off|[of] p1a: Conkeldurr
|move|p2a: Chansey|Aromatherapy|p2a: Chansey
|-cureteam|p2a: Chansey|[from] move: Aromatherapy
|
|turn|51
|
|switch|p1a: Gardewhore|Gardevoir-Mega, F, shiny|105\/277
|-damage|p1a: Gardewhore|59\/277|[from] Spikes
|switch|p2a: Sableye|Sableye-Mega, M|254\/303
|-damage|p2a: Sableye|217\/303|[from] Stealth Rock
|
|turn|52
|
|switch|p2a: Chansey|Chansey, F|397\/645
|-damage|p2a: Chansey|317\/645|[from] Stealth Rock
|move|p1a: Gardewhore|Hyper Voice|p2a: Chansey
|-damage|p2a: Chansey|142\/645
|
|turn|53
|
|move|p1a: Gardewhore|Hyper Voice|p2a: Chansey
|-damage|p2a: Chansey|0 fnt
|faint|p2a: Chansey
|
|
|switch|p2a: Skarmory|Skarmory, F|333\/333
|-damage|p2a: Skarmory|292\/333|[from] Stealth Rock
|turn|54
|
|switch|p1a: Heatran|Heatran, M|287\/385
|-damage|p1a: Heatran|223\/385|[from] Spikes
|move|p2a: Skarmory|Brave Bird|p1a: Heatran
|-resisted|p1a: Heatran
|-damage|p1a: Heatran|169\/385
|-damage|p2a: Skarmory|274\/333|[from] recoil|[of] p1a: Heatran
|
|-heal|p1a: Heatran|193\/385|[from] item: Leftovers
|turn|55
|
|move|p1a: Heatran|Lava Plume|p2a: Skarmory
|-supereffective|p2a: Skarmory
|-damage|p2a: Skarmory|0 fnt
|faint|p2a: Skarmory
|
|-heal|p1a: Heatran|217\/385|[from] item: Leftovers
|
|switch|p2a: Sableye|Sableye-Mega, M|217\/303
|-damage|p2a: Sableye|180\/303|[from] Stealth Rock
|turn|56
|
|switch|p1a: Pimpnite|Dragonite, M, shiny|243\/343
|move|p2a: Sableye|Calm Mind|p2a: Sableye
|-boost|p2a: Sableye|spa|1
|-boost|p2a: Sableye|spd|1
|
|turn|57
|
|move|p1a: Pimpnite|Outrage|p2a: Sableye
|-crit|p2a: Sableye
|-damage|p2a: Sableye|0 fnt
|faint|p2a: Sableye
|
|win|burgerfresser
|raw|Ladder updating...
|c|★burgerfresser|gg
|leave|RS Swept
|player|p2
|raw|burgerfresser's rating: 1748 &rarr; <strong>1774<\/strong><br \/>(+26 for winning)
|raw|RS Swept's rating: 1855 &rarr; <strong>1829<\/strong><br \/>(-26 for losing)