|join|PokeHD
|join|JackCid
|player|p1|PokeHD|101
|player|p2|JackCid|234
|gametype|singles
|gen|6
|tier|OU
|rated
|clearpoke
|poke|p1|Sableye, F
|poke|p1|Excadrill, M
|poke|p1|Manaphy
|poke|p1|Gliscor, M
|poke|p1|Talonflame, M
|poke|p1|Clefable, M
|poke|p2|Clefable, F
|poke|p2|Conkeldurr, M
|poke|p2|Reuniclus, M
|poke|p2|Bisharp, M
|poke|p2|Starmie
|poke|p2|Ferrothorn, M
|rule|Swagger Clause: Swagger is banned
|rule|Baton Pass Clause: Limit one Pokémon knowing Baton Pass
|rule|Sleep Clause Mod: Limit one foe put to sleep
|rule|Species Clause: Limit one of each Pokémon
|rule|OHKO Clause: OHKO moves are banned
|rule|Moody Clause: Moody is banned
|rule|Evasion Moves Clause: Evasion moves are banned
|rule|Endless Battle Clause: Forcing endless battles is banned
|rule|HP Percentage Mod: HP is shown in percentages
|teampreview
|
|start
|switch|p1a: Excadrill|Excadrill, M|424\/424
|switch|p2a: Conkeldurr|Conkeldurr, M|414\/414
|-ability|p1a: Excadrill|Mold Breaker
|turn|1
|
|switch|p1a: Sableye|Sableye, F|303\/303
|move|p2a: Conkeldurr|Knock Off|p1a: Sableye
|-damage|p1a: Sableye|181\/303
|
|turn|2
|
|detailschange|p1a: Sableye|Sableye-Mega, F
|message|Sableye has Mega Evolved into Mega Sableye!
|move|p1a: Sableye|Recover|p1a: Sableye
|-heal|p1a: Sableye|303\/303
|move|p2a: Conkeldurr|Knock Off|p1a: Sableye
|-damage|p1a: Sableye|225\/303
|
|turn|3
|
|switch|p2a: Clefable|Clefable, F|394\/394
|move|p1a: Sableye|Knock Off|p2a: Clefable
|-resisted|p2a: Clefable
|-damage|p2a: Clefable|348\/394
|-enditem|p2a: Clefable|Leftovers|[from] move: Knock Off|[of] p1a: Sableye
|
|turn|4
|
|switch|p1a: Clefable|Clefable, M|393\/393
|move|p2a: Clefable|Cosmic Power|p2a: Clefable
|-boost|p2a: Clefable|def|1
|-boost|p2a: Clefable|spd|1
|
|turn|5
|
|move|p1a: Clefable|Calm Mind|p1a: Clefable
|-boost|p1a: Clefable|spa|1
|-boost|p1a: Clefable|spd|1
|move|p2a: Clefable|Moonblast|p1a: Clefable
|-damage|p1a: Clefable|284\/393
|
|-heal|p1a: Clefable|308\/393|[from] item: Leftovers
|turn|6
|
|move|p1a: Clefable|Calm Mind|p1a: Clefable
|-boost|p1a: Clefable|spa|1
|-boost|p1a: Clefable|spd|1
|move|p2a: Clefable|Moonblast|p1a: Clefable
|-damage|p1a: Clefable|185\/393
|
|-heal|p1a: Clefable|209\/393|[from] item: Leftovers
|turn|7
|
|move|p1a: Clefable|Moonlight|p1a: Clefable
|-heal|p1a: Clefable|393\/393
|move|p2a: Clefable|Moonblast|p1a: Clefable
|-damage|p1a: Clefable|285\/393
|
|-heal|p1a: Clefable|309\/393|[from] item: Leftovers
|turn|8
|
|move|p1a: Clefable|Moonblast|p2a: Clefable
|-damage|p2a: Clefable|222\/394
|move|p2a: Clefable|Cosmic Power|p2a: Clefable
|-boost|p2a: Clefable|def|1
|-boost|p2a: Clefable|spd|1
|
|-heal|p1a: Clefable|333\/393|[from] item: Leftovers
|turn|9
|
|move|p1a: Clefable|Moonblast|p2a: Clefable
|-damage|p2a: Clefable|105\/394
|move|p2a: Clefable|Moonlight|p2a: Clefable
|-heal|p2a: Clefable|302\/394
|
|-heal|p1a: Clefable|357\/393|[from] item: Leftovers
|turn|10
|
|switch|p2a: Ferrothorn|Ferrothorn, M|352\/352
|move|p1a: Clefable|Calm Mind|p1a: Clefable
|-boost|p1a: Clefable|spa|1
|-boost|p1a: Clefable|spd|1
|
|-heal|p1a: Clefable|381\/393|[from] item: Leftovers
|turn|11
|
|switch|p1a: Sableye|Sableye-Mega, F|225\/303
|move|p2a: Ferrothorn|Thunder Wave|p1a: Sableye
|move|p1a: Sableye|Thunder Wave|p2a: Ferrothorn|[from]Magic Bounce
|-status|p2a: Ferrothorn|par
|
|turn|12
|
|switch|p2a: Clefable|Clefable, F|302\/394
|move|p1a: Sableye|Knock Off|p2a: Clefable
|-resisted|p2a: Clefable
|-damage|p2a: Clefable|272\/394
|
|turn|13
|
|switch|p1a: Clefable|Clefable, M|381\/393
|move|p2a: Clefable|Moonlight|p2a: Clefable
|-heal|p2a: Clefable|394\/394
|
|-heal|p1a: Clefable|393\/393|[from] item: Leftovers
|turn|14
|
|switch|p2a: Starmie|Starmie|261\/261
|move|p1a: Clefable|Calm Mind|p1a: Clefable
|-boost|p1a: Clefable|spa|1
|-boost|p1a: Clefable|spd|1
|
|turn|15
|
|move|p2a: Starmie|Trick|p1a: Clefable
|-activate|p2a: Starmie|move: Trick|[of] p1a: Clefable
|-item|p1a: Clefable|Choice Scarf|[from] move: Trick
|-item|p2a: Starmie|Leftovers|[from] move: Trick
|move|p1a: Clefable|Moonblast|p2a: Starmie
|-damage|p2a: Starmie|87\/261
|
|-heal|p2a: Starmie|103\/261|[from] item: Leftovers
|turn|16
|
|switch|p2a: Ferrothorn|Ferrothorn, M|352\/352 par
|move|p1a: Clefable|Moonblast|p2a: Ferrothorn
|-resisted|p2a: Ferrothorn
|-damage|p2a: Ferrothorn|288\/352 par
|
|-heal|p2a: Ferrothorn|310\/352 par|[from] item: Leftovers
|turn|17
|
|move|p1a: Clefable|Moonblast|p2a: Ferrothorn
|-resisted|p2a: Ferrothorn
|-damage|p2a: Ferrothorn|237\/352 par
|move|p2a: Ferrothorn|Knock Off|p1a: Clefable
|-resisted|p1a: Clefable
|-damage|p1a: Clefable|362\/393
|-enditem|p1a: Clefable|Choice Scarf|[from] move: Knock Off|[of] p2a: Ferrothorn
|
|-heal|p2a: Ferrothorn|259\/352 par|[from] item: Leftovers
|turn|18
|
|switch|p1a: Sableye|Sableye-Mega, F|225\/303
|move|p2a: Ferrothorn|Leech Seed|p1a: Sableye
|move|p1a: Sableye|Leech Seed|p2a: Ferrothorn|[from]Magic Bounce
|-immune|p2a: Ferrothorn|[msg]
|
|-heal|p2a: Ferrothorn|281\/352 par|[from] item: Leftovers
|turn|19
|
|switch|p1a: Excadrill|Excadrill, M|424\/424
|-ability|p1a: Excadrill|Mold Breaker
|switch|p2a: Clefable|Clefable, F|394\/394
|
|turn|20
|
|switch|p2a: Ferrothorn|Ferrothorn, M|281\/352 par
|move|p1a: Excadrill|Earthquake|p2a: Ferrothorn
|-damage|p2a: Ferrothorn|194\/352 par
|
|-heal|p2a: Ferrothorn|216\/352 par|[from] item: Leftovers
|turn|21
|
|switch|p1a: Sableye|Sableye-Mega, F|225\/303
|cant|p2a: Ferrothorn|par
|
|-heal|p2a: Ferrothorn|238\/352 par|[from] item: Leftovers
|turn|22
|
|switch|p2a: Clefable|Clefable, F|394\/394
|move|p1a: Sableye|Knock Off|p2a: Clefable
|-resisted|p2a: Clefable
|-damage|p2a: Clefable|366\/394
|
|turn|23
|
|switch|p1a: Excadrill|Excadrill, M|424\/424
|-ability|p1a: Excadrill|Mold Breaker
|move|p2a: Clefable|Flamethrower|p1a: Excadrill
|-supereffective|p1a: Excadrill
|-damage|p1a: Excadrill|304\/424
|
|-heal|p1a: Excadrill|330\/424|[from] item: Leftovers
|turn|24
|
|switch|p2a: Ferrothorn|Ferrothorn, M|238\/352 par
|move|p1a: Excadrill|Earthquake|p2a: Ferrothorn
|-damage|p2a: Ferrothorn|142\/352 par
|
|-heal|p1a: Excadrill|356\/424|[from] item: Leftovers
|-heal|p2a: Ferrothorn|164\/352 par|[from] item: Leftovers
|turn|25
|
|move|p1a: Excadrill|Iron Head|p2a: Ferrothorn
|-resisted|p2a: Ferrothorn
|-damage|p2a: Ferrothorn|127\/352 par
|-damage|p1a: Excadrill|303\/424|[from] ability: Iron Barbs|[of] p2a: Ferrothorn
|move|p2a: Ferrothorn|Leech Seed|p1a: Excadrill
|-start|p1a: Excadrill|move: Leech Seed
|
|-heal|p1a: Excadrill|329\/424|[from] item: Leftovers
|-heal|p2a: Ferrothorn|149\/352 par|[from] item: Leftovers
|-damage|p1a: Excadrill|276\/424|[from] Leech Seed|[of] p2a: Ferrothorn
|-heal|p2a: Ferrothorn|202\/352 par|[silent]
|turn|26
|
|switch|p1a: Sableye|Sableye-Mega, F|225\/303
|move|p2a: Ferrothorn|Knock Off|p1a: Sableye
|-damage|p1a: Sableye|182\/303
|
|-heal|p2a: Ferrothorn|224\/352 par|[from] item: Leftovers
|turn|27
|
|switch|p1a: Excadrill|Excadrill, M|276\/424
|-ability|p1a: Excadrill|Mold Breaker
|switch|p2a: Clefable|Clefable, F|366\/394
|
|-heal|p1a: Excadrill|302\/424|[from] item: Leftovers
|turn|28
|
|switch|p2a: Ferrothorn|Ferrothorn, M|224\/352 par
|move|p1a: Excadrill|Iron Head|p2a: Ferrothorn
|-crit|p2a: Ferrothorn
|-resisted|p2a: Ferrothorn
|-damage|p2a: Ferrothorn|171\/352 par
|-damage|p1a: Excadrill|249\/424|[from] ability: Iron Barbs|[of] p2a: Ferrothorn
|
|-heal|p1a: Excadrill|275\/424|[from] item: Leftovers
|-heal|p2a: Ferrothorn|193\/352 par|[from] item: Leftovers
|turn|29
|
|switch|p1a: Talonflame|Talonflame, M|345\/345
|move|p2a: Ferrothorn|Knock Off|p1a: Talonflame
|-damage|p1a: Talonflame|256\/345
|-enditem|p1a: Talonflame|Leftovers|[from] move: Knock Off|[of] p2a: Ferrothorn
|
|-heal|p2a: Ferrothorn|215\/352 par|[from] item: Leftovers
|turn|30
|
|move|p1a: Talonflame|Taunt|p2a: Ferrothorn
|-start|p2a: Ferrothorn|move: Taunt
|cant|p2a: Ferrothorn|par
|
|-heal|p2a: Ferrothorn|237\/352 par|[from] item: Leftovers
|turn|31
|
|switch|p2a: Starmie|Starmie|103\/261
|move|p1a: Talonflame|Brave Bird|p2a: Starmie
|-damage|p2a: Starmie|0 fnt
|-damage|p1a: Talonflame|222\/345|[from] recoil|[of] p2a: Starmie
|faint|p2a: Starmie
|
|
|switch|p2a: Reuniclus|Reuniclus, M|424\/424
|turn|32
|
|switch|p1a: Manaphy|Manaphy|403\/403
|move|p2a: Reuniclus|Recover|p2a: Reuniclus
|-fail|p2a: Reuniclus
|
|turn|33
|
|switch|p2a: Clefable|Clefable, F|366\/394
|move|p1a: Manaphy|Rain Dance|p1a: Manaphy
|-weather|RainDance
|
|-weather|RainDance|[upkeep]
|turn|34
|
|move|p1a: Manaphy|Scald|p2a: Clefable
|-damage|p2a: Clefable|221\/394
|-status|p2a: Clefable|brn
|move|p2a: Clefable|Cosmic Power|p2a: Clefable
|-boost|p2a: Clefable|def|1
|-boost|p2a: Clefable|spd|1
|
|-weather|RainDance|[upkeep]
|-damage|p2a: Clefable|172\/394 brn|[from] brn
|turn|35
|
|move|p1a: Manaphy|Scald|p2a: Clefable
|-damage|p2a: Clefable|66\/394 brn
|move|p2a: Clefable|Moonlight|p2a: Clefable
|-heal|p2a: Clefable|164\/394 brn
|
|-weather|RainDance|[upkeep]
|-damage|p2a: Clefable|115\/394 brn|[from] brn
|turn|36
|
|move|p1a: Manaphy|Scald|p2a: Clefable
|-damage|p2a: Clefable|6\/394 brn
|move|p2a: Clefable|Moonlight|p2a: Clefable
|-heal|p2a: Clefable|104\/394 brn
|
|-weather|RainDance|[upkeep]
|-damage|p2a: Clefable|55\/394 brn|[from] brn
|turn|37
|
|move|p1a: Manaphy|Scald|p2a: Clefable
|-damage|p2a: Clefable|0 fnt
|faint|p2a: Clefable
|
|-weather|none
|
|switch|p2a: Reuniclus|Reuniclus, M|424\/424
|turn|38
|
|move|p1a: Manaphy|Rain Dance|p1a: Manaphy
|-weather|RainDance
|move|p2a: Reuniclus|Calm Mind|p2a: Reuniclus
|-boost|p2a: Reuniclus|spa|1
|-boost|p2a: Reuniclus|spd|1
|
|-weather|RainDance|[upkeep]
|turn|39
|
|move|p1a: Manaphy|U-turn|p2a: Reuniclus
|-supereffective|p2a: Reuniclus
|-damage|p2a: Reuniclus|336\/424
|
|switch|p1a: Sableye|Sableye-Mega, F|182\/303
|move|p2a: Reuniclus|Psychic|p1a: Sableye
|-immune|p1a: Sableye|[msg]
|
|-weather|RainDance|[upkeep]
|-heal|p2a: Reuniclus|362\/424|[from] item: Leftovers
|turn|40
|
|switch|p2a: Conkeldurr|Conkeldurr, M|414\/414
|move|p1a: Sableye|Knock Off|p2a: Conkeldurr
|-resisted|p2a: Conkeldurr
|-damage|p2a: Conkeldurr|360\/414
|-enditem|p2a: Conkeldurr|Assault Vest|[from] move: Knock Off|[of] p1a: Sableye
|
|-weather|RainDance|[upkeep]
|turn|41
|
|move|p2a: Conkeldurr|Ice Punch|p1a: Sableye
|-damage|p1a: Sableye|94\/303
|move|p1a: Sableye|Recover|p1a: Sableye
|-heal|p1a: Sableye|246\/303
|
|-weather|RainDance|[upkeep]
|turn|42
|
|move|p2a: Conkeldurr|Ice Punch|p1a: Sableye
|-damage|p1a: Sableye|164\/303
|move|p1a: Sableye|Recover|p1a: Sableye
|-heal|p1a: Sableye|303\/303
|
|-weather|none
|turn|43
|
|move|p2a: Conkeldurr|Ice Punch|p1a: Sableye
|-damage|p1a: Sableye|224\/303
|move|p1a: Sableye|Foul Play|p2a: Conkeldurr
|-resisted|p2a: Conkeldurr
|-damage|p2a: Conkeldurr|251\/414
|
|turn|44
|
|move|p2a: Conkeldurr|Ice Punch|p1a: Sableye
|-damage|p1a: Sableye|132\/303
|move|p1a: Sableye|Foul Play|p2a: Conkeldurr
|-resisted|p2a: Conkeldurr
|-damage|p2a: Conkeldurr|158\/414
|
|turn|45
|
|move|p2a: Conkeldurr|Ice Punch|p1a: Sableye
|-damage|p1a: Sableye|39\/303
|move|p1a: Sableye|Recover|p1a: Sableye
|-heal|p1a: Sableye|191\/303
|
|turn|46
|
|move|p2a: Conkeldurr|Ice Punch|p1a: Sableye
|-damage|p1a: Sableye|109\/303
|move|p1a: Sableye|Recover|p1a: Sableye
|-heal|p1a: Sableye|261\/303
|
|turn|47
|
|move|p2a: Conkeldurr|Ice Punch|p1a: Sableye
|-damage|p1a: Sableye|175\/303
|move|p1a: Sableye|Recover|p1a: Sableye
|-heal|p1a: Sableye|303\/303
|
|turn|48
|
|switch|p1a: Manaphy|Manaphy|403\/403
|move|p2a: Conkeldurr|Ice Punch|p1a: Manaphy
|-resisted|p1a: Manaphy
|-damage|p1a: Manaphy|354\/403
|
|-heal|p1a: Manaphy|379\/403|[from] item: Leftovers
|turn|49
|
|switch|p1a: Clefable|Clefable, M|362\/393
|switch|p2a: Ferrothorn|Ferrothorn, M|237\/352 par
|
|-heal|p2a: Ferrothorn|259\/352 par|[from] item: Leftovers
|turn|50
|
|switch|p1a: Sableye|Sableye-Mega, F|303\/303
|move|p2a: Ferrothorn|Thunder Wave|p1a: Sableye
|move|p1a: Sableye|Thunder Wave|p2a: Ferrothorn|[from]Magic Bounce
|-fail|p2a: Ferrothorn|par
|
|-heal|p2a: Ferrothorn|281\/352 par|[from] item: Leftovers
|turn|51
|-message|JackCid forfeited.
|leave|JackCid
|
|win|PokeHD
|raw|Ladder updating...
|player|p2
|raw|PokeHD's rating: 1474 &rarr; <strong>1491<\/strong><br \/>(+17 for winning)
|raw|JackCid's rating: 1430 &rarr; <strong>1412<\/strong><br \/>(-18 for losing)