|join|PokeHD
|join|miloforou
|player|p1|PokeHD|265
|player|p2|miloforou|266
|gametype|singles
|gen|6
|tier|OU
|rated
|clearpoke
|poke|p1|Sableye, F
|poke|p1|Excadrill, M
|poke|p1|Manaphy
|poke|p1|Gliscor, F
|poke|p1|Talonflame, F
|poke|p1|Clefable, M
|poke|p2|Altaria, F
|poke|p2|Magnezone
|poke|p2|Azumarill, F
|poke|p2|Landorus-Therian, M
|poke|p2|Latias, F
|poke|p2|Greninja, M
|rule|Swagger Clause: Swagger is banned
|rule|Baton Pass Clause: Limit one Pokémon knowing Baton Pass
|rule|Sleep Clause Mod: Limit one foe put to sleep
|rule|Species Clause: Limit one of each Pokémon
|rule|OHKO Clause: OHKO moves are banned
|rule|Moody Clause: Moody is banned
|rule|Evasion Moves Clause: Evasion moves are banned
|rule|Endless Battle Clause: Forcing endless battles is banned
|rule|HP Percentage Mod: HP is shown in percentages
|teampreview
|
|start
|switch|p1a: Sableye|Sableye, F|303\/303
|switch|p2a: Altaria|Altaria, F|292\/292
|turn|1
|
|detailschange|p2a: Altaria|Altaria-Mega, F
|message|Altaria has Mega Evolved into Mega Altaria!
|detailschange|p1a: Sableye|Sableye-Mega, F
|message|Sableye has Mega Evolved into Mega Sableye!
|move|p1a: Sableye|Will-O-Wisp|p2a: Altaria|[miss]
|-miss|p1a: Sableye|p2a: Altaria
|move|p2a: Altaria|Hyper Voice|p1a: Sableye
|-supereffective|p1a: Sableye
|-damage|p1a: Sableye|37\/303
|
|turn|2
|
|switch|p1a: Excadrill|Excadrill, M|424\/424
|-ability|p1a: Excadrill|Mold Breaker
|move|p2a: Altaria|Hyper Voice|p1a: Excadrill
|-resisted|p1a: Excadrill
|-damage|p1a: Excadrill|333\/424
|
|-heal|p1a: Excadrill|359\/424|[from] item: Leftovers
|turn|3
|
|switch|p2a: Landorus-Therian|Landorus-Therian, M|382\/382
|-ability|p2a: Landorus-Therian|Intimidate|[of] p1a: Excadrill
|-unboost|p1a: Excadrill|atk|1
|move|p1a: Excadrill|Iron Head|p2a: Landorus-Therian
|-crit|p2a: Landorus-Therian
|-damage|p2a: Landorus-Therian|232\/382
|
|-heal|p2a: Landorus-Therian|255\/382|[from] item: Leftovers
|-heal|p1a: Excadrill|385\/424|[from] item: Leftovers
|turn|4
|
|move|p2a: Landorus-Therian|Knock Off|p1a: Excadrill
|-damage|p1a: Excadrill|217\/424
|-enditem|p1a: Excadrill|Leftovers|[from] move: Knock Off|[of] p2a: Landorus-Therian
|move|p1a: Excadrill|Toxic|p2a: Landorus-Therian
|-status|p2a: Landorus-Therian|tox
|
|-heal|p2a: Landorus-Therian|278\/382 tox|[from] item: Leftovers
|-damage|p2a: Landorus-Therian|255\/382 tox|[from] psn
|turn|5
|
|switch|p1a: Sableye|Sableye-Mega, F|37\/303
|move|p2a: Landorus-Therian|U-turn|p1a: Sableye
|-damage|p1a: Sableye|0 fnt
|faint|p1a: Sableye
|
|switch|p2a: Greninja|Greninja, M|285\/285
|
|
|switch|p1a: Manaphy|Manaphy|403\/403
|turn|6
|
|move|p2a: Greninja|Dark Pulse|p1a: Manaphy
|-start|p2a: Greninja|typechange|Dark|[from] Protean
|-damage|p1a: Manaphy|282\/403
|-damage|p2a: Greninja|257\/285|[from] item: Life Orb
|cant|p1a: Manaphy|flinch
|
|-heal|p1a: Manaphy|307\/403|[from] item: Leftovers
|turn|7
|
|move|p2a: Greninja|Gunk Shot|p1a: Manaphy
|-start|p2a: Greninja|typechange|Poison|[from] Protean
|-damage|p1a: Manaphy|142\/403
|-damage|p2a: Greninja|229\/285|[from] item: Life Orb
|move|p1a: Manaphy|Rain Dance|p1a: Manaphy
|-weather|RainDance
|
|-weather|RainDance|[upkeep]
|-heal|p1a: Manaphy|167\/403|[from] item: Leftovers
|turn|8
|
|switch|p2a: Azumarill|Azumarill, F|364\/364
|move|p1a: Manaphy|Rest|p1a: Manaphy
|-status|p1a: Manaphy|slp
|-heal|p1a: Manaphy|403\/403 slp|[silent]
|-status|p1a: Manaphy|slp|[from] move: Rest
|
|-weather|RainDance|[upkeep]
|-curestatus|p1a: Manaphy|slp
|turn|9
|
|move|p1a: Manaphy|Scald|p2a: Azumarill
|-crit|p2a: Azumarill
|-resisted|p2a: Azumarill
|-damage|p2a: Azumarill|226\/364
|move|p2a: Azumarill|Belly Drum|p2a: Azumarill
|-damage|p2a: Azumarill|44\/364
|-setboost|p2a: Azumarill|atk|6|[from] move: Belly Drum
|-enditem|p2a: Azumarill|Sitrus Berry|[eat]
|-heal|p2a: Azumarill|135\/364|[from] item: Sitrus Berry
|
|-weather|RainDance|[upkeep]
|turn|10
|
|switch|p1a: Clefable|Clefable, M|393\/393
|move|p2a: Azumarill|Play Rough|p1a: Clefable
|-damage|p1a: Clefable|215\/393
|
|-weather|RainDance|[upkeep]
|-heal|p1a: Clefable|239\/393|[from] item: Leftovers
|turn|11
|
|move|p2a: Azumarill|Aqua Jet|p1a: Clefable
|-damage|p1a: Clefable|128\/393
|move|p1a: Clefable|Moonblast|p2a: Azumarill
|-damage|p2a: Azumarill|0 fnt
|faint|p2a: Azumarill
|
|-weather|none
|-heal|p1a: Clefable|152\/393|[from] item: Leftovers
|
|switch|p2a: Greninja|Greninja, M|229\/285
|turn|12
|
|switch|p1a: Gliscor|Gliscor, F|353\/353
|move|p2a: Greninja|Gunk Shot|p1a: Gliscor
|-start|p2a: Greninja|typechange|Poison|[from] Protean
|-resisted|p1a: Gliscor
|-damage|p1a: Gliscor|298\/353
|-status|p1a: Gliscor|psn
|-damage|p2a: Greninja|201\/285|[from] item: Life Orb
|
|-heal|p1a: Gliscor|342\/353 psn|[from] ability: Poison Heal
|turn|13
|
|switch|p1a: Manaphy|Manaphy|403\/403
|move|p2a: Greninja|Hydro Pump|p1a: Manaphy
|-start|p2a: Greninja|typechange|Water|[from] Protean
|-resisted|p1a: Manaphy
|-damage|p1a: Manaphy|333\/403
|-damage|p2a: Greninja|173\/285|[from] item: Life Orb
|
|-heal|p1a: Manaphy|358\/403|[from] item: Leftovers
|turn|14
|
|switch|p2a: Magnezone|Magnezone|344\/344
|move|p1a: Manaphy|U-turn|p2a: Magnezone
|-resisted|p2a: Magnezone
|-damage|p2a: Magnezone|322\/344
|
|switch|p1a: Excadrill|Excadrill, M|217\/424
|-ability|p1a: Excadrill|Mold Breaker
|
|turn|15
|
|switch|p2a: Landorus-Therian|Landorus-Therian, M|255\/382 tox
|-ability|p2a: Landorus-Therian|Intimidate|[of] p1a: Excadrill
|-unboost|p1a: Excadrill|atk|1
|move|p1a: Excadrill|Earthquake|p2a: Landorus-Therian
|-immune|p2a: Landorus-Therian|[msg]
|
|-heal|p2a: Landorus-Therian|278\/382 tox|[from] item: Leftovers
|-damage|p2a: Landorus-Therian|255\/382 tox|[from] psn
|turn|16
|
|move|p2a: Landorus-Therian|Stealth Rock|p1a: Excadrill
|-sidestart|p1: PokeHD|move: Stealth Rock
|move|p1a: Excadrill|Iron Head|p2a: Landorus-Therian
|-damage|p2a: Landorus-Therian|195\/382 tox
|
|-heal|p2a: Landorus-Therian|218\/382 tox|[from] item: Leftovers
|-damage|p2a: Landorus-Therian|172\/382 tox|[from] psn
|turn|17
|
|switch|p1a: Gliscor|Gliscor, F|342\/353 psn
|-damage|p1a: Gliscor|298\/353 psn|[from] Stealth Rock
|move|p2a: Landorus-Therian|Earthquake|p1a: Gliscor
|-immune|p1a: Gliscor|[msg]
|
|-heal|p2a: Landorus-Therian|195\/382 tox|[from] item: Leftovers
|-heal|p1a: Gliscor|342\/353 psn|[from] ability: Poison Heal
|-damage|p2a: Landorus-Therian|126\/382 tox|[from] psn
|turn|18
|
|switch|p2a: Magnezone|Magnezone|322\/344
|move|p1a: Gliscor|U-turn|p2a: Magnezone
|-resisted|p2a: Magnezone
|-damage|p2a: Magnezone|301\/344
|
|switch|p1a: Excadrill|Excadrill, M|217\/424
|-damage|p1a: Excadrill|204\/424|[from] Stealth Rock
|-ability|p1a: Excadrill|Mold Breaker
|
|turn|19
|
|move|p1a: Excadrill|Rapid Spin|p2a: Magnezone
|-resisted|p2a: Magnezone
|-damage|p2a: Magnezone|292\/344
|-sideend|p1: PokeHD|Stealth Rock|[from] move: Rapid Spin|[of] p1a: Excadrill
|move|p2a: Magnezone|Hidden Power|p1a: Excadrill
|-supereffective|p1a: Excadrill
|-damage|p1a: Excadrill|0 fnt
|faint|p1a: Excadrill
|
|
|switch|p1a: Gliscor|Gliscor, F|342\/353 psn
|turn|20
|
|switch|p2a: Landorus-Therian|Landorus-Therian, M|126\/382 tox
|-ability|p2a: Landorus-Therian|Intimidate|[of] p1a: Gliscor
|-unboost|p1a: Gliscor|atk|1
|move|p1a: Gliscor|U-turn|p2a: Landorus-Therian
|-resisted|p2a: Landorus-Therian
|-damage|p2a: Landorus-Therian|114\/382 tox
|
|switch|p1a: Talonflame|Talonflame, F|345\/345
|
|-heal|p2a: Landorus-Therian|137\/382 tox|[from] item: Leftovers
|-damage|p2a: Landorus-Therian|114\/382 tox|[from] psn
|turn|21
|
|move|p1a: Talonflame|Brave Bird|p2a: Landorus-Therian
|-damage|p2a: Landorus-Therian|0 fnt
|-damage|p1a: Talonflame|307\/345|[from] recoil|[of] p2a: Landorus-Therian
|faint|p2a: Landorus-Therian
|
|-heal|p1a: Talonflame|328\/345|[from] item: Leftovers
|
|switch|p2a: Latias|Latias, F|319\/319
|turn|22
|
|switch|p1a: Clefable|Clefable, M|152\/393
|move|p2a: Latias|Psyshock|p1a: Clefable
|-damage|p1a: Clefable|14\/393
|-damage|p2a: Latias|288\/319|[from] item: Life Orb
|
|-heal|p1a: Clefable|38\/393|[from] item: Leftovers
|turn|23
|
|move|p2a: Latias|Psyshock|p1a: Clefable
|-damage|p1a: Clefable|0 fnt
|-damage|p2a: Latias|257\/319|[from] item: Life Orb
|faint|p1a: Clefable
|
|
|switch|p1a: Manaphy|Manaphy|358\/403
|turn|24
|
|switch|p2a: Magnezone|Magnezone|292\/344
|move|p1a: Manaphy|Rain Dance|p1a: Manaphy
|-weather|RainDance
|
|-weather|RainDance|[upkeep]
|-heal|p1a: Manaphy|383\/403|[from] item: Leftovers
|turn|25
|
|switch|p1a: Gliscor|Gliscor, F|342\/353 psn
|move|p2a: Magnezone|Flash Cannon|p1a: Gliscor
|-damage|p1a: Gliscor|44\/353 psn
|-unboost|p1a: Gliscor|spd|1
|
|-weather|RainDance|[upkeep]
|-heal|p1a: Gliscor|88\/353 psn|[from] ability: Poison Heal
|turn|26
|
|switch|p2a: Altaria|Altaria-Mega, F|292\/292
|move|p1a: Gliscor|Earthquake|p2a: Altaria
|-crit|p2a: Altaria
|-damage|p2a: Altaria|142\/292
|
|-weather|RainDance|[upkeep]
|-heal|p1a: Gliscor|132\/353 psn|[from] ability: Poison Heal
|turn|27
|
|switch|p1a: Talonflame|Talonflame, F|328\/345
|move|p2a: Altaria|Hyper Voice|p1a: Talonflame
|-resisted|p1a: Talonflame
|-damage|p1a: Talonflame|184\/345
|
|-weather|RainDance|[upkeep]
|-heal|p1a: Talonflame|205\/345|[from] item: Leftovers
|turn|28
|
|switch|p2a: Magnezone|Magnezone|292\/344
|move|p1a: Talonflame|Will-O-Wisp|p2a: Magnezone|[miss]
|-miss|p1a: Talonflame|p2a: Magnezone
|
|-weather|none
|-heal|p1a: Talonflame|226\/345|[from] item: Leftovers
|turn|29
|
|move|p1a: Talonflame|Roost|p1a: Talonflame
|-heal|p1a: Talonflame|345\/345
|move|p2a: Magnezone|Flash Cannon|p1a: Talonflame
|-resisted|p1a: Talonflame
|-damage|p1a: Talonflame|176\/345
|
|-heal|p1a: Talonflame|197\/345|[from] item: Leftovers
|turn|30
|
|switch|p1a: Manaphy|Manaphy|383\/403
|move|p2a: Magnezone|Flash Cannon|p1a: Manaphy
|-resisted|p1a: Manaphy
|-damage|p1a: Manaphy|295\/403
|
|-heal|p1a: Manaphy|320\/403|[from] item: Leftovers
|turn|31
|
|switch|p2a: Altaria|Altaria-Mega, F|142\/292
|move|p1a: Manaphy|Scald|p2a: Altaria
|-resisted|p2a: Altaria
|-damage|p2a: Altaria|99\/292
|
|-heal|p1a: Manaphy|345\/403|[from] item: Leftovers
|turn|32
|
|move|p2a: Altaria|Roost|p2a: Altaria
|-heal|p2a: Altaria|245\/292
|move|p1a: Manaphy|Scald|p2a: Altaria
|-resisted|p2a: Altaria
|-damage|p2a: Altaria|199\/292
|
|-heal|p1a: Manaphy|370\/403|[from] item: Leftovers
|turn|33
|
|move|p2a: Altaria|Roost|p2a: Altaria
|-heal|p2a: Altaria|292\/292
|move|p1a: Manaphy|Rain Dance|p1a: Manaphy
|-weather|RainDance
|
|-weather|RainDance|[upkeep]
|-heal|p1a: Manaphy|395\/403|[from] item: Leftovers
|turn|34
|
|move|p2a: Altaria|Hyper Voice|p1a: Manaphy
|-damage|p1a: Manaphy|242\/403
|move|p1a: Manaphy|Scald|p2a: Altaria
|-resisted|p2a: Altaria
|-damage|p2a: Altaria|224\/292
|-status|p2a: Altaria|brn
|
|-weather|RainDance|[upkeep]
|-heal|p1a: Manaphy|267\/403|[from] item: Leftovers
|-damage|p2a: Altaria|188\/292 brn|[from] brn
|turn|35
|
|switch|p2a: Latias|Latias, F|257\/319
|move|p1a: Manaphy|Rest|p1a: Manaphy
|-status|p1a: Manaphy|slp
|-heal|p1a: Manaphy|403\/403 slp|[silent]
|-status|p1a: Manaphy|slp|[from] move: Rest
|
|-weather|RainDance|[upkeep]
|-curestatus|p1a: Manaphy|slp
|turn|36
|
|move|p2a: Latias|Psyshock|p1a: Manaphy
|-damage|p1a: Manaphy|243\/403
|-damage|p2a: Latias|226\/319|[from] item: Life Orb
|move|p1a: Manaphy|Scald|p2a: Latias
|-resisted|p2a: Latias
|-damage|p2a: Latias|174\/319
|
|-weather|RainDance|[upkeep]
|-heal|p1a: Manaphy|268\/403|[from] item: Leftovers
|turn|37
|
|switch|p2a: Magnezone|Magnezone|292\/344
|move|p1a: Manaphy|U-turn|p2a: Magnezone
|-resisted|p2a: Magnezone
|-damage|p2a: Magnezone|268\/344
|
|switch|p1a: Gliscor|Gliscor, F|132\/353 psn
|
|-weather|none
|-heal|p1a: Gliscor|176\/353 psn|[from] ability: Poison Heal
|turn|38
|
|switch|p2a: Latias|Latias, F|174\/319
|move|p1a: Gliscor|Earthquake|p2a: Latias
|-immune|p2a: Latias|[msg]
|
|-heal|p1a: Gliscor|220\/353 psn|[from] ability: Poison Heal
|turn|39
|
|move|p2a: Latias|Draco Meteor|p1a: Gliscor
|-damage|p1a: Gliscor|0 fnt
|-unboost|p2a: Latias|spa|2
|-damage|p2a: Latias|143\/319|[from] item: Life Orb
|faint|p1a: Gliscor
|
|
|switch|p1a: Talonflame|Talonflame, F|197\/345
|turn|40
|
|switch|p2a: Greninja|Greninja, M|173\/285
|move|p1a: Talonflame|Brave Bird|p2a: Greninja
|-damage|p2a: Greninja|0 fnt
|-damage|p1a: Talonflame|140\/345|[from] recoil|[of] p2a: Greninja
|faint|p2a: Greninja
|
|-heal|p1a: Talonflame|161\/345|[from] item: Leftovers
|
|switch|p2a: Magnezone|Magnezone|268\/344
|turn|41
|-message|PokeHD forfeited.
|
|win|miloforou
|raw|Ladder updating...
|leave|PokeHD
|player|p1