|join|PokeHD
|join|Satanslilboy
|player|p1|PokeHD|2
|player|p2|Satanslilboy|2
|gametype|singles
|gen|6
|tier|OU
|rated
|clearpoke
|poke|p1|Sableye, F
|poke|p1|Excadrill, F
|poke|p1|Manaphy
|poke|p1|Gliscor, M
|poke|p1|Talonflame, F
|poke|p1|Clefable, F
|poke|p2|Lopunny, M
|poke|p2|Landorus-Therian, M
|poke|p2|Rotom-Wash
|poke|p2|Latios, M, shiny
|poke|p2|Jirachi
|poke|p2|Bisharp, F, shiny
|rule|Swagger Clause: Swagger is banned
|rule|Baton Pass Clause: Limit one Pokémon knowing Baton Pass
|rule|Sleep Clause Mod: Limit one foe put to sleep
|rule|Species Clause: Limit one of each Pokémon
|rule|OHKO Clause: OHKO moves are banned
|rule|Moody Clause: Moody is banned
|rule|Evasion Moves Clause: Evasion moves are banned
|rule|Endless Battle Clause: Forcing endless battles is banned
|rule|HP Percentage Mod: HP is shown in percentages
|teampreview
|
|start
|switch|p1a: Sableye|Sableye, F|303\/303
|switch|p2a: Rotom-Wash|Rotom-Wash|304\/304
|turn|1
|
|detailschange|p1a: Sableye|Sableye-Mega, F
|message|Sableye has Mega Evolved into Mega Sableye!
|move|p1a: Sableye|Will-O-Wisp|p2a: Rotom-Wash
|-status|p2a: Rotom-Wash|brn
|move|p2a: Rotom-Wash|Volt Switch|p1a: Sableye
|-damage|p1a: Sableye|240\/303
|
|switch|p2a: Lopunny|Lopunny, M|272\/272
|
|turn|2
|
|switch|p1a: Gliscor|Gliscor, M|353\/353
|detailschange|p2a: Lopunny|Lopunny-Mega, M
|message|Lopunny has Mega Evolved into Mega Lopunny!
|move|p2a: Lopunny|Substitute|p2a: Lopunny
|-start|p2a: Lopunny|Substitute
|-damage|p2a: Lopunny|204\/272
|
|-status|p1a: Gliscor|tox|[from] item: Toxic Orb
|turn|3
|
|move|p2a: Lopunny|Power-Up Punch|p1a: Gliscor
|-resisted|p1a: Gliscor
|-damage|p1a: Gliscor|332\/353 tox
|-boost|p2a: Lopunny|atk|1
|move|p1a: Gliscor|Earthquake|p2a: Lopunny
|-end|p2a: Lopunny|Substitute
|
|-heal|p1a: Gliscor|353\/353 tox|[from] ability: Poison Heal
|turn|4
|
|move|p2a: Lopunny|Return|p1a: Gliscor
|-damage|p1a: Gliscor|181\/353 tox
|move|p1a: Gliscor|Earthquake|p2a: Lopunny
|-damage|p2a: Lopunny|93\/272
|
|-heal|p1a: Gliscor|225\/353 tox|[from] ability: Poison Heal
|turn|5
|
|switch|p2a: Latios|Latios, M, shiny|302\/302
|move|p1a: Gliscor|Stealth Rock|p2a: Latios
|-sidestart|p2: Satanslilboy|move: Stealth Rock
|
|-heal|p1a: Gliscor|269\/353 tox|[from] ability: Poison Heal
|turn|6
|
|switch|p1a: Clefable|Clefable, F|393\/393
|move|p2a: Latios|Psyshock|p1a: Clefable
|-damage|p1a: Clefable|216\/393
|-damage|p2a: Latios|272\/302|[from] item: Life Orb
|
|-heal|p1a: Clefable|240\/393|[from] item: Leftovers
|turn|7
|
|move|p2a: Latios|Defog|p1a: Clefable
|-unboost|p1a: Clefable|evasion|1
|-sideend|p2: Satanslilboy|Stealth Rock|[from] move: Defog|[of] p2a: Latios
|move|p1a: Clefable|Moonlight|p1a: Clefable
|-heal|p1a: Clefable|393\/393
|
|turn|8
|
|switch|p2a: Jirachi|Jirachi|404\/404
|move|p1a: Clefable|Moonblast|p2a: Jirachi
|-resisted|p2a: Jirachi
|-damage|p2a: Jirachi|365\/404
|
|-heal|p2a: Jirachi|390\/404|[from] item: Leftovers
|turn|9
|
|switch|p2a: Rotom-Wash|Rotom-Wash|304\/304 brn
|switch|p1a: Gliscor|Gliscor, M|269\/353 tox
|
|-heal|p1a: Gliscor|313\/353 tox|[from] ability: Poison Heal
|-damage|p2a: Rotom-Wash|266\/304 brn|[from] brn
|turn|10
|
|move|p1a: Gliscor|U-turn|p2a: Rotom-Wash
|-damage|p2a: Rotom-Wash|226\/304 brn
|
|switch|p1a: Manaphy|Manaphy|403\/403
|move|p2a: Rotom-Wash|Hydro Pump|p1a: Manaphy|[miss]
|-miss|p2a: Rotom-Wash|p1a: Manaphy
|
|-heal|p2a: Rotom-Wash|245\/304 brn|[from] item: Leftovers
|-damage|p2a: Rotom-Wash|207\/304 brn|[from] brn
|turn|11
|
|move|p1a: Manaphy|U-turn|p2a: Rotom-Wash
|-damage|p2a: Rotom-Wash|175\/304 brn
|
|switch|p1a: Gliscor|Gliscor, M|313\/353 tox
|move|p2a: Rotom-Wash|Volt Switch|p1a: Gliscor
|-immune|p1a: Gliscor|[msg]
|
|-heal|p2a: Rotom-Wash|194\/304 brn|[from] item: Leftovers
|-heal|p1a: Gliscor|353\/353 tox|[from] ability: Poison Heal
|-damage|p2a: Rotom-Wash|156\/304 brn|[from] brn
|turn|12
|
|move|p1a: Gliscor|Stealth Rock|p2a: Rotom-Wash
|-sidestart|p2: Satanslilboy|move: Stealth Rock
|move|p2a: Rotom-Wash|Pain Split|p1a: Gliscor
|-sethp|p1a: Gliscor|254\/353 tox|p2a: Rotom-Wash|254\/304 brn|[from] move: Pain Split
|
|-heal|p2a: Rotom-Wash|273\/304 brn|[from] item: Leftovers
|-heal|p1a: Gliscor|298\/353 tox|[from] ability: Poison Heal
|-damage|p2a: Rotom-Wash|235\/304 brn|[from] brn
|turn|13
|
|move|p1a: Gliscor|U-turn|p2a: Rotom-Wash
|-damage|p2a: Rotom-Wash|201\/304 brn
|
|switch|p1a: Excadrill|Excadrill, F|424\/424
|-ability|p1a: Excadrill|Mold Breaker
|move|p2a: Rotom-Wash|Volt Switch|p1a: Excadrill
|-immune|p1a: Excadrill|[msg]
|
|-heal|p2a: Rotom-Wash|220\/304 brn|[from] item: Leftovers
|-damage|p2a: Rotom-Wash|182\/304 brn|[from] brn
|turn|14
|
|switch|p2a: Landorus-Therian|Landorus-Therian, M|320\/320
|-damage|p2a: Landorus-Therian|280\/320|[from] Stealth Rock
|-ability|p2a: Landorus-Therian|Intimidate|[of] p1a: Excadrill
|-unboost|p1a: Excadrill|atk|1
|move|p1a: Excadrill|Earthquake|p2a: Landorus-Therian
|-immune|p2a: Landorus-Therian|[msg]
|
|turn|15
|
|move|p2a: Landorus-Therian|U-turn|p1a: Excadrill
|-resisted|p1a: Excadrill
|-damage|p1a: Excadrill|355\/424
|
|switch|p2a: Bisharp|Bisharp, F, shiny|272\/272
|-damage|p2a: Bisharp|255\/272|[from] Stealth Rock
|move|p1a: Excadrill|Toxic|p2a: Bisharp
|-fail|p2a: Bisharp
|
|-heal|p1a: Excadrill|381\/424|[from] item: Leftovers
|turn|16
|
|move|p2a: Bisharp|Knock Off|p1a: Excadrill
|-damage|p1a: Excadrill|38\/424
|-enditem|p1a: Excadrill|Leftovers|[from] move: Knock Off|[of] p2a: Bisharp
|-damage|p2a: Bisharp|228\/272|[from] item: Life Orb
|move|p1a: Excadrill|Earthquake|p2a: Bisharp
|-supereffective|p2a: Bisharp
|-damage|p2a: Bisharp|22\/272
|
|turn|17
|
|move|p2a: Bisharp|Knock Off|p1a: Excadrill
|-damage|p1a: Excadrill|0 fnt
|-damage|p2a: Bisharp|0 fnt|[from] item: Life Orb
|faint|p1a: Excadrill
|faint|p2a: Bisharp
|
|
|switch|p2a: Latios|Latios, M, shiny|272\/302
|switch|p1a: Clefable|Clefable, F|393\/393
|-damage|p2a: Latios|235\/302|[from] Stealth Rock
|turn|18
|
|switch|p2a: Jirachi|Jirachi|390\/404
|-damage|p2a: Jirachi|365\/404|[from] Stealth Rock
|move|p1a: Clefable|Moonblast|p2a: Jirachi
|-resisted|p2a: Jirachi
|-damage|p2a: Jirachi|329\/404
|
|-heal|p2a: Jirachi|354\/404|[from] item: Leftovers
|turn|19
|
|switch|p1a: Gliscor|Gliscor, M|298\/353 tox
|move|p2a: Jirachi|Stealth Rock|p1a: Gliscor
|-sidestart|p1: PokeHD|move: Stealth Rock
|
|-heal|p2a: Jirachi|379\/404|[from] item: Leftovers
|-heal|p1a: Gliscor|342\/353 tox|[from] ability: Poison Heal
|turn|20
|
|switch|p2a: Rotom-Wash|Rotom-Wash|182\/304 brn
|-damage|p2a: Rotom-Wash|144\/304 brn|[from] Stealth Rock
|move|p1a: Gliscor|Taunt|p2a: Rotom-Wash
|-start|p2a: Rotom-Wash|move: Taunt
|
|-heal|p2a: Rotom-Wash|163\/304 brn|[from] item: Leftovers
|-heal|p1a: Gliscor|353\/353 tox|[from] ability: Poison Heal
|-damage|p2a: Rotom-Wash|125\/304 brn|[from] brn
|turn|21
|
|move|p1a: Gliscor|U-turn|p2a: Rotom-Wash
|-damage|p2a: Rotom-Wash|86\/304 brn
|
|switch|p1a: Clefable|Clefable, F|393\/393
|-damage|p1a: Clefable|344\/393|[from] Stealth Rock
|move|p2a: Rotom-Wash|Volt Switch|p1a: Clefable
|-crit|p1a: Clefable
|-damage|p1a: Clefable|196\/393
|
|switch|p2a: Jirachi|Jirachi|379\/404
|-damage|p2a: Jirachi|354\/404|[from] Stealth Rock
|
|-heal|p2a: Jirachi|379\/404|[from] item: Leftovers
|-heal|p1a: Clefable|220\/393|[from] item: Leftovers
|turn|22
|
|switch|p1a: Manaphy|Manaphy|403\/403
|-damage|p1a: Manaphy|353\/403|[from] Stealth Rock
|move|p2a: Jirachi|Iron Head|p1a: Manaphy
|-resisted|p1a: Manaphy
|-damage|p1a: Manaphy|307\/403
|
|-heal|p2a: Jirachi|404\/404|[from] item: Leftovers
|-heal|p1a: Manaphy|332\/403|[from] item: Leftovers
|turn|23
|
|move|p2a: Jirachi|Body Slam|p1a: Manaphy
|-damage|p1a: Manaphy|261\/403
|-status|p1a: Manaphy|par
|move|p1a: Manaphy|Rain Dance|p1a: Manaphy
|-weather|RainDance
|
|-weather|RainDance|[upkeep]
|-curestatus|p1a: Manaphy|par
|-heal|p1a: Manaphy|286\/403|[from] item: Leftovers
|turn|24
|
|switch|p2a: Latios|Latios, M, shiny|235\/302
|-damage|p2a: Latios|198\/302|[from] Stealth Rock
|move|p1a: Manaphy|Scald|p2a: Latios
|-resisted|p2a: Latios
|-damage|p2a: Latios|133\/302
|
|-weather|RainDance|[upkeep]
|-heal|p1a: Manaphy|311\/403|[from] item: Leftovers
|turn|25
|
|move|p2a: Latios|Draco Meteor|p1a: Manaphy
|-damage|p1a: Manaphy|91\/403
|-unboost|p2a: Latios|spa|2
|-damage|p2a: Latios|103\/302|[from] item: Life Orb
|move|p1a: Manaphy|Rest|p1a: Manaphy
|-status|p1a: Manaphy|slp
|-heal|p1a: Manaphy|403\/403 slp|[silent]
|-status|p1a: Manaphy|slp|[from] move: Rest
|
|-weather|RainDance|[upkeep]
|-curestatus|p1a: Manaphy|slp
|turn|26
|
|move|p2a: Latios|Psyshock|p1a: Manaphy
|-crit|p1a: Manaphy
|-damage|p1a: Manaphy|122\/403
|-damage|p2a: Latios|73\/302|[from] item: Life Orb
|move|p1a: Manaphy|Scald|p2a: Latios
|-resisted|p2a: Latios
|-damage|p2a: Latios|10\/302
|
|-weather|RainDance|[upkeep]
|-heal|p1a: Manaphy|147\/403|[from] item: Leftovers
|turn|27
|
|switch|p2a: Lopunny|Lopunny-Mega, M|93\/272
|-damage|p2a: Lopunny|76\/272|[from] Stealth Rock
|move|p1a: Manaphy|Rest|p1a: Manaphy
|-status|p1a: Manaphy|slp
|-heal|p1a: Manaphy|403\/403 slp|[silent]
|-status|p1a: Manaphy|slp|[from] move: Rest
|
|-weather|none
|turn|28
|
|switch|p1a: Gliscor|Gliscor, M|353\/353 tox
|-damage|p1a: Gliscor|309\/353 tox|[from] Stealth Rock
|move|p2a: Lopunny|Return|p1a: Gliscor
|-damage|p1a: Gliscor|189\/353 tox
|
|-heal|p1a: Gliscor|233\/353 tox|[from] ability: Poison Heal
|turn|29
|
|move|p2a: Lopunny|Return|p1a: Gliscor
|-damage|p1a: Gliscor|119\/353 tox
|move|p1a: Gliscor|U-turn|p2a: Lopunny
|-resisted|p2a: Lopunny
|-damage|p2a: Lopunny|51\/272
|
|switch|p1a: Talonflame|Talonflame, F|345\/345
|-damage|p1a: Talonflame|173\/345|[from] Stealth Rock
|
|-heal|p1a: Talonflame|194\/345|[from] item: Leftovers
|turn|30
|
|move|p1a: Talonflame|Brave Bird|p2a: Lopunny
|-supereffective|p2a: Lopunny
|-damage|p2a: Lopunny|0 fnt
|-damage|p1a: Talonflame|177\/345|[from] recoil|[of] p2a: Lopunny
|faint|p2a: Lopunny
|
|-heal|p1a: Talonflame|198\/345|[from] item: Leftovers
|
|switch|p2a: Jirachi|Jirachi|404\/404
|-damage|p2a: Jirachi|379\/404|[from] Stealth Rock
|turn|31
|
|move|p1a: Talonflame|Will-O-Wisp|p2a: Jirachi
|-status|p2a: Jirachi|brn
|move|p2a: Jirachi|Wish|p2a: Jirachi
|
|-heal|p1a: Talonflame|219\/345|[from] item: Leftovers
|-heal|p2a: Jirachi|404\/404 brn|[from] item: Leftovers
|-damage|p2a: Jirachi|354\/404 brn|[from] brn
|turn|32
|
|switch|p2a: Rotom-Wash|Rotom-Wash|86\/304 brn
|-damage|p2a: Rotom-Wash|48\/304 brn|[from] Stealth Rock
|move|p1a: Talonflame|Brave Bird|p2a: Rotom-Wash
|-resisted|p2a: Rotom-Wash
|-damage|p2a: Rotom-Wash|0 fnt
|-damage|p1a: Talonflame|203\/345|[from] recoil|[of] p2a: Rotom-Wash
|faint|p2a: Rotom-Wash
|
|-heal|p1a: Talonflame|224\/345|[from] item: Leftovers
|
|switch|p2a: Landorus-Therian|Landorus-Therian, M|280\/320
|-damage|p2a: Landorus-Therian|240\/320|[from] Stealth Rock
|-ability|p2a: Landorus-Therian|Intimidate|[of] p1a: Talonflame
|-unboost|p1a: Talonflame|atk|1
|turn|33
|
|move|p2a: Landorus-Therian|Rock Slide|p1a: Talonflame
|-supereffective|p1a: Talonflame
|-damage|p1a: Talonflame|0 fnt
|faint|p1a: Talonflame
|
|
|switch|p1a: Sableye|Sableye-Mega, F|240\/303
|-damage|p1a: Sableye|203\/303|[from] Stealth Rock
|turn|34
|
|switch|p2a: Latios|Latios, M, shiny|10\/302
|-damage|p2a: Latios|0 fnt|[from] Stealth Rock
|faint|p2a: Latios
|move|p1a: Sableye|Knock Off|p2: Latios|[notarget]
|-notarget
|
|
|switch|p2a: Jirachi|Jirachi|354\/404 brn
|-damage|p2a: Jirachi|329\/404 brn|[from] Stealth Rock
|turn|35
|
|move|p2a: Jirachi|Iron Head|p1a: Sableye
|-damage|p1a: Sableye|167\/303
|cant|p1a: Sableye|flinch
|
|-heal|p2a: Jirachi|354\/404 brn|[from] item: Leftovers
|-damage|p2a: Jirachi|304\/404 brn|[from] brn
|turn|36
|
|move|p2a: Jirachi|Iron Head|p1a: Sableye
|-damage|p1a: Sableye|128\/303
|cant|p1a: Sableye|flinch
|
|-heal|p2a: Jirachi|329\/404 brn|[from] item: Leftovers
|-damage|p2a: Jirachi|279\/404 brn|[from] brn
|turn|37
|-message|Satanslilboy forfeited.
|
|win|PokeHD
|raw|Ladder updating...
|leave|Satanslilboy
|player|p2
|raw|PokeHD's rating: 1418 &rarr; <strong>1434<\/strong><br \/>(+16 for winning)
|raw|Satanslilboy's rating: 1346 &rarr; <strong>1330<\/strong><br \/>(-16 for losing)