|join|Shivers
|join|PokeHD
|player|p1|Shivers|1
|player|p2|PokeHD|265
|gametype|singles
|gen|6
|tier|OU
|rated
|clearpoke
|poke|p1|Politoed, F
|poke|p1|Swampert, M
|poke|p1|Kingdra, M
|poke|p1|Ferrothorn, F
|poke|p1|Latias, F
|poke|p1|Zapdos
|poke|p2|Sableye, M
|poke|p2|Excadrill, M
|poke|p2|Manaphy
|poke|p2|Gliscor, F
|poke|p2|Talonflame, M
|poke|p2|Clefable, M
|rule|Swagger Clause: Swagger is banned
|rule|Baton Pass Clause: Limit one Pokémon knowing Baton Pass
|rule|Sleep Clause Mod: Limit one foe put to sleep
|rule|Species Clause: Limit one of each Pokémon
|rule|OHKO Clause: OHKO moves are banned
|rule|Moody Clause: Moody is banned
|rule|Evasion Moves Clause: Evasion moves are banned
|rule|Endless Battle Clause: Forcing endless battles is banned
|rule|HP Percentage Mod: HP is shown in percentages
|teampreview
|c|★PokeHD|I hope you enjoy this battle :)
|
|start
|switch|p1a: Politoed|Politoed, F|384\/384
|switch|p2a: Sableye|Sableye, M|303\/303
|-weather|RainDance
|turn|1
|
|detailschange|p2a: Sableye|Sableye-Mega, M
|message|Sableye has Mega Evolved into Mega Sableye!
|move|p1a: Politoed|Scald|p2a: Sableye
|-damage|p2a: Sableye|212\/303
|-status|p2a: Sableye|brn
|move|p2a: Sableye|Knock Off|p1a: Politoed
|-damage|p1a: Politoed|323\/384
|-enditem|p1a: Politoed|Damp Rock|[from] move: Knock Off|[of] p2a: Sableye
|
|-weather|RainDance|[upkeep]
|-damage|p2a: Sableye|175\/303 brn|[from] brn
|turn|2
|
|switch|p2a: Clefable|Clefable, M|393\/393
|move|p1a: Politoed|Encore|p2a: Clefable
|-fail|p2a: Clefable
|
|-weather|RainDance|[upkeep]
|turn|3
|
|switch|p1a: Swampert|Swampert, M|342\/342
|move|p2a: Clefable|Aromatherapy|p2a: Clefable
|-cureteam|p2a: Clefable|[from] move: Aromatherapy
|
|-weather|RainDance|[upkeep]
|turn|4
|
|detailschange|p1a: Swampert|Swampert-Mega, M
|message|Swampert has Mega Evolved into Mega Swampert!
|move|p1a: Swampert|Earthquake|p2a: Clefable
|-damage|p2a: Clefable|216\/393
|move|p2a: Clefable|Moonblast|p1a: Swampert
|-damage|p1a: Swampert|251\/342
|
|-weather|RainDance|[upkeep]
|-heal|p2a: Clefable|240\/393|[from] item: Leftovers
|turn|5
|
|move|p1a: Swampert|Waterfall|p2a: Clefable
|-damage|p2a: Clefable|12\/393
|move|p2a: Clefable|Moonblast|p1a: Swampert
|-damage|p1a: Swampert|154\/342
|
|-weather|RainDance|[upkeep]
|-heal|p2a: Clefable|36\/393|[from] item: Leftovers
|turn|6
|
|switch|p2a: Manaphy|Manaphy|403\/403
|move|p1a: Swampert|Waterfall|p2a: Manaphy
|-resisted|p2a: Manaphy
|-damage|p2a: Manaphy|265\/403
|
|-weather|RainDance|[upkeep]
|-heal|p2a: Manaphy|290\/403|[from] item: Leftovers
|turn|7
|
|switch|p1a: Ferrothorn|Ferrothorn, F|352\/352
|move|p2a: Manaphy|Scald|p1a: Ferrothorn
|-resisted|p1a: Ferrothorn
|-damage|p1a: Ferrothorn|300\/352
|
|-weather|RainDance|[upkeep]
|-heal|p2a: Manaphy|315\/403|[from] item: Leftovers
|-heal|p1a: Ferrothorn|322\/352|[from] item: Leftovers
|turn|8
|
|move|p2a: Manaphy|Scald|p1a: Ferrothorn
|-resisted|p1a: Ferrothorn
|-damage|p1a: Ferrothorn|262\/352
|-status|p1a: Ferrothorn|brn
|move|p1a: Ferrothorn|Leech Seed|p2a: Manaphy
|-start|p2a: Manaphy|move: Leech Seed
|
|-weather|none
|-heal|p2a: Manaphy|340\/403|[from] item: Leftovers
|-heal|p1a: Ferrothorn|284\/352 brn|[from] item: Leftovers
|-damage|p2a: Manaphy|290\/403|[from] Leech Seed|[of] p1a: Ferrothorn
|-heal|p1a: Ferrothorn|334\/352 brn|[silent]
|-damage|p1a: Ferrothorn|290\/352 brn|[from] brn
|turn|9
|
|switch|p2a: Sableye|Sableye-Mega, M|175\/303
|switch|p1a: Politoed|Politoed, F|323\/384
|-weather|RainDance
|
|-weather|RainDance|[upkeep]
|turn|10
|
|switch|p1a: Kingdra|Kingdra, M|305\/305
|move|p2a: Sableye|Recover|p2a: Sableye
|-heal|p2a: Sableye|303\/303
|
|-weather|RainDance|[upkeep]
|turn|11
|
|switch|p2a: Clefable|Clefable, M|36\/393
|move|p1a: Kingdra|Hydro Pump|p2a: Clefable
|-damage|p2a: Clefable|0 fnt
|faint|p2a: Clefable
|
|-weather|RainDance|[upkeep]
|
|switch|p2a: Manaphy|Manaphy|290\/403
|turn|12
|
|switch|p1a: Ferrothorn|Ferrothorn, F|290\/352 brn
|move|p2a: Manaphy|Rest|p2a: Manaphy
|-status|p2a: Manaphy|slp
|-heal|p2a: Manaphy|403\/403 slp|[silent]
|-status|p2a: Manaphy|slp|[from] move: Rest
|
|-weather|RainDance|[upkeep]
|-curestatus|p2a: Manaphy|slp
|-heal|p1a: Ferrothorn|312\/352 brn|[from] item: Leftovers
|-damage|p1a: Ferrothorn|268\/352 brn|[from] brn
|turn|13
|
|switch|p2a: Sableye|Sableye-Mega, M|303\/303
|move|p1a: Ferrothorn|Leech Seed|p2a: Sableye
|move|p2a: Sableye|Leech Seed|p1a: Ferrothorn|[from]Magic Bounce
|-immune|p1a: Ferrothorn|[msg]
|
|-weather|none
|-heal|p1a: Ferrothorn|290\/352 brn|[from] item: Leftovers
|-damage|p1a: Ferrothorn|246\/352 brn|[from] brn
|turn|14
|
|switch|p1a: Politoed|Politoed, F|323\/384
|-weather|RainDance
|move|p2a: Sableye|Will-O-Wisp|p1a: Politoed
|-status|p1a: Politoed|brn
|
|-weather|RainDance|[upkeep]
|-damage|p1a: Politoed|275\/384 brn|[from] brn
|turn|15
|
|switch|p1a: Swampert|Swampert-Mega, M|154\/342
|switch|p2a: Manaphy|Manaphy|403\/403
|
|-weather|RainDance|[upkeep]
|turn|16
|
|switch|p1a: Ferrothorn|Ferrothorn, F|246\/352 brn
|move|p2a: Manaphy|Scald|p1a: Ferrothorn
|-resisted|p1a: Ferrothorn
|-damage|p1a: Ferrothorn|187\/352 brn
|
|-weather|RainDance|[upkeep]
|-heal|p1a: Ferrothorn|209\/352 brn|[from] item: Leftovers
|-damage|p1a: Ferrothorn|165\/352 brn|[from] brn
|turn|17
|
|move|p2a: Manaphy|Scald|p1a: Ferrothorn
|-resisted|p1a: Ferrothorn
|-damage|p1a: Ferrothorn|104\/352 brn
|move|p1a: Ferrothorn|Leech Seed|p2a: Manaphy
|-start|p2a: Manaphy|move: Leech Seed
|
|-weather|RainDance|[upkeep]
|-heal|p1a: Ferrothorn|126\/352 brn|[from] item: Leftovers
|-damage|p2a: Manaphy|353\/403|[from] Leech Seed|[of] p1a: Ferrothorn
|-heal|p1a: Ferrothorn|176\/352 brn|[silent]
|-damage|p1a: Ferrothorn|132\/352 brn|[from] brn
|turn|18
|
|switch|p1a: Kingdra|Kingdra, M|305\/305
|move|p2a: Manaphy|U-turn|p1a: Kingdra
|-damage|p1a: Kingdra|255\/305
|
|switch|p2a: Talonflame|Talonflame, M|345\/345
|
|-weather|none
|turn|19
|
|switch|p1a: Zapdos|Zapdos|384\/384
|-ability|p1a: Zapdos|Pressure
|move|p2a: Talonflame|Brave Bird|p1a: Zapdos
|-resisted|p1a: Zapdos
|-damage|p1a: Zapdos|291\/384
|-damage|p2a: Talonflame|314\/345|[from] recoil|[of] p1a: Zapdos
|
|-heal|p2a: Talonflame|335\/345|[from] item: Leftovers
|-heal|p1a: Zapdos|315\/384|[from] item: Leftovers
|turn|20
|
|switch|p2a: Gliscor|Gliscor, F|353\/353
|move|p1a: Zapdos|Thunder|p2a: Gliscor
|-immune|p2a: Gliscor|[msg]
|
|-heal|p1a: Zapdos|339\/384|[from] item: Leftovers
|-status|p2a: Gliscor|tox|[from] item: Toxic Orb
|turn|21
|
|switch|p1a: Politoed|Politoed, F|275\/384 brn
|-weather|RainDance
|move|p2a: Gliscor|Stealth Rock|p1a: Politoed
|-sidestart|p1: Shivers|move: Stealth Rock
|
|-weather|RainDance|[upkeep]
|-damage|p1a: Politoed|227\/384 brn|[from] brn
|turn|22
|
|switch|p1a: Latias|Latias, F|302\/302
|-damage|p1a: Latias|265\/302|[from] Stealth Rock
|move|p2a: Gliscor|U-turn|p1a: Latias
|-supereffective|p1a: Latias
|-damage|p1a: Latias|151\/302
|
|switch|p2a: Talonflame|Talonflame, M|335\/345
|
|-weather|RainDance|[upkeep]
|-heal|p2a: Talonflame|345\/345|[from] item: Leftovers
|turn|23
|
|switch|p1a: Ferrothorn|Ferrothorn, F|132\/352 brn
|-damage|p1a: Ferrothorn|110\/352 brn|[from] Stealth Rock
|move|p2a: Talonflame|Taunt|p1a: Ferrothorn
|-start|p1a: Ferrothorn|move: Taunt
|
|-weather|RainDance|[upkeep]
|-heal|p1a: Ferrothorn|132\/352 brn|[from] item: Leftovers
|-damage|p1a: Ferrothorn|88\/352 brn|[from] brn
|turn|24
|
|switch|p2a: Sableye|Sableye-Mega, M|303\/303
|move|p1a: Ferrothorn|Gyro Ball|p2a: Sableye
|-damage|p2a: Sableye|279\/303
|
|-weather|RainDance|[upkeep]
|-heal|p1a: Ferrothorn|110\/352 brn|[from] item: Leftovers
|-damage|p1a: Ferrothorn|66\/352 brn|[from] brn
|turn|25
|
|switch|p1a: Swampert|Swampert-Mega, M|154\/342
|-damage|p1a: Swampert|133\/342|[from] Stealth Rock
|move|p2a: Sableye|Knock Off|p1a: Swampert
|-damage|p1a: Swampert|75\/342
|
|-weather|none
|turn|26
|
|switch|p1a: Politoed|Politoed, F|227\/384 brn
|-damage|p1a: Politoed|179\/384 brn|[from] Stealth Rock
|-weather|RainDance
|move|p2a: Sableye|Foul Play|p1a: Politoed
|-damage|p1a: Politoed|86\/384 brn
|
|-weather|RainDance|[upkeep]
|-damage|p1a: Politoed|38\/384 brn|[from] brn
|turn|27
|
|switch|p1a: Ferrothorn|Ferrothorn, F|66\/352 brn
|-damage|p1a: Ferrothorn|44\/352 brn|[from] Stealth Rock
|switch|p2a: Manaphy|Manaphy|353\/403
|
|-weather|RainDance|[upkeep]
|-heal|p2a: Manaphy|378\/403|[from] item: Leftovers
|-heal|p1a: Ferrothorn|66\/352 brn|[from] item: Leftovers
|-damage|p1a: Ferrothorn|22\/352 brn|[from] brn
|turn|28
|
|move|p2a: Manaphy|Scald|p1a: Ferrothorn
|-resisted|p1a: Ferrothorn
|-damage|p1a: Ferrothorn|0 fnt
|faint|p1a: Ferrothorn
|
|-weather|RainDance|[upkeep]
|-heal|p2a: Manaphy|403\/403|[from] item: Leftovers
|
|switch|p1a: Latias|Latias, F|151\/302
|-damage|p1a: Latias|114\/302|[from] Stealth Rock
|turn|29
|
|move|p1a: Latias|Defog|p2a: Manaphy
|-unboost|p2a: Manaphy|evasion|1
|-sideend|p1: Shivers|Stealth Rock|[from] move: Defog|[of] p1a: Latias
|move|p2a: Manaphy|U-turn|p1a: Latias
|-supereffective|p1a: Latias
|-damage|p1a: Latias|4\/302
|
|switch|p2a: Talonflame|Talonflame, M|345\/345
|
|-weather|RainDance|[upkeep]
|turn|30
|
|switch|p1a: Zapdos|Zapdos|339\/384
|-ability|p1a: Zapdos|Pressure
|move|p2a: Talonflame|Brave Bird|p1a: Zapdos
|-resisted|p1a: Zapdos
|-damage|p1a: Zapdos|244\/384
|-damage|p2a: Talonflame|314\/345|[from] recoil|[of] p1a: Zapdos
|
|-weather|none
|-heal|p2a: Talonflame|335\/345|[from] item: Leftovers
|-heal|p1a: Zapdos|268\/384|[from] item: Leftovers
|turn|31
|
|switch|p2a: Gliscor|Gliscor, F|353\/353 tox
|switch|p1a: Latias|Latias, F|4\/302
|
|turn|32
|
|move|p1a: Latias|Healing Wish|p1a: Latias
|faint|p1a: Latias
|move|p2a: Gliscor|Stealth Rock|p1: Latias
|-sidestart|p1: Shivers|move: Stealth Rock
|
|
|switch|p1a: Politoed|Politoed, F|38\/384 brn
|-heal|p1a: Politoed|384\/384|[from] move: Healing Wish
|-damage|p1a: Politoed|336\/384|[from] Stealth Rock
|-weather|RainDance
|turn|33
|
|switch|p1a: Swampert|Swampert-Mega, M|75\/342
|-damage|p1a: Swampert|54\/342|[from] Stealth Rock
|move|p2a: Gliscor|U-turn|p1a: Swampert
|-damage|p1a: Swampert|8\/342
|
|switch|p2a: Talonflame|Talonflame, M|335\/345
|
|-weather|RainDance|[upkeep]
|-heal|p2a: Talonflame|345\/345|[from] item: Leftovers
|turn|34
|
|move|p2a: Talonflame|Brave Bird|p1a: Swampert
|-damage|p1a: Swampert|0 fnt
|-damage|p2a: Talonflame|342\/345|[from] recoil|[of] p1a: Swampert
|faint|p1a: Swampert
|
|-weather|RainDance|[upkeep]
|-heal|p2a: Talonflame|345\/345|[from] item: Leftovers
|
|switch|p1a: Kingdra|Kingdra, M|255\/305
|-damage|p1a: Kingdra|217\/305|[from] Stealth Rock
|turn|35
|
|move|p2a: Talonflame|Brave Bird|p1a: Kingdra
|-damage|p1a: Kingdra|39\/305
|-damage|p2a: Talonflame|286\/345|[from] recoil|[of] p1a: Kingdra
|move|p1a: Kingdra|Draco Meteor|p2a: Talonflame
|-damage|p2a: Talonflame|0 fnt
|-unboost|p1a: Kingdra|spa|2
|faint|p2a: Talonflame
|
|-weather|RainDance|[upkeep]
|
|switch|p2a: Sableye|Sableye-Mega, M|279\/303
|turn|36
|
|switch|p1a: Politoed|Politoed, F|336\/384
|-damage|p1a: Politoed|288\/384|[from] Stealth Rock
|move|p2a: Sableye|Will-O-Wisp|p1a: Politoed
|-status|p1a: Politoed|brn
|
|-weather|RainDance|[upkeep]
|-damage|p1a: Politoed|240\/384 brn|[from] brn
|turn|37
|
|switch|p2a: Manaphy|Manaphy|403\/403
|move|p1a: Politoed|Scald|p2a: Manaphy
|-resisted|p2a: Manaphy
|-damage|p2a: Manaphy|358\/403
|
|-weather|none
|-heal|p2a: Manaphy|383\/403|[from] item: Leftovers
|-damage|p1a: Politoed|192\/384 brn|[from] brn
|turn|38
|
|switch|p1a: Zapdos|Zapdos|268\/384
|-damage|p1a: Zapdos|172\/384|[from] Stealth Rock
|-ability|p1a: Zapdos|Pressure
|move|p2a: Manaphy|Scald|p1a: Zapdos
|-damage|p1a: Zapdos|84\/384
|
|-heal|p2a: Manaphy|403\/403|[from] item: Leftovers
|-heal|p1a: Zapdos|108\/384|[from] item: Leftovers
|turn|39
|
|switch|p2a: Gliscor|Gliscor, F|353\/353 tox
|move|p1a: Zapdos|Roost|p1a: Zapdos
|-heal|p1a: Zapdos|300\/384
|
|-heal|p1a: Zapdos|324\/384|[from] item: Leftovers
|turn|40
|
|switch|p1a: Politoed|Politoed, F|192\/384 brn
|-damage|p1a: Politoed|144\/384 brn|[from] Stealth Rock
|-weather|RainDance
|move|p2a: Gliscor|U-turn|p1a: Politoed
|-damage|p1a: Politoed|82\/384 brn
|
|switch|p2a: Manaphy|Manaphy|403\/403
|
|-weather|RainDance|[upkeep]
|-damage|p1a: Politoed|34\/384 brn|[from] brn
|turn|41
|
|move|p2a: Manaphy|U-turn|p1a: Politoed
|-damage|p1a: Politoed|0 fnt
|faint|p1a: Politoed
|
|switch|p2a: Sableye|Sableye-Mega, M|279\/303
|
|-weather|RainDance|[upkeep]
|
|switch|p1a: Kingdra|Kingdra, M|39\/305
|-damage|p1a: Kingdra|1\/305|[from] Stealth Rock
|turn|42
|
|switch|p2a: Manaphy|Manaphy|403\/403
|move|p1a: Kingdra|Hydro Pump|p2a: Manaphy
|-crit|p2a: Manaphy
|-resisted|p2a: Manaphy
|-damage|p2a: Manaphy|197\/403
|
|-weather|RainDance|[upkeep]
|-heal|p2a: Manaphy|222\/403|[from] item: Leftovers
|turn|43
|
|switch|p2a: Excadrill|Excadrill, M|424\/424
|-ability|p2a: Excadrill|Mold Breaker
|move|p1a: Kingdra|Hydro Pump|p2a: Excadrill
|-crit|p2a: Excadrill
|-supereffective|p2a: Excadrill
|-damage|p2a: Excadrill|0 fnt
|faint|p2a: Excadrill
|
|-weather|RainDance|[upkeep]
|
|switch|p2a: Manaphy|Manaphy|222\/403
|turn|44
|
|move|p1a: Kingdra|Hydro Pump|p2a: Manaphy|[miss]
|-miss|p1a: Kingdra|p2a: Manaphy
|move|p2a: Manaphy|Scald|p1a: Kingdra
|-resisted|p1a: Kingdra
|-damage|p1a: Kingdra|0 fnt
|faint|p1a: Kingdra
|
|-weather|none
|-heal|p2a: Manaphy|247\/403|[from] item: Leftovers
|
|switch|p1a: Zapdos|Zapdos|324\/384
|-damage|p1a: Zapdos|228\/384|[from] Stealth Rock
|-ability|p1a: Zapdos|Pressure
|turn|45
|
|move|p2a: Manaphy|Scald|p1a: Zapdos
|-damage|p1a: Zapdos|147\/384
|-status|p1a: Zapdos|brn
|move|p1a: Zapdos|Thunder|p2a: Manaphy
|-supereffective|p2a: Manaphy
|-damage|p2a: Manaphy|0 fnt
|faint|p2a: Manaphy
|
|-heal|p1a: Zapdos|171\/384 brn|[from] item: Leftovers
|-damage|p1a: Zapdos|123\/384 brn|[from] brn
|
|switch|p2a: Sableye|Sableye-Mega, M|279\/303
|turn|46
|
|move|p1a: Zapdos|Roost|p1a: Zapdos
|-heal|p1a: Zapdos|315\/384 brn
|move|p2a: Sableye|Knock Off|p1a: Zapdos
|-damage|p1a: Zapdos|201\/384 brn
|-enditem|p1a: Zapdos|Leftovers|[from] move: Knock Off|[of] p2a: Sableye
|
|-damage|p1a: Zapdos|153\/384 brn|[from] brn
|turn|47
|
|switch|p2a: Gliscor|Gliscor, F|353\/353 tox
|move|p1a: Zapdos|Roost|p1a: Zapdos
|-heal|p1a: Zapdos|345\/384 brn
|
|-damage|p1a: Zapdos|297\/384 brn|[from] brn
|turn|48
|
|move|p1a: Zapdos|Heat Wave|p2a: Gliscor
|-miss|p1a: Zapdos|p2a: Gliscor
|move|p2a: Gliscor|Taunt|p1a: Zapdos
|-start|p1a: Zapdos|move: Taunt
|
|-damage|p1a: Zapdos|249\/384 brn|[from] brn
|turn|49
|leave|Shivers
|player|p1
|-message|shivers lost due to inactivity.
|
|win|PokeHD
|raw|Ladder updating...
|raw|Shivers's rating: 1639 &rarr; <strong>1613<\/strong><br \/>(-26 for losing)
|raw|PokeHD's rating: 1531 &rarr; <strong>1557<\/strong><br \/>(+26 for winning)