|join|LT2a windu
|join|PokeHD
|player|p1|LT2a windu|265
|player|p2|PokeHD|101
|gametype|singles
|gen|6
|tier|OU
|rated
|clearpoke
|poke|p1|Slowbro, F
|poke|p1|Charizard, M
|poke|p1|Azumarill, M
|poke|p1|Landorus, M
|poke|p1|Ferrothorn, M
|poke|p1|Latias, F
|poke|p2|Sableye, M
|poke|p2|Excadrill, F
|poke|p2|Manaphy
|poke|p2|Gliscor, F
|poke|p2|Talonflame, F
|poke|p2|Clefable, F
|rule|Swagger Clause: Swagger is banned
|rule|Baton Pass Clause: Limit one Pokémon knowing Baton Pass
|rule|Sleep Clause Mod: Limit one foe put to sleep
|rule|Species Clause: Limit one of each Pokémon
|rule|OHKO Clause: OHKO moves are banned
|rule|Moody Clause: Moody is banned
|rule|Evasion Moves Clause: Evasion moves are banned
|rule|Endless Battle Clause: Forcing endless battles is banned
|rule|HP Percentage Mod: HP is shown in percentages
|teampreview
|c|★LT2a windu|copy team hahahaha
|
|start
|switch|p1a: Azumarill|Azumarill, M|401\/401
|switch|p2a: Talonflame|Talonflame, F|345\/345
|turn|1
|c|★PokeHD|Ya
|
|move|p2a: Talonflame|Will-O-Wisp|p1a: Azumarill
|-status|p1a: Azumarill|brn
|move|p1a: Azumarill|Waterfall|p2a: Talonflame
|-supereffective|p2a: Talonflame
|-damage|p2a: Talonflame|109\/345
|
|-heal|p2a: Talonflame|130\/345|[from] item: Leftovers
|-damage|p1a: Azumarill|351\/401 brn|[from] brn
|turn|2
|
|switch|p2a: Manaphy|Manaphy|403\/403
|move|p1a: Azumarill|Knock Off|p2a: Manaphy
|-damage|p2a: Manaphy|328\/403
|-enditem|p2a: Manaphy|Leftovers|[from] move: Knock Off|[of] p1a: Azumarill
|
|-damage|p1a: Azumarill|301\/401 brn|[from] brn
|turn|3
|
|switch|p1a: Ferrothorn|Ferrothorn, M|352\/352
|move|p2a: Manaphy|Rain Dance|p2a: Manaphy
|-weather|RainDance
|
|-weather|RainDance|[upkeep]
|turn|4
|
|move|p2a: Manaphy|Scald|p1a: Ferrothorn
|-resisted|p1a: Ferrothorn
|-damage|p1a: Ferrothorn|302\/352
|-status|p1a: Ferrothorn|brn
|move|p1a: Ferrothorn|Stealth Rock|p2a: Manaphy
|-sidestart|p2: PokeHD|move: Stealth Rock
|
|-weather|RainDance|[upkeep]
|-heal|p1a: Ferrothorn|324\/352 brn|[from] item: Leftovers
|-damage|p1a: Ferrothorn|280\/352 brn|[from] brn
|turn|5
|
|switch|p2a: Excadrill|Excadrill, F|424\/424
|-damage|p2a: Excadrill|411\/424|[from] Stealth Rock
|-ability|p2a: Excadrill|Mold Breaker
|move|p1a: Ferrothorn|Leech Seed|p2a: Excadrill
|-start|p2a: Excadrill|move: Leech Seed
|
|-weather|RainDance|[upkeep]
|-heal|p2a: Excadrill|424\/424|[from] item: Leftovers
|-heal|p1a: Ferrothorn|302\/352 brn|[from] item: Leftovers
|-damage|p2a: Excadrill|371\/424|[from] Leech Seed|[of] p1a: Ferrothorn
|-heal|p1a: Ferrothorn|352\/352 brn|[silent]
|-damage|p1a: Ferrothorn|308\/352 brn|[from] brn
|turn|6
|
|move|p2a: Excadrill|Rapid Spin|p1a: Ferrothorn
|-resisted|p1a: Ferrothorn
|-damage|p1a: Ferrothorn|301\/352 brn
|-damage|p2a: Excadrill|318\/424|[from] ability: Iron Barbs|[of] p1a: Ferrothorn
|-end|p2a: Excadrill|Leech Seed|[from] move: Rapid Spin|[of] p2a: Excadrill
|-sideend|p2: PokeHD|Stealth Rock|[from] move: Rapid Spin|[of] p2a: Excadrill
|move|p1a: Ferrothorn|Stealth Rock|p2a: Excadrill
|-sidestart|p2: PokeHD|move: Stealth Rock
|
|-weather|RainDance|[upkeep]
|-heal|p2a: Excadrill|344\/424|[from] item: Leftovers
|-heal|p1a: Ferrothorn|323\/352 brn|[from] item: Leftovers
|-damage|p1a: Ferrothorn|279\/352 brn|[from] brn
|turn|7
|
|move|p2a: Excadrill|Rapid Spin|p1a: Ferrothorn
|-crit|p1a: Ferrothorn
|-resisted|p1a: Ferrothorn
|-damage|p1a: Ferrothorn|267\/352 brn
|-damage|p2a: Excadrill|291\/424|[from] ability: Iron Barbs|[of] p1a: Ferrothorn
|-sideend|p2: PokeHD|Stealth Rock|[from] move: Rapid Spin|[of] p2a: Excadrill
|move|p1a: Ferrothorn|Power Whip|p2a: Excadrill
|-damage|p2a: Excadrill|194\/424
|
|-weather|none
|-heal|p2a: Excadrill|220\/424|[from] item: Leftovers
|-heal|p1a: Ferrothorn|289\/352 brn|[from] item: Leftovers
|-damage|p1a: Ferrothorn|245\/352 brn|[from] brn
|turn|8
|
|move|p2a: Excadrill|Earthquake|p1a: Ferrothorn
|-damage|p1a: Ferrothorn|143\/352 brn
|move|p1a: Ferrothorn|Stealth Rock|p2a: Excadrill
|-sidestart|p2: PokeHD|move: Stealth Rock
|
|-heal|p2a: Excadrill|246\/424|[from] item: Leftovers
|-heal|p1a: Ferrothorn|165\/352 brn|[from] item: Leftovers
|-damage|p1a: Ferrothorn|121\/352 brn|[from] brn
|turn|9
|
|move|p2a: Excadrill|Rapid Spin|p1a: Ferrothorn
|-resisted|p1a: Ferrothorn
|-damage|p1a: Ferrothorn|114\/352 brn
|-damage|p2a: Excadrill|193\/424|[from] ability: Iron Barbs|[of] p1a: Ferrothorn
|-sideend|p2: PokeHD|Stealth Rock|[from] move: Rapid Spin|[of] p2a: Excadrill
|move|p1a: Ferrothorn|Leech Seed|p2a: Excadrill
|-start|p2a: Excadrill|move: Leech Seed
|
|-heal|p2a: Excadrill|219\/424|[from] item: Leftovers
|-heal|p1a: Ferrothorn|136\/352 brn|[from] item: Leftovers
|-damage|p2a: Excadrill|166\/424|[from] Leech Seed|[of] p1a: Ferrothorn
|-heal|p1a: Ferrothorn|189\/352 brn|[silent]
|-damage|p1a: Ferrothorn|145\/352 brn|[from] brn
|turn|10
|
|move|p2a: Excadrill|Earthquake|p1a: Ferrothorn
|-damage|p1a: Ferrothorn|39\/352 brn
|move|p1a: Ferrothorn|Stealth Rock|p2a: Excadrill
|-sidestart|p2: PokeHD|move: Stealth Rock
|
|-heal|p2a: Excadrill|192\/424|[from] item: Leftovers
|-heal|p1a: Ferrothorn|61\/352 brn|[from] item: Leftovers
|-damage|p2a: Excadrill|139\/424|[from] Leech Seed|[of] p1a: Ferrothorn
|-heal|p1a: Ferrothorn|114\/352 brn|[silent]
|-damage|p1a: Ferrothorn|70\/352 brn|[from] brn
|turn|11
|
|switch|p1a: Landorus|Landorus, M|319\/319
|move|p2a: Excadrill|Rapid Spin|p1a: Landorus
|-damage|p1a: Landorus|296\/319
|-end|p2a: Excadrill|Leech Seed|[from] move: Rapid Spin|[of] p2a: Excadrill
|-sideend|p2: PokeHD|Stealth Rock|[from] move: Rapid Spin|[of] p2a: Excadrill
|
|-heal|p2a: Excadrill|165\/424|[from] item: Leftovers
|turn|12
|
|switch|p2a: Gliscor|Gliscor, F|353\/353
|move|p1a: Landorus|Psychic|p2a: Gliscor
|-damage|p2a: Gliscor|194\/353
|
|-status|p2a: Gliscor|tox|[from] item: Toxic Orb
|turn|13
|
|switch|p2a: Sableye|Sableye, M|303\/303
|move|p1a: Landorus|Psychic|p2a: Sableye
|-immune|p2a: Sableye|[msg]
|
|turn|14
|
|switch|p1a: Charizard|Charizard, M|297\/297
|detailschange|p2a: Sableye|Sableye-Mega, M
|message|Sableye has Mega Evolved into Mega Sableye!
|move|p2a: Sableye|Foul Play|p1a: Charizard
|-damage|p1a: Charizard|120\/297
|
|turn|15
|
|detailschange|p1a: Charizard|Charizard-Mega-X, M
|message|Charizard has Mega Evolved into Mega Charizard!
|move|p1a: Charizard|Flare Blitz|p2a: Sableye
|-damage|p2a: Sableye|48\/303
|-damage|p1a: Charizard|36\/297|[from] recoil|[of] p2a: Sableye
|move|p2a: Sableye|Foul Play|p1a: Charizard
|-damage|p1a: Charizard|0 fnt
|faint|p1a: Charizard
|
|
|switch|p1a: Azumarill|Azumarill, M|301\/401 brn
|turn|16
|
|switch|p2a: Manaphy|Manaphy|328\/403
|move|p1a: Azumarill|Knock Off|p2a: Manaphy
|-damage|p2a: Manaphy|277\/403
|
|-damage|p1a: Azumarill|251\/401 brn|[from] brn
|turn|17
|
|switch|p1a: Ferrothorn|Ferrothorn, M|70\/352 brn
|move|p2a: Manaphy|Rain Dance|p2a: Manaphy
|-weather|RainDance
|
|-weather|RainDance|[upkeep]
|-heal|p1a: Ferrothorn|92\/352 brn|[from] item: Leftovers
|-damage|p1a: Ferrothorn|48\/352 brn|[from] brn
|turn|18
|
|move|p2a: Manaphy|U-turn|p1a: Ferrothorn
|-damage|p1a: Ferrothorn|16\/352 brn
|-damage|p2a: Manaphy|227\/403|[from] ability: Iron Barbs|[of] p1a: Ferrothorn
|
|switch|p2a: Sableye|Sableye-Mega, M|48\/303
|move|p1a: Ferrothorn|Stealth Rock|p2a: Sableye
|move|p2a: Sableye|Stealth Rock|p1a: Ferrothorn|[from]Magic Bounce
|-sidestart|p1: LT2a windu|move: Stealth Rock
|
|-weather|RainDance|[upkeep]
|-heal|p1a: Ferrothorn|38\/352 brn|[from] item: Leftovers
|-damage|p1a: Ferrothorn|0 fnt|[from] brn
|faint|p1a: Ferrothorn
|
|switch|p1a: Latias|Latias, F|301\/301
|-damage|p1a: Latias|264\/301|[from] Stealth Rock
|turn|19
|
|switch|p2a: Excadrill|Excadrill, F|165\/424
|-ability|p2a: Excadrill|Mold Breaker
|move|p1a: Latias|Draco Meteor|p2a: Excadrill
|-resisted|p2a: Excadrill
|-damage|p2a: Excadrill|35\/424
|-unboost|p1a: Latias|spa|2
|-damage|p1a: Latias|234\/301|[from] item: Life Orb
|
|-weather|RainDance|[upkeep]
|-heal|p2a: Excadrill|61\/424|[from] item: Leftovers
|turn|20
|
|move|p1a: Latias|Psyshock|p2a: Excadrill
|-resisted|p2a: Excadrill
|-damage|p2a: Excadrill|1\/424
|-damage|p1a: Latias|204\/301|[from] item: Life Orb
|move|p2a: Excadrill|Toxic|p1a: Latias
|-status|p1a: Latias|tox
|
|-weather|RainDance|[upkeep]
|-heal|p2a: Excadrill|27\/424|[from] item: Leftovers
|-damage|p1a: Latias|186\/301 tox|[from] psn
|turn|21
|
|switch|p2a: Sableye|Sableye-Mega, M|48\/303
|move|p1a: Latias|Psyshock|p2a: Sableye
|-immune|p2a: Sableye|[msg]
|
|-weather|none
|-damage|p1a: Latias|150\/301 tox|[from] psn
|turn|22
|
|switch|p2a: Clefable|Clefable, F|393\/393
|move|p1a: Latias|Draco Meteor|p2a: Clefable
|-immune|p2a: Clefable|[msg]
|
|-damage|p1a: Latias|96\/301 tox|[from] psn
|turn|23
|
|move|p1a: Latias|Defog|p2a: Clefable
|-unboost|p2a: Clefable|evasion|1
|-sideend|p1: LT2a windu|Stealth Rock|[from] move: Defog|[of] p1a: Latias
|move|p2a: Clefable|Calm Mind|p2a: Clefable
|-boost|p2a: Clefable|spa|1
|-boost|p2a: Clefable|spd|1
|
|-damage|p1a: Latias|24\/301 tox|[from] psn
|turn|24
|
|move|p1a: Latias|Psyshock|p2a: Clefable
|-damage|p2a: Clefable|240\/393
|-damage|p1a: Latias|0 fnt|[from] item: Life Orb
|faint|p1a: Latias
|move|p2a: Clefable|Moonlight|p2a: Clefable
|-heal|p2a: Clefable|393\/393
|
|
|switch|p1a: Landorus|Landorus, M|296\/319
|turn|25
|
|move|p1a: Landorus|Sludge Wave|p2a: Clefable
|-supereffective|p2a: Clefable
|-damage|p2a: Clefable|199\/393
|move|p2a: Clefable|Moonblast|p1a: Landorus
|-crit|p1a: Landorus
|-damage|p1a: Landorus|16\/319
|-unboost|p1a: Landorus|spa|1
|
|-heal|p2a: Clefable|223\/393|[from] item: Leftovers
|turn|26
|
|move|p1a: Landorus|Sludge Wave|p2a: Clefable
|-crit|p2a: Clefable
|-supereffective|p2a: Clefable
|-damage|p2a: Clefable|0 fnt
|faint|p2a: Clefable
|
|
|switch|p2a: Talonflame|Talonflame, F|130\/345
|turn|27
|
|switch|p1a: Slowbro|Slowbro, F|394\/394
|move|p2a: Talonflame|Brave Bird|p1a: Slowbro
|-damage|p1a: Slowbro|271\/394
|-damage|p2a: Talonflame|89\/345|[from] recoil|[of] p1a: Slowbro
|
|-heal|p2a: Talonflame|110\/345|[from] item: Leftovers
|-heal|p1a: Slowbro|295\/394|[from] item: Leftovers
|turn|28
|
|move|p2a: Talonflame|Roost|p2a: Talonflame
|-heal|p2a: Talonflame|283\/345
|move|p1a: Slowbro|Scald|p2a: Talonflame
|-supereffective|p2a: Talonflame
|-damage|p2a: Talonflame|37\/345
|
|-heal|p2a: Talonflame|58\/345|[from] item: Leftovers
|-heal|p1a: Slowbro|319\/394|[from] item: Leftovers
|turn|29
|
|move|p2a: Talonflame|Will-O-Wisp|p1a: Slowbro
|-status|p1a: Slowbro|brn
|move|p1a: Slowbro|Scald|p2a: Talonflame
|-supereffective|p2a: Talonflame
|-damage|p2a: Talonflame|0 fnt
|faint|p2a: Talonflame
|
|-heal|p1a: Slowbro|343\/394 brn|[from] item: Leftovers
|-damage|p1a: Slowbro|294\/394 brn|[from] brn
|
|switch|p2a: Manaphy|Manaphy|227\/403
|turn|30
|
|move|p2a: Manaphy|Rain Dance|p2a: Manaphy
|-weather|RainDance
|move|p1a: Slowbro|Thunder Wave|p2a: Manaphy
|-status|p2a: Manaphy|par
|
|-weather|RainDance|[upkeep]
|-heal|p1a: Slowbro|318\/394 brn|[from] item: Leftovers
|-curestatus|p2a: Manaphy|par
|-damage|p1a: Slowbro|269\/394 brn|[from] brn
|turn|31
|
|move|p2a: Manaphy|Rest|p2a: Manaphy
|-status|p2a: Manaphy|slp
|-heal|p2a: Manaphy|403\/403 slp|[silent]
|-status|p2a: Manaphy|slp|[from] move: Rest
|move|p1a: Slowbro|Slack Off|p1a: Slowbro
|-heal|p1a: Slowbro|394\/394 brn
|
|-weather|RainDance|[upkeep]
|-curestatus|p2a: Manaphy|slp
|-damage|p1a: Slowbro|345\/394 brn|[from] brn
|turn|32
|
|move|p2a: Manaphy|Scald|p1a: Slowbro
|-resisted|p1a: Slowbro
|-damage|p1a: Slowbro|258\/394 brn
|move|p1a: Slowbro|Scald|p2a: Manaphy
|-resisted|p2a: Manaphy
|-damage|p2a: Manaphy|349\/403
|
|-weather|RainDance|[upkeep]
|-heal|p1a: Slowbro|282\/394 brn|[from] item: Leftovers
|-damage|p1a: Slowbro|233\/394 brn|[from] brn
|turn|33
|
|move|p2a: Manaphy|Scald|p1a: Slowbro
|-resisted|p1a: Slowbro
|-damage|p1a: Slowbro|148\/394 brn
|move|p1a: Slowbro|Scald|p2a: Manaphy
|-resisted|p2a: Manaphy
|-damage|p2a: Manaphy|301\/403
|
|-weather|RainDance|[upkeep]
|-heal|p1a: Slowbro|172\/394 brn|[from] item: Leftovers
|-damage|p1a: Slowbro|123\/394 brn|[from] brn
|turn|34
|
|move|p2a: Manaphy|Scald|p1a: Slowbro
|-resisted|p1a: Slowbro
|-damage|p1a: Slowbro|42\/394 brn
|move|p1a: Slowbro|Slack Off|p1a: Slowbro
|-heal|p1a: Slowbro|239\/394 brn
|
|-weather|none
|-heal|p1a: Slowbro|263\/394 brn|[from] item: Leftovers
|-damage|p1a: Slowbro|214\/394 brn|[from] brn
|turn|35
|
|move|p2a: Manaphy|Rain Dance|p2a: Manaphy
|-weather|RainDance
|move|p1a: Slowbro|Slack Off|p1a: Slowbro
|-heal|p1a: Slowbro|394\/394 brn
|
|-weather|RainDance|[upkeep]
|-damage|p1a: Slowbro|345\/394 brn|[from] brn
|turn|36
|
|switch|p1a: Azumarill|Azumarill, M|251\/401 brn
|move|p2a: Manaphy|Scald|p1a: Azumarill
|-resisted|p1a: Azumarill
|-damage|p1a: Azumarill|197\/401 brn
|
|-weather|RainDance|[upkeep]
|-damage|p1a: Azumarill|147\/401 brn|[from] brn
|turn|37
|
|switch|p1a: Slowbro|Slowbro, F|394\/394 brn
|move|p2a: Manaphy|Rest|p2a: Manaphy
|-status|p2a: Manaphy|slp
|-heal|p2a: Manaphy|403\/403 slp|[silent]
|-status|p2a: Manaphy|slp|[from] move: Rest
|
|-weather|RainDance|[upkeep]
|-curestatus|p2a: Manaphy|slp
|-damage|p1a: Slowbro|345\/394 brn|[from] brn
|turn|38
|
|move|p2a: Manaphy|Scald|p1a: Slowbro
|-resisted|p1a: Slowbro
|-damage|p1a: Slowbro|259\/394 brn
|move|p1a: Slowbro|Scald|p2a: Manaphy
|-resisted|p2a: Manaphy
|-damage|p2a: Manaphy|357\/403
|
|-weather|RainDance|[upkeep]
|-heal|p1a: Slowbro|283\/394 brn|[from] item: Leftovers
|-damage|p1a: Slowbro|234\/394 brn|[from] brn
|turn|39
|
|move|p2a: Manaphy|Scald|p1a: Slowbro
|-resisted|p1a: Slowbro
|-damage|p1a: Slowbro|159\/394 brn
|move|p1a: Slowbro|Scald|p2a: Manaphy
|-resisted|p2a: Manaphy
|-damage|p2a: Manaphy|306\/403
|
|-weather|none
|-heal|p1a: Slowbro|183\/394 brn|[from] item: Leftovers
|-damage|p1a: Slowbro|134\/394 brn|[from] brn
|turn|40
|
|move|p2a: Manaphy|U-turn|p1a: Slowbro
|-supereffective|p1a: Slowbro
|-damage|p1a: Slowbro|62\/394 brn
|
|switch|p2a: Sableye|Sableye-Mega, M|48\/303
|move|p1a: Slowbro|Slack Off|p1a: Slowbro
|-heal|p1a: Slowbro|259\/394 brn
|
|-heal|p1a: Slowbro|283\/394 brn|[from] item: Leftovers
|-damage|p1a: Slowbro|234\/394 brn|[from] brn
|turn|41
|
|move|p1a: Slowbro|Scald|p2a: Sableye
|-damage|p2a: Sableye|0 fnt
|faint|p2a: Sableye
|
|-heal|p1a: Slowbro|258\/394 brn|[from] item: Leftovers
|-damage|p1a: Slowbro|209\/394 brn|[from] brn
|
|switch|p2a: Excadrill|Excadrill, F|27\/424
|-ability|p2a: Excadrill|Mold Breaker
|turn|42
|
|move|p2a: Excadrill|Earthquake|p1a: Slowbro
|-damage|p1a: Slowbro|101\/394 brn
|move|p1a: Slowbro|Scald|p2a: Excadrill
|-supereffective|p2a: Excadrill
|-damage|p2a: Excadrill|0 fnt
|faint|p2a: Excadrill
|
|-heal|p1a: Slowbro|125\/394 brn|[from] item: Leftovers
|-damage|p1a: Slowbro|76\/394 brn|[from] brn
|
|switch|p2a: Gliscor|Gliscor, F|194\/353 tox
|turn|43
|
|switch|p1a: Landorus|Landorus, M|16\/319
|move|p2a: Gliscor|U-turn|p1a: Landorus
|-resisted|p1a: Landorus
|-damage|p1a: Landorus|0 fnt
|faint|p1a: Landorus
|
|switch|p2a: Manaphy|Manaphy|306\/403
|
|
|switch|p1a: Slowbro|Slowbro, F|207\/394 brn
|turn|44
|
|move|p2a: Manaphy|Rain Dance|p2a: Manaphy
|-weather|RainDance
|move|p1a: Slowbro|Thunder Wave|p2a: Manaphy
|-status|p2a: Manaphy|par
|
|-weather|RainDance|[upkeep]
|-heal|p1a: Slowbro|231\/394 brn|[from] item: Leftovers
|-curestatus|p2a: Manaphy|par
|-damage|p1a: Slowbro|182\/394 brn|[from] brn
|turn|45
|
|switch|p1a: Azumarill|Azumarill, M|147\/401 brn
|move|p2a: Manaphy|Scald|p1a: Azumarill
|-resisted|p1a: Azumarill
|-damage|p1a: Azumarill|90\/401 brn
|
|-weather|RainDance|[upkeep]
|-damage|p1a: Azumarill|40\/401 brn|[from] brn
|turn|46
|
|switch|p1a: Slowbro|Slowbro, F|313\/394 brn
|move|p2a: Manaphy|Rest|p2a: Manaphy
|-status|p2a: Manaphy|slp
|-heal|p2a: Manaphy|403\/403 slp|[silent]
|-status|p2a: Manaphy|slp|[from] move: Rest
|
|-weather|RainDance|[upkeep]
|-curestatus|p2a: Manaphy|slp
|-heal|p1a: Slowbro|337\/394 brn|[from] item: Leftovers
|-damage|p1a: Slowbro|288\/394 brn|[from] brn
|turn|47
|
|move|p2a: Manaphy|U-turn|p1a: Slowbro
|-supereffective|p1a: Slowbro
|-damage|p1a: Slowbro|220\/394 brn
|
|switch|p2a: Gliscor|Gliscor, F|194\/353 tox
|move|p1a: Slowbro|Thunder Wave|p2a: Gliscor
|-immune|p2a: Gliscor|[msg]
|
|-weather|RainDance|[upkeep]
|-heal|p1a: Slowbro|244\/394 brn|[from] item: Leftovers
|-heal|p2a: Gliscor|238\/353 tox|[from] ability: Poison Heal
|-damage|p1a: Slowbro|195\/394 brn|[from] brn
|turn|48
|
|move|p2a: Gliscor|U-turn|p1a: Slowbro
|-supereffective|p1a: Slowbro
|-damage|p1a: Slowbro|123\/394 brn
|
|switch|p2a: Manaphy|Manaphy|403\/403
|move|p1a: Slowbro|Scald|p2a: Manaphy
|-resisted|p2a: Manaphy
|-damage|p2a: Manaphy|354\/403
|
|-weather|none
|-heal|p1a: Slowbro|147\/394 brn|[from] item: Leftovers
|-damage|p1a: Slowbro|98\/394 brn|[from] brn
|turn|49
|
|move|p2a: Manaphy|Rain Dance|p2a: Manaphy
|-weather|RainDance
|move|p1a: Slowbro|Slack Off|p1a: Slowbro
|-heal|p1a: Slowbro|295\/394 brn
|
|-weather|RainDance|[upkeep]
|-heal|p1a: Slowbro|319\/394 brn|[from] item: Leftovers
|-damage|p1a: Slowbro|270\/394 brn|[from] brn
|turn|50
|
|move|p2a: Manaphy|Scald|p1a: Slowbro
|-resisted|p1a: Slowbro
|-damage|p1a: Slowbro|192\/394 brn
|move|p1a: Slowbro|Slack Off|p1a: Slowbro
|-heal|p1a: Slowbro|389\/394 brn
|
|-weather|RainDance|[upkeep]
|-heal|p1a: Slowbro|394\/394 brn|[from] item: Leftovers
|-damage|p1a: Slowbro|345\/394 brn|[from] brn
|turn|51
|
|move|p2a: Manaphy|Scald|p1a: Slowbro
|-resisted|p1a: Slowbro
|-damage|p1a: Slowbro|270\/394 brn
|move|p1a: Slowbro|Scald|p2a: Manaphy
|-crit|p2a: Manaphy
|-resisted|p2a: Manaphy
|-damage|p2a: Manaphy|276\/403
|-status|p2a: Manaphy|brn
|
|-weather|RainDance|[upkeep]
|-curestatus|p2a: Manaphy|brn
|-heal|p1a: Slowbro|294\/394 brn|[from] item: Leftovers
|-damage|p1a: Slowbro|245\/394 brn|[from] brn
|turn|52
|
|move|p2a: Manaphy|Scald|p1a: Slowbro
|-resisted|p1a: Slowbro
|-damage|p1a: Slowbro|165\/394 brn
|move|p1a: Slowbro|Scald|p2a: Manaphy
|-resisted|p2a: Manaphy
|-damage|p2a: Manaphy|222\/403
|
|-weather|RainDance|[upkeep]
|-heal|p1a: Slowbro|189\/394 brn|[from] item: Leftovers
|-damage|p1a: Slowbro|140\/394 brn|[from] brn
|turn|53
|
|move|p2a: Manaphy|U-turn|p1a: Slowbro
|-supereffective|p1a: Slowbro
|-damage|p1a: Slowbro|76\/394 brn
|
|switch|p2a: Gliscor|Gliscor, F|238\/353 tox
|move|p1a: Slowbro|Slack Off|p1a: Slowbro
|-heal|p1a: Slowbro|273\/394 brn
|
|-weather|none
|-heal|p1a: Slowbro|297\/394 brn|[from] item: Leftovers
|-heal|p2a: Gliscor|282\/353 tox|[from] ability: Poison Heal
|-damage|p1a: Slowbro|248\/394 brn|[from] brn
|turn|54
|
|switch|p1a: Azumarill|Azumarill, M|40\/401 brn
|move|p2a: Gliscor|Taunt|p1a: Azumarill
|-start|p1a: Azumarill|move: Taunt
|
|-heal|p2a: Gliscor|326\/353 tox|[from] ability: Poison Heal
|-damage|p1a: Azumarill|0 fnt|[from] brn
|faint|p1a: Azumarill
|
|switch|p1a: Slowbro|Slowbro, F|379\/394 brn
|turn|55
|
|move|p2a: Gliscor|U-turn|p1a: Slowbro
|-supereffective|p1a: Slowbro
|-damage|p1a: Slowbro|301\/394 brn
|
|switch|p2a: Manaphy|Manaphy|222\/403
|move|p1a: Slowbro|Scald|p2a: Manaphy
|-resisted|p2a: Manaphy
|-damage|p2a: Manaphy|187\/403
|
|-heal|p1a: Slowbro|325\/394 brn|[from] item: Leftovers
|-damage|p1a: Slowbro|276\/394 brn|[from] brn
|turn|56
|
|move|p2a: Manaphy|Rain Dance|p2a: Manaphy
|-weather|RainDance
|move|p1a: Slowbro|Fire Blast|p2a: Manaphy
|-resisted|p2a: Manaphy
|-damage|p2a: Manaphy|171\/403
|
|-weather|RainDance|[upkeep]
|-heal|p1a: Slowbro|300\/394 brn|[from] item: Leftovers
|-damage|p1a: Slowbro|251\/394 brn|[from] brn
|turn|57
|
|move|p2a: Manaphy|Rest|p2a: Manaphy
|-status|p2a: Manaphy|slp
|-heal|p2a: Manaphy|403\/403 slp|[silent]
|-status|p2a: Manaphy|slp|[from] move: Rest
|move|p1a: Slowbro|Fire Blast|p2a: Manaphy
|-resisted|p2a: Manaphy
|-damage|p2a: Manaphy|388\/403 slp
|
|-weather|RainDance|[upkeep]
|-curestatus|p2a: Manaphy|slp
|-heal|p1a: Slowbro|275\/394 brn|[from] item: Leftovers
|-damage|p1a: Slowbro|226\/394 brn|[from] brn
|turn|58
|
|move|p2a: Manaphy|Scald|p1a: Slowbro
|-resisted|p1a: Slowbro
|-damage|p1a: Slowbro|148\/394 brn
|move|p1a: Slowbro|Fire Blast|p2a: Manaphy
|-resisted|p2a: Manaphy
|-damage|p2a: Manaphy|373\/403
|
|-weather|RainDance|[upkeep]
|-heal|p1a: Slowbro|172\/394 brn|[from] item: Leftovers
|-damage|p1a: Slowbro|123\/394 brn|[from] brn
|turn|59
|
|move|p2a: Manaphy|Scald|p1a: Slowbro
|-resisted|p1a: Slowbro
|-damage|p1a: Slowbro|45\/394 brn
|move|p1a: Slowbro|Scald|p2a: Manaphy
|-resisted|p2a: Manaphy
|-damage|p2a: Manaphy|326\/403
|
|-weather|RainDance|[upkeep]
|-heal|p1a: Slowbro|69\/394 brn|[from] item: Leftovers
|-damage|p1a: Slowbro|20\/394 brn|[from] brn
|turn|60
|
|move|p2a: Manaphy|U-turn|p1a: Slowbro
|-supereffective|p1a: Slowbro
|-damage|p1a: Slowbro|0 fnt
|faint|p1a: Slowbro
|
|win|PokeHD
|raw|Ladder updating...
|raw|LT2a windu's rating: 1494 &rarr; <strong>1470<\/strong><br \/>(-24 for losing)
|raw|PokeHD's rating: 1419 &rarr; <strong>1443<\/strong><br \/>(+24 for winning)
|leave|LT2a windu
|player|p1