|join|PikachuCandyツ
|join|MaatMattos
|player|p1|PikachuCandyツ|179
|player|p2|MaatMattos|52
|gametype|singles
|gen|6
|tier|OU
|rated
|clearpoke
|poke|p1|Smeargle, M, shiny
|poke|p1|Thundurus, M
|poke|p1|Whimsicott, F, shiny
|poke|p1|Gothitelle, M, shiny
|poke|p1|Espeon, F, shiny
|poke|p1|Azelf
|poke|p2|Manaphy
|poke|p2|Keldeo-Resolute
|poke|p2|Cresselia, F
|poke|p2|Landorus-Therian, M
|poke|p2|Heatran, M
|poke|p2|Heracross, M
|rule|Swagger Clause: Swagger is banned
|rule|Baton Pass Clause: Limit one Pokémon knowing Baton Pass
|rule|Sleep Clause Mod: Limit one foe put to sleep
|rule|Species Clause: Limit one of each Pokémon
|rule|OHKO Clause: OHKO moves are banned
|rule|Moody Clause: Moody is banned
|rule|Evasion Moves Clause: Evasion moves are banned
|rule|Endless Battle Clause: Forcing endless battles is banned
|rule|HP Percentage Mod: HP is shown in percentages
|teampreview
|
|start
|switch|p1a: ThunThunThun|Thundurus, M|300\/300
|switch|p2a: Heracross|Heracross, M|364\/364
|turn|1
|join|Dark Gannon
|
|detailschange|p2a: Heracross|Heracross-Mega, M
|message|Heracross has Mega Evolved into Mega Heracross!
|move|p1a: ThunThunThun|Thunder Wave|p2a: Heracross
|-status|p2a: Heracross|par
|move|p2a: Heracross|Rock Blast|p1a: ThunThunThun
|-supereffective|p1a: ThunThunThun
|-damage|p1a: ThunThunThun|174\/300
|-supereffective|p1a: ThunThunThun
|-damage|p1a: ThunThunThun|62\/300
|-supereffective|p1a: ThunThunThun
|-damage|p1a: ThunThunThun|0 fnt
|-hitcount|p1a: ThunThunThun|3
|faint|p1a: ThunThunThun
|
|
|switch|p1a: Happy|Azelf|291\/291
|turn|2
|
|move|p1a: Happy|Reflect|p1a: Happy
|-sidestart|p1: PikachuCandyツ|Reflect
|move|p2a: Heracross|Pin Missile|p1a: Happy
|-supereffective|p1a: Happy
|-damage|p1a: Happy|200\/291
|-supereffective|p1a: Happy
|-damage|p1a: Happy|110\/291
|-supereffective|p1a: Happy
|-damage|p1a: Happy|28\/291
|-supereffective|p1a: Happy
|-damage|p1a: Happy|0 fnt
|-hitcount|p1a: Happy|4
|faint|p1a: Happy
|
|
|switch|p1a: Whimsi✩|Whimsicott, F, shiny|261\/261
|turn|3
|
|switch|p2a: Heatran|Heatran, M|386\/386
|move|p1a: Whimsi✩|Memento|p2a: Heatran
|-unboost|p2a: Heatran|atk|2
|-unboost|p2a: Heatran|spa|2
|faint|p1a: Whimsi✩
|
|
|switch|p1a: SpotOn|Smeargle, M, shiny|251\/251
|turn|4
|
|switch|p2a: Heracross|Heracross-Mega, M|364\/364 par
|move|p1a: SpotOn|Taunt|p2a: Heracross
|-start|p2a: Heracross|move: Taunt
|
|turn|5
|
|move|p1a: SpotOn|Cotton Guard|p1a: SpotOn
|-boost|p1a: SpotOn|def|3
|cant|p2a: Heracross|par
|
|turn|6
|
|move|p1a: SpotOn|Geomancy|p1a: SpotOn|[still]
|-prepare|p1a: SpotOn|Geomancy|p1a: SpotOn
|-enditem|p1a: SpotOn|Power Herb
|-anim|p1a: SpotOn|Geomancy|p1a: SpotOn
|-boost|p1a: SpotOn|spa|2
|-boost|p1a: SpotOn|spd|2
|-boost|p1a: SpotOn|spe|2
|move|p2a: Heracross|Close Combat|p1a: SpotOn
|-crit|p1a: SpotOn
|-supereffective|p1a: SpotOn
|-damage|p1a: SpotOn|0 fnt
|-unboost|p2a: Heracross|def|1
|-unboost|p2a: Heracross|spd|1
|faint|p1a: SpotOn
|
|-message|PikachuCandyツ forfeited.
|
|win|MaatMattos
|raw|Ladder updating...
|leave|PikachuCandyツ
|player|p1
|raw|PikachuCandyツ's rating: 1711 &rarr; <strong>1695<\/strong><br \/>(-16 for losing)
|raw|MaatMattos's rating: 1789 &rarr; <strong>1805<\/strong><br \/>(+16 for winning)