|join|MaatMattos
|join|Hogback_fosh_men
|player|p1|MaatMattos|52
|player|p2|Hogback_fosh_men|266
|gametype|singles
|gen|6
|tier|OU
|rated
|clearpoke
|poke|p1|Manaphy
|poke|p1|Keldeo-Resolute
|poke|p1|Registeel
|poke|p1|Cresselia, F
|poke|p1|Landorus-Therian, M
|poke|p1|Medicham, F
|poke|p2|Charizard, M, shiny
|poke|p2|Ferrothorn, M
|poke|p2|Conkeldurr, M, shiny
|poke|p2|Gengar, F, shiny
|poke|p2|Landorus, M
|poke|p2|Azumarill, M
|rule|Swagger Clause: Swagger is banned
|rule|Baton Pass Clause: Limit one Pokémon knowing Baton Pass
|rule|Sleep Clause Mod: Limit one foe put to sleep
|rule|Species Clause: Limit one of each Pokémon
|rule|OHKO Clause: OHKO moves are banned
|rule|Moody Clause: Moody is banned
|rule|Evasion Moves Clause: Evasion moves are banned
|rule|Endless Battle Clause: Forcing endless battles is banned
|rule|HP Percentage Mod: HP is shown in percentages
|teampreview
|
|start
|switch|p1a: Medicham|Medicham, F|261\/261
|switch|p2a: Nightmare|Gengar, F, shiny|262\/262
|turn|1
|
|detailschange|p1a: Medicham|Medicham-Mega, F
|message|Medicham has Mega Evolved into Mega Medicham!
|move|p2a: Nightmare|Shadow Ball|p1a: Medicham
|-crit|p1a: Medicham
|-supereffective|p1a: Medicham
|-damage|p1a: Medicham|0 fnt
|faint|p1a: Medicham
|
|
|switch|p1a: Manaphy|Manaphy|373\/373
|turn|2
|
|move|p2a: Nightmare|Shadow Ball|p1a: Manaphy
|-damage|p1a: Manaphy|148\/373
|move|p1a: Manaphy|Psychic|p2a: Nightmare
|-supereffective|p2a: Nightmare
|-damage|p2a: Nightmare|22\/262
|
|-heal|p1a: Manaphy|171\/373|[from] item: Leftovers
|turn|3
|
|switch|p1a: Registeel|Registeel|364\/364
|move|p2a: Nightmare|Shadow Ball|p1a: Registeel
|-damage|p1a: Registeel|240\/364
|
|-heal|p1a: Registeel|262\/364|[from] item: Leftovers
|turn|4
|
|switch|p2a: DDancer|Charizard, M, shiny|297\/297
|move|p1a: Registeel|Thunder Wave|p2a: DDancer
|-status|p2a: DDancer|par
|
|-heal|p1a: Registeel|284\/364|[from] item: Leftovers
|turn|5
|
|switch|p1a: Manaphy|Manaphy|171\/373
|detailschange|p2a: DDancer|Charizard-Mega-Y, M, shiny
|message|Charizard has Mega Evolved into Mega Charizard!
|-weather|SunnyDay
|move|p2a: DDancer|Air Slash|p1a: Manaphy
|-damage|p1a: Manaphy|18\/373
|
|-weather|SunnyDay|[upkeep]
|-heal|p1a: Manaphy|41\/373|[from] item: Leftovers
|turn|6
|
|move|p1a: Manaphy|Tail Glow|p1a: Manaphy
|-boost|p1a: Manaphy|spa|3
|move|p2a: DDancer|Solar Beam|p1a: Manaphy|[still]
|-prepare|p2a: DDancer|Solar Beam|p1a: Manaphy
|-anim|p2a: DDancer|Solar Beam|p1a: Manaphy
|-supereffective|p1a: Manaphy
|-damage|p1a: Manaphy|0 fnt
|faint|p1a: Manaphy
|
|-weather|SunnyDay|[upkeep]
|
|switch|p1a: Registeel|Registeel|284\/364
|turn|7
|-message|MaatMattos forfeited.
|
|win|Hogback_fosh_men
|raw|Ladder updating...
|leave|MaatMattos
|player|p1
|raw|MaatMattos's rating: 1737 &rarr; <strong>1720<\/strong><br \/>(-17 for losing)
|raw|Hogback_fosh_men's rating: 1801 &rarr; <strong>1817<\/strong><br \/>(+16 for winning)