|join|MaatMattos
|join|IIwuewiugrrt
|player|p1|MaatMattos|52
|player|p2|IIwuewiugrrt|170
|gametype|singles
|gen|6
|tier|OU
|rated
|clearpoke
|poke|p1|Manaphy
|poke|p1|Keldeo-Resolute
|poke|p1|Cresselia, F
|poke|p1|Magnezone
|poke|p1|Landorus-Therian, M
|poke|p1|Medicham, M
|poke|p2|Gliscor, F
|poke|p2|Scizor, M
|poke|p2|Rotom-Wash
|poke|p2|Gothitelle, F
|poke|p2|Ditto
|poke|p2|Chansey, F
|rule|Swagger Clause: Swagger is banned
|rule|Baton Pass Clause: Limit one Pokémon knowing Baton Pass
|rule|Sleep Clause Mod: Limit one foe put to sleep
|rule|Species Clause: Limit one of each Pokémon
|rule|OHKO Clause: OHKO moves are banned
|rule|Moody Clause: Moody is banned
|rule|Evasion Moves Clause: Evasion moves are banned
|rule|Endless Battle Clause: Forcing endless battles is banned
|rule|HP Percentage Mod: HP is shown in percentages
|teampreview
|
|start
|switch|p1a: Medicham|Medicham, M|261\/261
|switch|p2a: Gliscor|Gliscor, F|352\/352
|turn|1
|
|switch|p2a: Rotom-Wash|Rotom-Wash|304\/304
|detailschange|p1a: Medicham|Medicham-Mega, M
|message|Medicham has Mega Evolved into Mega Medicham!
|move|p1a: Medicham|Fake Out|p2a: Rotom-Wash
|-damage|p2a: Rotom-Wash|239\/304
|
|-heal|p2a: Rotom-Wash|258\/304|[from] item: Leftovers
|turn|2
|
|switch|p2a: Ditto|Ditto|300\/300
|-transform|p2a: Ditto|p1a: Medicham
|move|p1a: Medicham|High Jump Kick|p2a: Ditto
|-resisted|p2a: Ditto
|-damage|p2a: Ditto|39\/300
|
|turn|3
|
|switch|p2a: Chansey|Chansey, F|704\/704
|switch|p1a: Landorus-Therian|Landorus-Therian, M|381\/381
|-ability|p1a: Landorus-Therian|Intimidate|[of] p2a: Chansey
|-unboost|p2a: Chansey|atk|1
|
|turn|4
|
|move|p1a: Landorus-Therian|Stealth Rock|p2a: Chansey
|-sidestart|p2: IIwuewiugrrt|move: Stealth Rock
|move|p2a: Chansey|Stealth Rock|p1a: Landorus-Therian
|-sidestart|p1: MaatMattos|move: Stealth Rock
|
|turn|5
|
|switch|p2a: Rotom-Wash|Rotom-Wash|258\/304
|-damage|p2a: Rotom-Wash|220\/304|[from] Stealth Rock
|move|p1a: Landorus-Therian|U-turn|p2a: Rotom-Wash
|-damage|p2a: Rotom-Wash|163\/304
|
|switch|p1a: Medicham|Medicham-Mega, M|261\/261
|-damage|p1a: Medicham|245\/261|[from] Stealth Rock
|
|-heal|p2a: Rotom-Wash|182\/304|[from] item: Leftovers
|turn|6
|c|★IIwuewiugrrt|such interesting switches
|
|move|p1a: Medicham|High Jump Kick|p2a: Rotom-Wash
|-damage|p2a: Rotom-Wash|0 fnt
|faint|p2a: Rotom-Wash
|
|
|switch|p2a: Gothitelle|Gothitelle, F|301\/301
|-damage|p2a: Gothitelle|264\/301|[from] Stealth Rock
|turn|7
|
|move|p2a: Gothitelle|Psychic|p1a: Medicham
|-damage|p1a: Medicham|103\/261
|move|p1a: Medicham|Ice Punch|p2a: Gothitelle
|-damage|p2a: Gothitelle|103\/301
|
|turn|8
|
|move|p2a: Gothitelle|Psychic|p1a: Medicham
|-damage|p1a: Medicham|0 fnt
|faint|p1a: Medicham
|
|
|switch|p1a: Magnezone|Magnezone|344\/344
|-damage|p1a: Magnezone|323\/344|[from] Stealth Rock
|turn|9
|
|switch|p2a: Gliscor|Gliscor, F|352\/352
|-damage|p2a: Gliscor|308\/352|[from] Stealth Rock
|move|p1a: Magnezone|Volt Switch|p2a: Gliscor
|-immune|p2a: Gliscor|[msg]
|
|-status|p2a: Gliscor|tox|[from] item: Toxic Orb
|turn|10
|
|switch|p1a: Manaphy|Manaphy|373\/373
|-damage|p1a: Manaphy|327\/373|[from] Stealth Rock
|move|p2a: Gliscor|Substitute|p2a: Gliscor
|-start|p2a: Gliscor|Substitute
|-damage|p2a: Gliscor|220\/352 tox
|
|-heal|p1a: Manaphy|350\/373|[from] item: Leftovers
|-heal|p2a: Gliscor|264\/352 tox|[from] ability: Poison Heal
|turn|11
|
|move|p2a: Gliscor|Toxic|p1a: Manaphy
|-status|p1a: Manaphy|tox
|move|p1a: Manaphy|Tail Glow|p1a: Manaphy
|-boost|p1a: Manaphy|spa|3
|
|-heal|p1a: Manaphy|373\/373 tox|[from] item: Leftovers
|-heal|p2a: Gliscor|308\/352 tox|[from] ability: Poison Heal
|-damage|p1a: Manaphy|350\/373 tox|[from] psn
|turn|12
|
|move|p2a: Gliscor|Protect|p2a: Gliscor
|-singleturn|p2a: Gliscor|Protect
|move|p1a: Manaphy|Tail Glow|p1a: Manaphy
|-boost|p1a: Manaphy|spa|3
|
|-heal|p1a: Manaphy|373\/373 tox|[from] item: Leftovers
|-heal|p2a: Gliscor|352\/352 tox|[from] ability: Poison Heal
|-damage|p1a: Manaphy|327\/373 tox|[from] psn
|turn|13
|
|move|p2a: Gliscor|Earthquake|p1a: Manaphy
|-damage|p1a: Manaphy|219\/373 tox
|move|p1a: Manaphy|Rain Dance|p1a: Manaphy
|-weather|RainDance
|
|-weather|RainDance|[upkeep]
|-curestatus|p1a: Manaphy|tox
|-heal|p1a: Manaphy|242\/373|[from] item: Leftovers
|turn|14
|
|switch|p2a: Gothitelle|Gothitelle, F|103\/301
|-damage|p2a: Gothitelle|66\/301|[from] Stealth Rock
|move|p1a: Manaphy|Scald|p2a: Gothitelle
|-damage|p2a: Gothitelle|0 fnt
|faint|p2a: Gothitelle
|
|-weather|RainDance|[upkeep]
|-heal|p1a: Manaphy|265\/373|[from] item: Leftovers
|
|switch|p2a: Ditto|Ditto|39\/300
|-damage|p2a: Ditto|2\/300|[from] Stealth Rock
|-transform|p2a: Ditto|p1a: Manaphy
|turn|15
|
|switch|p1a: Magnezone|Magnezone|323\/344
|-damage|p1a: Magnezone|302\/344|[from] Stealth Rock
|move|p2a: Ditto|Scald|p1a: Magnezone
|-damage|p1a: Magnezone|0 fnt
|faint|p1a: Magnezone
|
|-weather|RainDance|[upkeep]
|
|switch|p1a: Cresselia|Cresselia, F|444\/444
|-damage|p1a: Cresselia|389\/444|[from] Stealth Rock
|turn|16
|
|move|p2a: Ditto|Scald|p1a: Cresselia
|-damage|p1a: Cresselia|0 fnt
|faint|p1a: Cresselia
|
|-weather|RainDance|[upkeep]
|
|switch|p1a: Keldeo-Resolute|Keldeo-Resolute|323\/323
|-damage|p1a: Keldeo-Resolute|303\/323|[from] Stealth Rock
|turn|17
|
|move|p2a: Ditto|Scald|p1a: Keldeo-Resolute
|-resisted|p1a: Keldeo-Resolute
|-damage|p1a: Keldeo-Resolute|0 fnt
|faint|p1a: Keldeo-Resolute
|
|-weather|none
|
|switch|p1a: Manaphy|Manaphy|265\/373
|-damage|p1a: Manaphy|219\/373|[from] Stealth Rock
|turn|18
|
|move|p2a: Ditto|Scald|p1a: Manaphy
|-resisted|p1a: Manaphy
|-damage|p1a: Manaphy|0 fnt
|faint|p1a: Manaphy
|
|c|★IIwuewiugrrt|gg
|c|★MaatMattos|gg
|c|★MaatMattos|bleh
|-message|MaatMattos forfeited.
|
|win|IIwuewiugrrt
|raw|Ladder updating...
|raw|MaatMattos's rating: 1817 &rarr; <strong>1796<\/strong><br \/>(-21 for losing)
|raw|IIwuewiugrrt's rating: 1805 &rarr; <strong>1825<\/strong><br \/>(+20 for winning)
|leave|MaatMattos
|player|p1
|c|★IIwuewiugrrt|careful