|join|MaatMattos
|join|KwiickFan
|player|p1|MaatMattos|52
|player|p2|KwiickFan|256
|gametype|singles
|gen|6
|tier|OU
|rated
|clearpoke
|poke|p1|Manaphy
|poke|p1|Keldeo-Resolute
|poke|p1|Cresselia, F
|poke|p1|Magnezone
|poke|p1|Landorus-Therian, M
|poke|p1|Medicham, F
|poke|p2|Bisharp, M
|poke|p2|Venusaur, F
|poke|p2|Heatran, M
|poke|p2|Keldeo
|poke|p2|Chansey, F
|poke|p2|Skarmory, F
|rule|Swagger Clause: Swagger is banned
|rule|Baton Pass Clause: Limit one Pokémon knowing Baton Pass
|rule|Sleep Clause Mod: Limit one foe put to sleep
|rule|Species Clause: Limit one of each Pokémon
|rule|OHKO Clause: OHKO moves are banned
|rule|Moody Clause: Moody is banned
|rule|Evasion Moves Clause: Evasion moves are banned
|rule|Endless Battle Clause: Forcing endless battles is banned
|rule|HP Percentage Mod: HP is shown in percentages
|teampreview
|
|start
|switch|p1a: Medicham|Medicham, F|261\/261
|switch|p2a: Skarmory|Skarmory, F|334\/334
|turn|1
|
|detailschange|p1a: Medicham|Medicham-Mega, F
|message|Medicham has Mega Evolved into Mega Medicham!
|move|p1a: Medicham|Fake Out|p2a: Skarmory
|-resisted|p2a: Skarmory
|-damage|p2a: Skarmory|310\/334
|-damage|p1a: Medicham|218\/261|[from] item: Rocky Helmet|[of] p2a: Skarmory
|cant|p2a: Skarmory|flinch
|
|turn|2
|
|move|p1a: Medicham|High Jump Kick|p2a: Skarmory
|-damage|p2a: Skarmory|84\/334
|-damage|p1a: Medicham|175\/261|[from] item: Rocky Helmet|[of] p2a: Skarmory
|move|p2a: Skarmory|Whirlwind|p1a: Medicham
|drag|p1a: Landorus-Therian|Landorus-Therian, M|381\/381
|-ability|p1a: Landorus-Therian|Intimidate|[of] p2a: Skarmory
|-unboost|p2a: Skarmory|atk|1
|
|turn|3
|
|move|p1a: Landorus-Therian|Stealth Rock|p2a: Skarmory
|-sidestart|p2: KwiickFan|move: Stealth Rock
|move|p2a: Skarmory|Spikes|p1a: Landorus-Therian
|-sidestart|p1: MaatMattos|Spikes
|
|turn|4
|
|move|p1a: Landorus-Therian|U-turn|p2a: Skarmory
|-resisted|p2a: Skarmory
|-damage|p2a: Skarmory|73\/334
|-damage|p1a: Landorus-Therian|318\/381|[from] item: Rocky Helmet|[of] p2a: Skarmory
|
|switch|p1a: Magnezone|Magnezone|344\/344
|-damage|p1a: Magnezone|301\/344|[from] Spikes
|move|p2a: Skarmory|Spikes|p1a: Magnezone
|-sidestart|p1: MaatMattos|Spikes
|
|turn|5
|
|move|p2a: Skarmory|Spikes|p1a: Magnezone
|-sidestart|p1: MaatMattos|Spikes
|move|p1a: Magnezone|Volt Switch|p2a: Skarmory
|-supereffective|p2a: Skarmory
|-damage|p2a: Skarmory|0 fnt
|faint|p2a: Skarmory
|
|switch|p1a: Landorus-Therian|Landorus-Therian, M|318\/381
|
|
|switch|p2a: Heatran|Heatran, M|386\/386
|-damage|p2a: Heatran|338\/386|[from] Stealth Rock
|-item|p2a: Heatran|Air Balloon
|turn|6
|
|move|p2a: Heatran|Stealth Rock|p1a: Landorus-Therian
|-sidestart|p1: MaatMattos|move: Stealth Rock
|move|p1a: Landorus-Therian|U-turn|p2a: Heatran
|-resisted|p2a: Heatran
|-damage|p2a: Heatran|320\/386
|-enditem|p2a: Heatran|Air Balloon
|
|switch|p1a: Manaphy|Manaphy|373\/373
|-damage|p1a: Manaphy|327\/373|[from] Stealth Rock
|-damage|p1a: Manaphy|234\/373|[from] Spikes
|
|-heal|p1a: Manaphy|257\/373|[from] item: Leftovers
|turn|7
|
|move|p2a: Heatran|Taunt|p1a: Manaphy
|-start|p1a: Manaphy|move: Taunt
|cant|p1a: Manaphy|move: Taunt|Tail Glow
|
|-heal|p1a: Manaphy|280\/373|[from] item: Leftovers
|turn|8
|
|switch|p2a: Keldeo|Keldeo|323\/323
|-damage|p2a: Keldeo|303\/323|[from] Stealth Rock
|move|p1a: Manaphy|Scald|p2a: Keldeo
|-resisted|p2a: Keldeo
|-damage|p2a: Keldeo|234\/323
|
|-heal|p2a: Keldeo|254\/323|[from] item: Leftovers
|-heal|p1a: Manaphy|303\/373|[from] item: Leftovers
|turn|9
|
|move|p2a: Keldeo|Calm Mind|p2a: Keldeo
|-boost|p2a: Keldeo|spa|1
|-boost|p2a: Keldeo|spd|1
|move|p1a: Manaphy|Psychic|p2a: Keldeo
|-supereffective|p2a: Keldeo
|-damage|p2a: Keldeo|112\/323
|
|-heal|p2a: Keldeo|132\/323|[from] item: Leftovers
|-heal|p1a: Manaphy|326\/373|[from] item: Leftovers
|-end|p1a: Manaphy|move: Taunt
|turn|10
|
|move|p2a: Keldeo|Secret Sword|p1a: Manaphy
|-damage|p1a: Manaphy|119\/373
|move|p1a: Manaphy|Psychic|p2a: Keldeo
|-supereffective|p2a: Keldeo
|-damage|p2a: Keldeo|0 fnt
|faint|p2a: Keldeo
|
|-heal|p1a: Manaphy|142\/373|[from] item: Leftovers
|
|switch|p2a: Chansey|Chansey, F|704\/704
|-damage|p2a: Chansey|616\/704|[from] Stealth Rock
|turn|11
|
|switch|p1a: Landorus-Therian|Landorus-Therian, M|318\/381
|-damage|p1a: Landorus-Therian|271\/381|[from] Stealth Rock
|-ability|p1a: Landorus-Therian|Intimidate|[of] p2a: Chansey
|-unboost|p2a: Chansey|atk|1
|move|p2a: Chansey|Thunder Wave|p1a: Landorus-Therian
|-immune|p1a: Landorus-Therian|[msg]
|
|turn|12
|
|switch|p2a: Venusaur|Venusaur, F|364\/364
|-damage|p2a: Venusaur|319\/364|[from] Stealth Rock
|move|p1a: Landorus-Therian|Earthquake|p2a: Venusaur
|-damage|p2a: Venusaur|184\/364
|
|turn|13
|
|detailschange|p2a: Venusaur|Venusaur-Mega, F
|message|Venusaur has Mega Evolved into Mega Venusaur!
|move|p1a: Landorus-Therian|U-turn|p2a: Venusaur
|-damage|p2a: Venusaur|136\/364
|
|switch|p1a: Medicham|Medicham-Mega, F|175\/261
|-damage|p1a: Medicham|110\/261|[from] Spikes
|-damage|p1a: Medicham|94\/261|[from] Stealth Rock
|move|p2a: Venusaur|Synthesis|p2a: Venusaur
|-heal|p2a: Venusaur|318\/364
|
|turn|14
|
|switch|p2a: Bisharp|Bisharp, M|334\/334
|-damage|p2a: Bisharp|314\/334|[from] Stealth Rock
|move|p1a: Medicham|Fake Out|p2a: Bisharp
|-resisted|p2a: Bisharp
|-damage|p2a: Bisharp|268\/334
|
|-heal|p2a: Bisharp|288\/334|[from] item: Leftovers
|turn|15
|
|move|p2a: Bisharp|Sucker Punch|p1a: Medicham
|-damage|p1a: Medicham|0 fnt
|faint|p1a: Medicham
|
|-heal|p2a: Bisharp|308\/334|[from] item: Leftovers
|
|switch|p1a: Keldeo-Resolute|Keldeo-Resolute|323\/323
|-damage|p1a: Keldeo-Resolute|303\/323|[from] Stealth Rock
|-damage|p1a: Keldeo-Resolute|223\/323|[from] Spikes
|turn|16
|
|switch|p2a: Venusaur|Venusaur-Mega, F|318\/364
|-damage|p2a: Venusaur|273\/364|[from] Stealth Rock
|move|p1a: Keldeo-Resolute|Substitute|p1a: Keldeo-Resolute
|-start|p1a: Keldeo-Resolute|Substitute
|-damage|p1a: Keldeo-Resolute|143\/323
|
|-heal|p1a: Keldeo-Resolute|163\/323|[from] item: Leftovers
|turn|17
|
|move|p1a: Keldeo-Resolute|Calm Mind|p1a: Keldeo-Resolute
|-boost|p1a: Keldeo-Resolute|spa|1
|-boost|p1a: Keldeo-Resolute|spd|1
|move|p2a: Venusaur|Giga Drain|p1a: Keldeo-Resolute
|-supereffective|p1a: Keldeo-Resolute
|-end|p1a: Keldeo-Resolute|Substitute
|-heal|p2a: Venusaur|313\/364|[from] drain|[of] p1a: Keldeo-Resolute
|
|-heal|p1a: Keldeo-Resolute|183\/323|[from] item: Leftovers
|turn|18
|
|move|p1a: Keldeo-Resolute|Scald|p2a: Venusaur
|-resisted|p2a: Venusaur
|-damage|p2a: Venusaur|229\/364
|move|p2a: Venusaur|Giga Drain|p1a: Keldeo-Resolute
|-supereffective|p1a: Keldeo-Resolute
|-damage|p1a: Keldeo-Resolute|27\/323
|-heal|p2a: Venusaur|307\/364|[from] drain|[of] p1a: Keldeo-Resolute
|
|-heal|p1a: Keldeo-Resolute|47\/323|[from] item: Leftovers
|turn|19
|
|move|p1a: Keldeo-Resolute|Scald|p2a: Venusaur
|-resisted|p2a: Venusaur
|-damage|p2a: Venusaur|211\/364
|-status|p2a: Venusaur|brn
|move|p2a: Venusaur|Giga Drain|p1a: Keldeo-Resolute
|-supereffective|p1a: Keldeo-Resolute
|-damage|p1a: Keldeo-Resolute|0 fnt
|-heal|p2a: Venusaur|235\/364 brn|[from] drain|[of] p1a: Keldeo-Resolute
|faint|p1a: Keldeo-Resolute
|
|-damage|p2a: Venusaur|190\/364 brn|[from] brn
|
|switch|p1a: Cresselia|Cresselia, F|444\/444
|-damage|p1a: Cresselia|389\/444|[from] Stealth Rock
|turn|20
|
|switch|p2a: Bisharp|Bisharp, M|308\/334
|-damage|p2a: Bisharp|288\/334|[from] Stealth Rock
|move|p1a: Cresselia|Reflect|p1a: Cresselia
|-sidestart|p1: MaatMattos|Reflect
|
|-heal|p2a: Bisharp|308\/334|[from] item: Leftovers
|turn|21
|
|move|p1a: Cresselia|Thunder Wave|p2a: Bisharp
|-status|p2a: Bisharp|par
|move|p2a: Bisharp|Swords Dance|p2a: Bisharp
|-boost|p2a: Bisharp|atk|2
|
|-heal|p2a: Bisharp|328\/334 par|[from] item: Leftovers
|turn|22
|
|move|p1a: Cresselia|Light Screen|p1a: Cresselia
|-sidestart|p1: MaatMattos|move: Light Screen
|move|p2a: Bisharp|Swords Dance|p2a: Bisharp
|-boost|p2a: Bisharp|atk|2
|
|-heal|p2a: Bisharp|334\/334 par|[from] item: Leftovers
|turn|23
|
|switch|p1a: Magnezone|Magnezone|301\/344
|-damage|p1a: Magnezone|280\/344|[from] Stealth Rock
|-damage|p1a: Magnezone|194\/344|[from] Spikes
|cant|p2a: Bisharp|par
|
|turn|24
|
|move|p2a: Bisharp|Sucker Punch|p1a: Magnezone
|-damage|p1a: Magnezone|0 fnt
|faint|p1a: Magnezone
|
|
|switch|p1a: Landorus-Therian|Landorus-Therian, M|271\/381
|-damage|p1a: Landorus-Therian|224\/381|[from] Stealth Rock
|-ability|p1a: Landorus-Therian|Intimidate|[of] p2a: Bisharp
|-unboost|p2a: Bisharp|atk|1
|-boost|p2a: Bisharp|atk|2|[from] ability: Defiant
|turn|25
|
|move|p2a: Bisharp|Sucker Punch|p1a: Landorus-Therian
|-damage|p1a: Landorus-Therian|9\/381
|-damage|p2a: Bisharp|279\/334 par|[from] item: Rocky Helmet|[of] p1a: Landorus-Therian
|move|p1a: Landorus-Therian|Earthquake|p2a: Bisharp
|-supereffective|p2a: Bisharp
|-damage|p2a: Bisharp|0 fnt
|faint|p2a: Bisharp
|
|
|switch|p2a: Venusaur|Venusaur-Mega, F|190\/364 brn
|-damage|p2a: Venusaur|145\/364 brn|[from] Stealth Rock
|turn|26
|
|move|p1a: Landorus-Therian|Earthquake|p2a: Venusaur
|-damage|p2a: Venusaur|43\/364 brn
|move|p2a: Venusaur|Giga Drain|p1a: Landorus-Therian
|-damage|p1a: Landorus-Therian|0 fnt
|-heal|p2a: Venusaur|48\/364 brn|[from] drain|[of] p1a: Landorus-Therian
|faint|p1a: Landorus-Therian
|
|-damage|p2a: Venusaur|3\/364 brn|[from] brn
|
|switch|p1a: Cresselia|Cresselia, F|389\/444
|-damage|p1a: Cresselia|334\/444|[from] Stealth Rock
|turn|27
|
|move|p1a: Cresselia|Lunar Dance|p1a: Cresselia
|faint|p1a: Cresselia
|move|p2a: Venusaur|Leech Seed|p1: Cresselia|[notarget]
|-notarget
|
|-damage|p2a: Venusaur|0 fnt|[from] brn
|-sideend|p1: MaatMattos|Reflect
|faint|p2a: Venusaur
|
|switch|p2a: Heatran|Heatran, M|320\/386
|-damage|p2a: Heatran|272\/386|[from] Stealth Rock
|switch|p1a: Manaphy|Manaphy|142\/373
|-heal|p1a: Manaphy|373\/373|[from] move: Lunar Dance
|-damage|p1a: Manaphy|327\/373|[from] Stealth Rock
|-damage|p1a: Manaphy|234\/373|[from] Spikes
|turn|28
|
|move|p2a: Heatran|Taunt|p1a: Manaphy
|-start|p1a: Manaphy|move: Taunt
|move|p1a: Manaphy|Scald|p2a: Heatran
|-supereffective|p2a: Heatran
|-damage|p2a: Heatran|24\/386
|
|-heal|p1a: Manaphy|257\/373|[from] item: Leftovers
|turn|29
|
|move|p2a: Heatran|Toxic|p1a: Manaphy
|-status|p1a: Manaphy|tox
|move|p1a: Manaphy|Psychic|p2a: Heatran
|-resisted|p2a: Heatran
|-damage|p2a: Heatran|0 fnt
|faint|p2a: Heatran
|
|-heal|p1a: Manaphy|280\/373 tox|[from] item: Leftovers
|-damage|p1a: Manaphy|257\/373 tox|[from] psn
|-sideend|p1: MaatMattos|move: Light Screen
|
|switch|p2a: Chansey|Chansey, F|616\/704
|-damage|p2a: Chansey|528\/704|[from] Stealth Rock
|turn|30
|
|move|p1a: Manaphy|Scald|p2a: Chansey
|-damage|p2a: Chansey|440\/704
|move|p2a: Chansey|Seismic Toss|p1a: Manaphy
|-damage|p1a: Manaphy|157\/373 tox
|
|-heal|p1a: Manaphy|180\/373 tox|[from] item: Leftovers
|-damage|p1a: Manaphy|134\/373 tox|[from] psn
|-end|p1a: Manaphy|move: Taunt
|turn|31
|
|move|p1a: Manaphy|Rain Dance|p1a: Manaphy
|-weather|RainDance
|move|p2a: Chansey|Seismic Toss|p1a: Manaphy
|-damage|p1a: Manaphy|34\/373 tox
|
|-weather|RainDance|[upkeep]
|-curestatus|p1a: Manaphy|tox
|-heal|p1a: Manaphy|57\/373|[from] item: Leftovers
|turn|32
|
|move|p1a: Manaphy|Scald|p2a: Chansey
|-damage|p2a: Chansey|325\/704
|move|p2a: Chansey|Seismic Toss|p1a: Manaphy
|-damage|p1a: Manaphy|0 fnt
|faint|p1a: Manaphy
|
|win|KwiickFan
|raw|Ladder updating...
|raw|MaatMattos's rating: 1837 &rarr; <strong>1806<\/strong><br \/>(-31 for losing)
|raw|KwiickFan's rating: 1613 &rarr; <strong>1644<\/strong><br \/>(+31 for winning)
|c|★KwiickFan|gg