|join|Bloody Sunday
|join|MaatMattos
|player|p1|Bloody Sunday|68
|player|p2|MaatMattos|52
|gametype|singles
|gen|6
|tier|OU
|rated
|clearpoke
|poke|p1|Bisharp, F
|poke|p1|Venusaur, F
|poke|p1|Heatran, M
|poke|p1|Keldeo
|poke|p1|Chansey, F
|poke|p1|Skarmory, M
|poke|p2|Manaphy
|poke|p2|Keldeo-Resolute
|poke|p2|Cresselia, F
|poke|p2|Trevenant, F
|poke|p2|Landorus-Therian, M
|poke|p2|Medicham, M
|rule|Swagger Clause: Swagger is banned
|rule|Baton Pass Clause: Limit one Pokémon knowing Baton Pass
|rule|Sleep Clause Mod: Limit one foe put to sleep
|rule|Species Clause: Limit one of each Pokémon
|rule|OHKO Clause: OHKO moves are banned
|rule|Moody Clause: Moody is banned
|rule|Evasion Moves Clause: Evasion moves are banned
|rule|Endless Battle Clause: Forcing endless battles is banned
|rule|HP Percentage Mod: HP is shown in percentages
|teampreview
|
|start
|switch|p1a: CleanerThanRotom-W|Skarmory, M|334\/334
|switch|p2a: Medicham|Medicham, M|261\/261
|turn|1
|join|uCan'tSeeMe
|
|detailschange|p2a: Medicham|Medicham-Mega, M
|message|Medicham has Mega Evolved into Mega Medicham!
|move|p2a: Medicham|Fake Out|p1a: CleanerThanRotom-W
|-resisted|p1a: CleanerThanRotom-W
|-damage|p1a: CleanerThanRotom-W|308\/334
|-damage|p2a: Medicham|218\/261|[from] item: Rocky Helmet|[of] p1a: CleanerThanRotom-W
|cant|p1a: CleanerThanRotom-W|flinch
|
|turn|2
|join|CleanerThanRotom-W
|
|move|p2a: Medicham|Thunder Punch|p1a: CleanerThanRotom-W
|-supereffective|p1a: CleanerThanRotom-W
|-damage|p1a: CleanerThanRotom-W|94\/334
|-damage|p2a: Medicham|175\/261|[from] item: Rocky Helmet|[of] p1a: CleanerThanRotom-W
|move|p1a: CleanerThanRotom-W|Spikes|p2a: Medicham
|-sidestart|p2: MaatMattos|Spikes
|
|turn|3
|join|Bloody Climb
|
|move|p2a: Medicham|High Jump Kick|p1a: CleanerThanRotom-W
|-damage|p1a: CleanerThanRotom-W|0 fnt
|-damage|p2a: Medicham|132\/261|[from] item: Rocky Helmet|[of] p1a: CleanerThanRotom-W
|faint|p1a: CleanerThanRotom-W
|
|
|switch|p1a: Jake the ripper|Keldeo|323\/323
|turn|4
|c| CleanerThanRotom-W|why do i always go down first
|
|switch|p2a: Trevenant|Trevenant, F|374\/374
|-damage|p2a: Trevenant|328\/374|[from] Spikes
|move|p1a: Jake the ripper|Scald|p2a: Trevenant
|-resisted|p2a: Trevenant
|-damage|p2a: Trevenant|274\/374
|
|turn|5
|c| CleanerThanRotom-W|lol
|c| CleanerThanRotom-W|LOL
|c| CleanerThanRotom-W|JAKE
|
|switch|p1a: Teleeee is 18|Heatran, M|340\/340
|-item|p1a: Teleeee is 18|Air Balloon
|move|p2a: Trevenant|Confuse Ray|p1a: Teleeee is 18
|-start|p1a: Teleeee is 18|confusion
|
|turn|6
|c| CleanerThanRotom-W|I HAVE TO GET HIM IN HERE
|c| uCan'tSeeMe|AHAHAHAHA
|c| uCan'tSeeMe|LOOOOOL
|c| uCan'tSeeMe|TELEEEEE IS 18
|
|-activate|p1a: Teleeee is 18|confusion
|move|p1a: Teleeee is 18|Stealth Rock|p2a: Trevenant
|-sidestart|p2: MaatMattos|move: Stealth Rock
|move|p2a: Trevenant|Leech Seed|p1a: Teleeee is 18
|-start|p1a: Teleeee is 18|move: Leech Seed
|
|-damage|p1a: Teleeee is 18|298\/340|[from] Leech Seed|[of] p2a: Trevenant
|-heal|p2a: Trevenant|316\/374|[silent]
|turn|7
|
|switch|p1a: LT3A Aka DH|Venusaur, F|364\/364
|switch|p2a: Cresselia|Cresselia, F|444\/444
|-damage|p2a: Cresselia|389\/444|[from] Stealth Rock
|
|turn|8
|c| uCan'tSeeMe|bloody
|join|they call me 190
|c| Bloody Climb|LOL THAT NAME
|c| uCan'tSeeMe|what is going on with you today???
|
|switch|p1a: Teleeee is 18|Heatran, M|298\/340
|-item|p1a: Teleeee is 18|Air Balloon
|move|p2a: Cresselia|Thunder Wave|p1a: Teleeee is 18
|-status|p1a: Teleeee is 18|par
|
|turn|9
|join|jake5alt
|
|move|p2a: Cresselia|Light Screen|p2a: Cresselia
|-sidestart|p2: MaatMattos|move: Light Screen
|move|p1a: Teleeee is 18|Toxic|p2a: Cresselia
|-status|p2a: Cresselia|tox
|
|-damage|p2a: Cresselia|362\/444 tox|[from] psn
|turn|10
|
|move|p2a: Cresselia|Reflect|p2a: Cresselia
|-sidestart|p2: MaatMattos|Reflect
|move|p1a: Teleeee is 18|Taunt|p2a: Cresselia
|-start|p2a: Cresselia|move: Taunt
|
|-damage|p2a: Cresselia|308\/444 tox|[from] psn
|turn|11
|
|switch|p2a: Manaphy|Manaphy|373\/373
|-damage|p2a: Manaphy|327\/373|[from] Stealth Rock
|-damage|p2a: Manaphy|281\/373|[from] Spikes
|move|p1a: Teleeee is 18|Toxic|p2a: Manaphy
|-status|p2a: Manaphy|tox
|
|-heal|p2a: Manaphy|304\/373 tox|[from] item: Leftovers
|-damage|p2a: Manaphy|281\/373 tox|[from] psn
|turn|12
|c| CleanerThanRotom-W|LOL
|c| CleanerThanRotom-W|tele is 18
|c| CleanerThanRotom-W|bloody im done
|c| Bloody Climb|n_n
|join|cosine180
|c| Bloody Climb|wheres leddit
|c| uCan'tSeeMe|bloody is that really u
|
|switch|p1a: Appreciation|Chansey, F|684\/684
|move|p2a: Manaphy|Tail Glow|p2a: Manaphy
|-boost|p2a: Manaphy|spa|3
|
|-heal|p2a: Manaphy|304\/373 tox|[from] item: Leftovers
|-damage|p2a: Manaphy|258\/373 tox|[from] psn
|turn|13
|c|★Bloody Sunday|im a fake
|c| Bloody Climb|n_n im still chansey
|
|move|p2a: Manaphy|Rain Dance|p2a: Manaphy
|-weather|RainDance
|move|p1a: Appreciation|Seismic Toss|p2a: Manaphy
|-damage|p2a: Manaphy|158\/373 tox
|
|-weather|RainDance|[upkeep]
|-curestatus|p2a: Manaphy|tox
|-heal|p2a: Manaphy|181\/373|[from] item: Leftovers
|turn|14
|c| Bloody Climb|yeah
|c| CleanerThanRotom-W|call him ditto seeme
|c| Bloody Climb|i am bloody
|c| CleanerThanRotom-W|lol
|c| Bloody Climb|and bloody sunday is trice
|
|move|p2a: Manaphy|Scald|p1a: Appreciation
|-damage|p1a: Appreciation|404\/684
|move|p1a: Appreciation|Seismic Toss|p2a: Manaphy
|-damage|p2a: Manaphy|81\/373
|
|-weather|RainDance|[upkeep]
|-heal|p2a: Manaphy|104\/373|[from] item: Leftovers
|turn|15
|c| uCan'tSeeMe|u never talk to your fans
|c| Bloody Climb|we exchanged acccounts
|c| Bloody Climb|right bloody fwen? n_n
|
|move|p2a: Manaphy|Scald|p1a: Appreciation
|-damage|p1a: Appreciation|137\/684
|move|p1a: Appreciation|Aromatherapy|p1a: Appreciation
|-cureteam|p1a: Appreciation|[from] move: Aromatherapy
|
|-weather|RainDance|[upkeep]
|-heal|p2a: Manaphy|127\/373|[from] item: Leftovers
|turn|16
|
|move|p2a: Manaphy|Scald|p1a: Appreciation
|-damage|p1a: Appreciation|0 fnt
|faint|p1a: Appreciation
|
|-weather|RainDance|[upkeep]
|-heal|p2a: Manaphy|150\/373|[from] item: Leftovers
|-sideend|p2: MaatMattos|move: Light Screen
|c| CleanerThanRotom-W|oh wait
|c| CleanerThanRotom-W|maat i remember ut team
|c| CleanerThanRotom-W|lol
|
|switch|p1a: Jake the ripper|Keldeo|323\/323
|turn|17
|c| uCan'tSeeMe|sth happened to bloody
|c|★MaatMattos|lol :P
|c| CleanerThanRotom-W|didnt u have a togekiss?
|
|switch|p2a: Cresselia|Cresselia, F|308\/444 tox
|-damage|p2a: Cresselia|253\/444 tox|[from] Stealth Rock
|move|p1a: Jake the ripper|Secret Sword|p2a: Cresselia
|-resisted|p2a: Cresselia
|-damage|p2a: Cresselia|192\/444 tox
|
|-weather|none
|-damage|p2a: Cresselia|165\/444 tox|[from] psn
|-sideend|p2: MaatMattos|Reflect
|turn|18
|c|★MaatMattos|yes i did
|c| CleanerThanRotom-W|at some point
|c| CleanerThanRotom-W|kk
|c| they call me 190|that team
|c|★MaatMattos|but people complained so much about scarf kiss
|c| they call me 190|lmao
|c|★MaatMattos|that i was like oh fuck it i give up lol
|
|switch|p1a: Teleeee is 18|Heatran, M|298\/340
|-item|p1a: Teleeee is 18|Air Balloon
|move|p2a: Cresselia|Thunder Wave|p1a: Teleeee is 18
|-status|p1a: Teleeee is 18|par
|
|-damage|p2a: Cresselia|111\/444 tox|[from] psn
|turn|19
|c| CleanerThanRotom-W|lol
|c| CleanerThanRotom-W|bloody
|c| CleanerThanRotom-W|pls snipe tele on ladder
|c| uCan'tSeeMe|bloody is it ur birthday today or sth
|c| CleanerThanRotom-W|lolol
|
|switch|p1a: Jake the ripper|Keldeo|323\/323
|move|p2a: Cresselia|Light Screen|p2a: Cresselia
|-sidestart|p2: MaatMattos|move: Light Screen
|
|-damage|p2a: Cresselia|30\/444 tox|[from] psn
|turn|20
|
|move|p1a: Jake the ripper|Scald|p2a: Cresselia
|-damage|p2a: Cresselia|0 fnt
|faint|p2a: Cresselia
|
|c| CleanerThanRotom-W|jake the ripper
|c| CleanerThanRotom-W|ok
|
|switch|p2a: Trevenant|Trevenant, F|316\/374
|-damage|p2a: Trevenant|270\/374|[from] Stealth Rock
|-damage|p2a: Trevenant|224\/374|[from] Spikes
|turn|21
|join|hidden a boush
|c| Bloody Climb|ripperd
|
|switch|p1a: LT3A Aka DH|Venusaur, F|364\/364
|move|p2a: Trevenant|Confuse Ray|p1a: LT3A Aka DH
|-start|p1a: LT3A Aka DH|confusion
|
|turn|22
|c| CleanerThanRotom-W|ripped imo
|c| uCan'tSeeMe|does that mean
|
|switch|p1a: Teleeee is 18|Heatran, M|298\/340 par
|-item|p1a: Teleeee is 18|Air Balloon
|move|p2a: Trevenant|Rest|p2a: Trevenant
|-status|p2a: Trevenant|slp
|-heal|p2a: Trevenant|374\/374 slp|[silent]
|-status|p2a: Trevenant|slp|[from] move: Rest
|-enditem|p2a: Trevenant|Lum Berry|[eat]
|-curestatus|p2a: Trevenant|slp
|
|-item|p2a: Trevenant|Lum Berry|[from] ability: Harvest
|turn|23
|c| CleanerThanRotom-W|LT3A AKA DH
|c| CleanerThanRotom-W|CONFIRMED GUYS
|c| uCan'tSeeMe|he participates in olt
|c| cosine180|people complained about scarftogekiss
|join|rodrigo9
|c| cosine180|but not about this
|c| CleanerThanRotom-W|nN-
|
|move|p2a: Trevenant|Leech Seed|p1a: Teleeee is 18
|-start|p1a: Teleeee is 18|move: Leech Seed
|move|p1a: Teleeee is 18|Fire Blast|p2a: Trevenant
|-supereffective|p2a: Trevenant
|-damage|p2a: Trevenant|244\/374
|
|-damage|p1a: Teleeee is 18|256\/340 par|[from] Leech Seed|[of] p2a: Trevenant
|-heal|p2a: Trevenant|286\/374|[silent]
|turn|24
|c| CleanerThanRotom-W|n_n
|c| they call me 190|balk
|c| uCan'tSeeMe|bloody <3
|
|switch|p1a: LT3A Aka DH|Venusaur, F|364\/364
|move|p2a: Trevenant|Curse|p1a: LT3A Aka DH
|-start|p1a: LT3A Aka DH|Curse|[of] p2a: Trevenant
|-damage|p2a: Trevenant|99\/374
|
|-damage|p1a: LT3A Aka DH|273\/364|[from] Curse
|turn|25
|
|switch|p1a: Teleeee is 18|Heatran, M|256\/340 par
|-item|p1a: Teleeee is 18|Air Balloon
|move|p2a: Trevenant|Rest|p2a: Trevenant
|-status|p2a: Trevenant|slp
|-heal|p2a: Trevenant|374\/374 slp|[silent]
|-status|p2a: Trevenant|slp|[from] move: Rest
|-enditem|p2a: Trevenant|Lum Berry|[eat]
|-curestatus|p2a: Trevenant|slp
|
|turn|26
|
|move|p2a: Trevenant|Curse|p1a: Teleeee is 18
|-start|p1a: Teleeee is 18|Curse|[of] p2a: Trevenant
|-damage|p2a: Trevenant|187\/374
|cant|p1a: Teleeee is 18|par
|
|-damage|p1a: Teleeee is 18|171\/340 par|[from] Curse
|-sideend|p2: MaatMattos|move: Light Screen
|turn|27
|
|move|p2a: Trevenant|Confuse Ray|p1a: Teleeee is 18
|-start|p1a: Teleeee is 18|confusion
|-activate|p1a: Teleeee is 18|confusion
|move|p1a: Teleeee is 18|Taunt|p2a: Trevenant
|-start|p2a: Trevenant|move: Taunt
|
|-damage|p1a: Teleeee is 18|86\/340 par|[from] Curse
|-item|p2a: Trevenant|Lum Berry|[from] ability: Harvest
|turn|28
|leave|rodrigo9
|
|switch|p2a: Manaphy|Manaphy|150\/373
|-damage|p2a: Manaphy|104\/373|[from] Spikes
|-damage|p2a: Manaphy|58\/373|[from] Stealth Rock
|-activate|p1a: Teleeee is 18|confusion
|move|p1a: Teleeee is 18|Fire Blast|p2a: Manaphy
|-resisted|p2a: Manaphy
|-damage|p2a: Manaphy|0 fnt
|faint|p2a: Manaphy
|
|-damage|p1a: Teleeee is 18|1\/340 par|[from] Curse
|
|switch|p2a: Trevenant|Trevenant, F|187\/374
|-damage|p2a: Trevenant|141\/374|[from] Stealth Rock
|-damage|p2a: Trevenant|95\/374|[from] Spikes
|turn|29
|
|move|p2a: Trevenant|Rest|p2a: Trevenant
|-status|p2a: Trevenant|slp
|-heal|p2a: Trevenant|374\/374 slp|[silent]
|-status|p2a: Trevenant|slp|[from] move: Rest
|-enditem|p2a: Trevenant|Lum Berry|[eat]
|-curestatus|p2a: Trevenant|slp
|-activate|p1a: Teleeee is 18|confusion
|move|p1a: Teleeee is 18|Fire Blast|p2a: Trevenant
|-supereffective|p2a: Trevenant
|-damage|p2a: Trevenant|86\/374
|
|-damage|p1a: Teleeee is 18|0 fnt|[from] Curse
|faint|p1a: Teleeee is 18
|c| CleanerThanRotom-W|lol
|c| CleanerThanRotom-W|bloody luck
|
|switch|p1a: Jake the ripper|Keldeo|323\/323
|turn|30
|
|move|p1a: Jake the ripper|Hidden Power|p2a: Trevenant
|-supereffective|p2a: Trevenant
|-damage|p2a: Trevenant|0 fnt
|faint|p2a: Trevenant
|
|c| uCan'tSeeMe|bloody keldeo
|
|switch|p2a: Medicham|Medicham-Mega, M|132\/261
|-damage|p2a: Medicham|100\/261|[from] Spikes
|-damage|p2a: Medicham|84\/261|[from] Stealth Rock
|turn|31
|c| Bloody Climb|?
|c| Bloody Climb|?
|
|move|p2a: Medicham|Fake Out|p1a: Jake the ripper
|-damage|p1a: Jake the ripper|221\/323
|cant|p1a: Jake the ripper|flinch
|
|-heal|p1a: Jake the ripper|241\/323|[from] item: Leftovers
|turn|32
|c| they call me 190|wut
|c| Bloody Climb|nice play...
|join|i came♗from leddit
|
|move|p1a: Jake the ripper|Scald|p2a: Medicham
|-crit|p2a: Medicham
|-damage|p2a: Medicham|0 fnt
|faint|p2a: Medicham
|
|-heal|p1a: Jake the ripper|261\/323|[from] item: Leftovers
|c| i came♗from leddit|i have bloody returned..
|c| uCan'tSeeMe|wut
|c| they call me 190|wtf
|c| Bloody Climb|we just lost 19%
|c| Bloody Climb|FUCK!
|c|★MaatMattos|xd
|c| Bloody Climb|leddit
|
|switch|p2a: Landorus-Therian|Landorus-Therian, M|381\/381
|-damage|p2a: Landorus-Therian|334\/381|[from] Stealth Rock
|-ability|p2a: Landorus-Therian|Intimidate|[of] p1a: Jake the ripper
|-unboost|p1a: Jake the ripper|atk|1
|turn|33
|c| Bloody Climb|look at
|c| Bloody Climb|the names
|c| Bloody Climb|especially heatran and keldeo
|
|move|p1a: Jake the ripper|Scald|p2a: Landorus-Therian
|-supereffective|p2a: Landorus-Therian
|-damage|p2a: Landorus-Therian|14\/381
|move|p2a: Landorus-Therian|Explosion|p1a: Jake the ripper
|-damage|p1a: Jake the ripper|0 fnt
|faint|p2a: Landorus-Therian
|faint|p1a: Jake the ripper
|
|c| uCan'tSeeMe|bloody is crazy today
|c| i came♗from leddit|lmao
|
|switch|p2a: Keldeo-Resolute|Keldeo-Resolute|323\/323
|-damage|p2a: Keldeo-Resolute|283\/323|[from] Spikes
|-damage|p2a: Keldeo-Resolute|263\/323|[from] Stealth Rock
|switch|p1a: LT3A Aka DH|Venusaur, F|273\/364
|turn|34
|c| i came♗from leddit|jake the ripper
|c| Bloody Climb|my bloody n_n
|c| CleanerThanRotom-W|tele is 18
|
|detailschange|p1a: LT3A Aka DH|Venusaur-Mega, F
|message|Venusaur has Mega Evolved into Mega Venusaur!
|move|p2a: Keldeo-Resolute|Calm Mind|p2a: Keldeo-Resolute
|-boost|p2a: Keldeo-Resolute|spa|1
|-boost|p2a: Keldeo-Resolute|spd|1
|move|p1a: LT3A Aka DH|Giga Drain|p2a: Keldeo-Resolute
|-supereffective|p2a: Keldeo-Resolute
|-damage|p2a: Keldeo-Resolute|119\/323
|-heal|p1a: LT3A Aka DH|345\/364|[from] drain|[of] p2a: Keldeo-Resolute
|
|-heal|p2a: Keldeo-Resolute|139\/323|[from] item: Leftovers
|turn|35
|c| CleanerThanRotom-W|leddit
|c| CleanerThanRotom-W|im done
|c| CleanerThanRotom-W|LOL
|c| Bloody Climb|o fak
|c| i came♗from leddit|teleeeeee
|c| Bloody Climb|OOO
|c| jake5alt|reveal da hp flynig
|c| CleanerThanRotom-W|also
|c| i came♗from leddit|bloody you should enter the ladder tournament!
|
|move|p2a: Keldeo-Resolute|Scald|p1a: LT3A Aka DH
|-resisted|p1a: LT3A Aka DH
|-damage|p1a: LT3A Aka DH|249\/364
|move|p1a: LT3A Aka DH|Giga Drain|p2a: Keldeo-Resolute
|-supereffective|p2a: Keldeo-Resolute
|-damage|p2a: Keldeo-Resolute|0 fnt
|-heal|p1a: LT3A Aka DH|319\/364|[from] drain|[of] p2a: Keldeo-Resolute
|faint|p2a: Keldeo-Resolute
|
|win|Bloody Sunday
|raw|Ladder updating...
|raw|Bloody Sunday's rating: 1946 &rarr; <strong>1960<\/strong><br \/>(+14 for winning)
|raw|MaatMattos's rating: 1840 &rarr; <strong>1826<\/strong><br \/>(-14 for losing)
|c| i came♗from leddit|you'd win for sure n_n
|c| Bloody Climb|n_n
|c| jake5alt|nope
|leave|MaatMattos
|player|p2
|c| CleanerThanRotom-W|bloody on ladder tourney
|c| CleanerThanRotom-W|has been confirmed
|leave|Bloody Climb
|c| CleanerThanRotom-W|n_n