|join|Ox the Fox
|join|yay3435
|player|p1|Ox the Fox|201
|player|p2|yay3435|265
|gametype|singles
|gen|6
|tier|OU
|rated
|clearpoke
|poke|p1|Azelf
|poke|p1|Breloom, F
|poke|p1|Azumarill, M
|poke|p1|Lopunny, M
|poke|p1|Raikou
|poke|p1|Keldeo
|poke|p2|Slowbro, F
|poke|p2|Landorus-Therian, M
|poke|p2|Scizor, M
|poke|p2|Keldeo
|poke|p2|Clefable, F
|poke|p2|Thundurus, M
|rule|Swagger Clause: Swagger is banned
|rule|Baton Pass Clause: Limit one Pokémon knowing Baton Pass
|rule|Sleep Clause Mod: Limit one foe put to sleep
|rule|Species Clause: Limit one of each Pokémon
|rule|OHKO Clause: OHKO moves are banned
|rule|Moody Clause: Moody is banned
|rule|Evasion Moves Clause: Evasion moves are banned
|rule|Endless Battle Clause: Forcing endless battles is banned
|rule|HP Percentage Mod: HP is shown in percentages
|teampreview
|join|super saiyan kito
|c|★Ox the Fox|glhf
|c|★yay3435|u2
|join|ArtfulMachination
|
|start
|switch|p1a: Lead|Azelf|353\/353
|switch|p2a: Landorus-Therian|Landorus-Therian, M|375\/375
|-ability|p2a: Landorus-Therian|Intimidate|[of] p1a: Lead
|-unboost|p1a: Lead|atk|1
|turn|1
|
|move|p1a: Lead|Stealth Rock|p2a: Landorus-Therian
|-sidestart|p2: yay3435|move: Stealth Rock
|move|p2a: Landorus-Therian|U-turn|p1a: Lead
|-supereffective|p1a: Lead
|-damage|p1a: Lead|167\/353
|
|switch|p2a: Scizor|Scizor, M|343\/343
|-damage|p2a: Scizor|301\/343|[from] Stealth Rock
|
|-heal|p2a: Scizor|322\/343|[from] item: Leftovers
|turn|2
|leave|ArtfulMachination
|
|move|p1a: Lead|Taunt|p2a: Scizor
|-start|p2a: Scizor|move: Taunt
|move|p2a: Scizor|U-turn|p1a: Lead
|-supereffective|p1a: Lead
|-damage|p1a: Lead|0 fnt
|faint|p1a: Lead
|
|switch|p2a: Clefable|Clefable, F|394\/394
|-damage|p2a: Clefable|345\/394|[from] Stealth Rock
|
|-heal|p2a: Clefable|369\/394|[from] item: Leftovers
|leave|super saiyan kito
|
|switch|p1a: I MISS DIGGERS|Breloom, F|261\/261
|turn|3
|
|switch|p2a: Scizor|Scizor, M|322\/343
|-damage|p2a: Scizor|280\/343|[from] Stealth Rock
|move|p1a: I MISS DIGGERS|Spore|p2a: Scizor
|-status|p2a: Scizor|slp
|
|-heal|p2a: Scizor|301\/343 slp|[from] item: Leftovers
|turn|4
|
|switch|p2a: Landorus-Therian|Landorus-Therian, M|375\/375
|-damage|p2a: Landorus-Therian|329\/375|[from] Stealth Rock
|-ability|p2a: Landorus-Therian|Intimidate|[of] p1a: I MISS DIGGERS
|-unboost|p1a: I MISS DIGGERS|atk|1
|move|p1a: I MISS DIGGERS|Swords Dance|p1a: I MISS DIGGERS
|-boost|p1a: I MISS DIGGERS|atk|2
|
|-heal|p2a: Landorus-Therian|352\/375|[from] item: Leftovers
|turn|5
|
|move|p1a: I MISS DIGGERS|Bullet Seed|p2a: Landorus-Therian
|-damage|p2a: Landorus-Therian|271\/375
|-damage|p2a: Landorus-Therian|199\/375
|-hitcount|p2a: Landorus-Therian|2
|move|p2a: Landorus-Therian|Stealth Rock|p1a: I MISS DIGGERS
|-sidestart|p1: Ox the Fox|move: Stealth Rock
|
|-heal|p2a: Landorus-Therian|222\/375|[from] item: Leftovers
|turn|6
|c|★Ox the Fox|3 hits pls
|
|move|p1a: I MISS DIGGERS|Bullet Seed|p2a: Landorus-Therian
|-damage|p2a: Landorus-Therian|149\/375
|-damage|p2a: Landorus-Therian|67\/375
|-damage|p2a: Landorus-Therian|0 fnt
|-hitcount|p2a: Landorus-Therian|3
|faint|p2a: Landorus-Therian
|
|
|switch|p2a: Thundurus|Thundurus, M|298\/298
|-damage|p2a: Thundurus|224\/298|[from] Stealth Rock
|turn|7
|
|move|p2a: Thundurus|Hidden Power|p1a: I MISS DIGGERS
|-supereffective|p1a: I MISS DIGGERS
|-enditem|p1a: I MISS DIGGERS|Focus Sash
|-damage|p1a: I MISS DIGGERS|1\/261
|-damage|p2a: Thundurus|195\/298|[from] item: Life Orb
|move|p1a: I MISS DIGGERS|Bullet Seed|p2a: Thundurus
|-resisted|p2a: Thundurus
|-damage|p2a: Thundurus|133\/298
|-resisted|p2a: Thundurus
|-damage|p2a: Thundurus|70\/298
|-resisted|p2a: Thundurus
|-damage|p2a: Thundurus|5\/298
|-hitcount|p2a: Thundurus|3
|
|turn|8
|
|move|p2a: Thundurus|Thunder Wave|p1a: I MISS DIGGERS
|-status|p1a: I MISS DIGGERS|par
|move|p1a: I MISS DIGGERS|Mach Punch|p2a: Thundurus
|-resisted|p2a: Thundurus
|-damage|p2a: Thundurus|0 fnt
|faint|p2a: Thundurus
|
|
|switch|p2a: Clefable|Clefable, F|369\/394
|-damage|p2a: Clefable|320\/394|[from] Stealth Rock
|turn|9
|
|move|p2a: Clefable|Moonblast|p1a: I MISS DIGGERS
|-supereffective|p1a: I MISS DIGGERS
|-damage|p1a: I MISS DIGGERS|0 fnt
|faint|p1a: I MISS DIGGERS
|
|-heal|p2a: Clefable|344\/394|[from] item: Leftovers
|
|switch|p1a: Standard Pivot|Raikou|321\/321
|-damage|p1a: Standard Pivot|281\/321|[from] Stealth Rock
|-ability|p1a: Standard Pivot|Pressure
|turn|10
|
|move|p1a: Standard Pivot|Thunderbolt|p2a: Clefable
|-damage|p2a: Clefable|196\/394
|move|p2a: Clefable|Wish|p2a: Clefable
|
|-heal|p2a: Clefable|220\/394|[from] item: Leftovers
|turn|11
|join|Cienight
|
|move|p1a: Standard Pivot|Thunderbolt|p2a: Clefable
|-damage|p2a: Clefable|54\/394
|move|p2a: Clefable|Heal Bell|p2a: Clefable
|-cureteam|p2a: Clefable|[from] move: HealBell
|
|-heal|p2a: Clefable|251\/394|[from] move: Wish|[wisher] Clefable
|-heal|p2a: Clefable|275\/394|[from] item: Leftovers
|turn|12
|
|move|p1a: Standard Pivot|Thunderbolt|p2a: Clefable
|-damage|p2a: Clefable|125\/394
|move|p2a: Clefable|Wish|p2a: Clefable
|
|-heal|p2a: Clefable|149\/394|[from] item: Leftovers
|turn|13
|join|TheRakansen
|
|move|p2a: Clefable|Protect|p2a: Clefable
|-singleturn|p2a: Clefable|Protect
|move|p1a: Standard Pivot|Thunderbolt|p2a: Clefable
|-activate|p2a: Clefable|Protect
|
|-heal|p2a: Clefable|346\/394|[from] move: Wish|[wisher] Clefable
|-heal|p2a: Clefable|370\/394|[from] item: Leftovers
|turn|14
|
|switch|p2a: Scizor|Scizor, M|301\/343
|-damage|p2a: Scizor|259\/343|[from] Stealth Rock
|move|p1a: Standard Pivot|Thunderbolt|p2a: Scizor
|-damage|p2a: Scizor|133\/343
|
|-heal|p2a: Scizor|154\/343|[from] item: Leftovers
|turn|15
|
|move|p1a: Standard Pivot|Volt Switch|p2a: Scizor
|-damage|p2a: Scizor|46\/343
|
|switch|p1a: Fuck da police|Keldeo|323\/323
|-damage|p1a: Fuck da police|303\/323|[from] Stealth Rock
|move|p2a: Scizor|Roost|p2a: Scizor
|-heal|p2a: Scizor|218\/343
|
|-heal|p2a: Scizor|239\/343|[from] item: Leftovers
|turn|16
|
|switch|p1a: Standard Pivot|Raikou|281\/321
|-damage|p1a: Standard Pivot|241\/321|[from] Stealth Rock
|-ability|p1a: Standard Pivot|Pressure
|move|p2a: Scizor|Roost|p2a: Scizor
|-heal|p2a: Scizor|343\/343
|
|turn|17
|c|★Ox the Fox|ok
|
|move|p1a: Standard Pivot|Volt Switch|p2a: Scizor
|-damage|p2a: Scizor|235\/343
|
|switch|p1a: Fuck da police|Keldeo|303\/323
|-damage|p1a: Fuck da police|283\/323|[from] Stealth Rock
|move|p2a: Scizor|U-turn|p1a: Fuck da police
|-resisted|p1a: Fuck da police
|-damage|p1a: Fuck da police|226\/323
|
|switch|p2a: Slowbro|Slowbro, F|394\/394
|-damage|p2a: Slowbro|345\/394|[from] Stealth Rock
|
|turn|18
|
|move|p1a: Fuck da police|Scald|p2a: Slowbro
|-resisted|p2a: Slowbro
|-damage|p2a: Slowbro|269\/394
|-status|p2a: Slowbro|brn
|move|p2a: Slowbro|Calm Mind|p2a: Slowbro
|-boost|p2a: Slowbro|spa|1
|-boost|p2a: Slowbro|spd|1
|
|-damage|p2a: Slowbro|220\/394 brn|[from] brn
|turn|19
|
|detailschange|p2a: Slowbro|Slowbro-Mega, F
|-mega|p2a: Slowbro|Slowbro|Slowbronite
|move|p1a: Fuck da police|Scald|p2a: Slowbro
|-resisted|p2a: Slowbro
|-damage|p2a: Slowbro|169\/394 brn
|move|p2a: Slowbro|Rest|p2a: Slowbro
|-status|p2a: Slowbro|slp
|-heal|p2a: Slowbro|394\/394 slp|[silent]
|-status|p2a: Slowbro|slp|[from] move: Rest
|
|turn|20
|
|switch|p1a: Standard Pivot|Raikou|241\/321
|-damage|p1a: Standard Pivot|201\/321|[from] Stealth Rock
|-ability|p1a: Standard Pivot|Pressure
|cant|p2a: Slowbro|slp
|move|p2a: Slowbro|Sleep Talk|p2a: Slowbro
|move|p2a: Slowbro|Rest|p2a: Slowbro|[from]Sleep Talk
|-fail|p2a: Slowbro
|
|turn|21
|
|move|p1a: Standard Pivot|Thunderbolt|p2a: Slowbro
|-supereffective|p2a: Slowbro
|-damage|p2a: Slowbro|196\/394 slp
|cant|p2a: Slowbro|slp
|move|p2a: Slowbro|Sleep Talk|p2a: Slowbro
|move|p2a: Slowbro|Scald|p1a: Standard Pivot|[from]Sleep Talk
|-damage|p1a: Standard Pivot|78\/321
|-status|p1a: Standard Pivot|brn
|
|-damage|p1a: Standard Pivot|38\/321 brn|[from] brn
|turn|22
|c|★Ox the Fox|that's g ame
|c|★Ox the Fox|I lose my player rank
|
|switch|p2a: Clefable|Clefable, F|370\/394
|-damage|p2a: Clefable|321\/394|[from] Stealth Rock
|move|p1a: Standard Pivot|Thunderbolt|p2a: Clefable
|-damage|p2a: Clefable|159\/394
|
|-heal|p2a: Clefable|183\/394|[from] item: Leftovers
|-damage|p1a: Standard Pivot|0 fnt|[from] brn
|faint|p1a: Standard Pivot
|c|★Ox the Fox|:o
|
|switch|p1a: Bunny 1|Azumarill, M|364\/364
|-damage|p1a: Bunny 1|319\/364|[from] Stealth Rock
|turn|23
|c|★Ox the Fox|fuck
|c|★Ox the Fox|I'm about to lose 30 points
|c| TheRakansen|i believe in u
|
|move|p1a: Bunny 1|Knock Off|p2a: Clefable
|-resisted|p2a: Clefable
|-damage|p2a: Clefable|126\/394
|-enditem|p2a: Clefable|Leftovers|[from] move: Knock Off|[of] p1a: Bunny 1
|move|p2a: Clefable|Wish|p2a: Clefable
|
|turn|24
|c|★Ox the Fox|like
|c|★Ox the Fox|why would he keep scizor in on keldeo
|
|move|p2a: Clefable|Protect|p2a: Clefable
|-singleturn|p2a: Clefable|Protect
|move|p1a: Bunny 1|Play Rough|p2a: Clefable
|-activate|p2a: Clefable|Protect
|
|-heal|p2a: Clefable|323\/394|[from] move: Wish|[wisher] Clefable
|turn|25
|
|move|p1a: Bunny 1|Play Rough|p2a: Clefable
|-damage|p2a: Clefable|145\/394
|move|p2a: Clefable|Moonblast|p1a: Bunny 1
|-damage|p1a: Bunny 1|196\/364
|
|turn|26
|c| TheRakansen|idk maybe he knew you thought that
|c|★Ox the Fox|oh
|c|★Ox the Fox|he choked
|c|★Ox the Fox|lol
|c|★yay3435|no
|c|★Ox the Fox|unless miss
|c|★Ox the Fox|D:
|c|★Ox the Fox|yes
|c|★yay3435|cancel button
|c|★yay3435|didn't work
|c|★Ox the Fox|shame
|c|★Ox the Fox|HIT
|c|★Ox the Fox|i deserve this hit
|c| TheRakansen|cancel button is so fkd
|
|move|p1a: Bunny 1|Play Rough|p2a: Clefable
|-damage|p2a: Clefable|0 fnt
|faint|p2a: Clefable
|
|c|★Ox the Fox|ahhh
|c|★Ox the Fox|nice
|
|switch|p2a: Scizor|Scizor, M|235\/343
|-damage|p2a: Scizor|193\/343|[from] Stealth Rock
|turn|27
|c|★Ox the Fox|i can still lose though
|
|switch|p1a: Fuck da police|Keldeo|226\/323
|-damage|p1a: Fuck da police|206\/323|[from] Stealth Rock
|move|p2a: Scizor|Roost|p2a: Scizor
|-heal|p2a: Scizor|343\/343
|
|turn|28
|leave|Cienight
|
|move|p1a: Fuck da police|Scald|p2a: Scizor
|-damage|p2a: Scizor|193\/343
|move|p2a: Scizor|U-turn|p1a: Fuck da police
|-resisted|p1a: Fuck da police
|-damage|p1a: Fuck da police|140\/323
|c|★Ox the Fox|spdf scizor
|c|★Ox the Fox|what
|c|★yay3435|:]
|
|switch|p2a: Slowbro|Slowbro-Mega, F|196\/394 slp
|-damage|p2a: Slowbro|147\/394 slp|[from] Stealth Rock
|
|turn|29
|c|★Ox the Fox|ok i still win
|c|★Ox the Fox|unless burn
|
|switch|p1a: Bunny 1|Azumarill, M|196\/364
|-damage|p1a: Bunny 1|151\/364|[from] Stealth Rock
|-enditem|p1a: Bunny 1|Sitrus Berry|[eat]
|-heal|p1a: Bunny 1|242\/364|[from] item: Sitrus Berry
|-curestatus|p2a: Slowbro|slp
|move|p2a: Slowbro|Rest|p2a: Slowbro
|-status|p2a: Slowbro|slp
|-heal|p2a: Slowbro|394\/394 slp|[silent]
|-status|p2a: Slowbro|slp|[from] move: Rest
|
|turn|30
|c|★Ox the Fox|don't get scald burn
|
|move|p1a: Bunny 1|Belly Drum|p1a: Bunny 1
|-damage|p1a: Bunny 1|60\/364
|-setboost|p1a: Bunny 1|atk|6|[from] move: Belly Drum
|cant|p2a: Slowbro|slp
|move|p2a: Slowbro|Sleep Talk|p2a: Slowbro
|move|p2a: Slowbro|Calm Mind|p2a: Slowbro|[from]Sleep Talk
|-boost|p2a: Slowbro|spa|1
|-boost|p2a: Slowbro|spd|1
|
|turn|31
|c|★Ox the Fox|ok
|
|move|p1a: Bunny 1|Knock Off|p2a: Slowbro
|-supereffective|p2a: Slowbro
|-damage|p2a: Slowbro|0 fnt
|faint|p2a: Slowbro
|
|
|switch|p2a: Scizor|Scizor, M|193\/343
|-damage|p2a: Scizor|151\/343|[from] Stealth Rock
|turn|32
|c|★yay3435|cancel button why
|c|★Ox the Fox|what cancel
|c| TheRakansen|bullet punch?
|
|move|p1a: Bunny 1|Aqua Jet|p2a: Scizor
|-damage|p2a: Scizor|0 fnt
|faint|p2a: Scizor
|
|c|★Ox the Fox|do u even outspeed
|c|★yay3435|if you have max speed
|c|★Ox the Fox|yeah lol
|c|★yay3435|yeah
|c|★Ox the Fox|sry about that cancel before :[
|
|switch|p2a: Keldeo|Keldeo|323\/323
|-damage|p2a: Keldeo|303\/323|[from] Stealth Rock
|turn|33
|c|★yay3435|it's cool :'[
|c|★Ox the Fox|scarf keldeo can win :o
|c|★Ox the Fox|because I don't have fake out on lopunny
|c|★yay3435|oh
|
|move|p1a: Bunny 1|Aqua Jet|p2a: Keldeo
|-resisted|p2a: Keldeo
|-damage|p2a: Keldeo|106\/323
|move|p2a: Keldeo|Secret Sword|p1a: Bunny 1
|-resisted|p1a: Bunny 1
|-damage|p1a: Bunny 1|0 fnt
|faint|p1a: Bunny 1
|
|c| TheRakansen|:0
|c|★Ox the Fox|please don't be scarfed
|c|★Ox the Fox|and win speed tie
|
|switch|p1a: Bunny 2|Lopunny, M|271\/271
|-damage|p1a: Bunny 2|238\/271|[from] Stealth Rock
|turn|34
|c|★yay3435|pssst
|c|★yay3435|I am
|c|★Ox the Fox|fuck
|c| TheRakansen|uh oh
|c|★Ox the Fox|are u really
|c| TheRakansen|RNG gods
|
|detailschange|p1a: Bunny 2|Lopunny-Mega, M
|-mega|p1a: Bunny 2|Lopunny|Lopunnite
|move|p1a: Bunny 2|Quick Attack|p2a: Keldeo
|-damage|p2a: Keldeo|30\/323
|move|p2a: Keldeo|Secret Sword|p1a: Bunny 2
|-supereffective|p1a: Bunny 2
|-damage|p1a: Bunny 2|0 fnt
|faint|p1a: Bunny 2
|
|c| TheRakansen|OH
|c|★Ox the Fox|i lose
|c|★Ox the Fox|im modest
|c|★Ox the Fox|NOOOO
|
|switch|p1a: Fuck da police|Keldeo|140\/323
|-damage|p1a: Fuck da police|120\/323|[from] Stealth Rock
|turn|35
|c|★Ox the Fox|33 POINTS
|c|★yay3435|I'm also modest
|c|★Ox the Fox|oh really
|c| TheRakansen|SPEED TIE?
|
|move|p1a: Fuck da police|Secret Sword|p2a: Keldeo
|-damage|p2a: Keldeo|0 fnt
|faint|p2a: Keldeo
|
|win|Ox the Fox
|raw|Ladder updating...
|c| TheRakansen|__O_O__
|c|★yay3435|gg
|raw|Ox the Fox's rating: 1956 &rarr; <strong>1963<\/strong><br \/>(+7 for winning)
|raw|yay3435's rating: 1688 &rarr; <strong>1681<\/strong><br \/>(-7 for losing)
|c|★Ox the Fox|YES
|c|★Ox the Fox|ARE YOU REALLY MODEST
|c|★Ox the Fox|or specs
|c|★Ox the Fox|lol
|c|★yay3435|yes
|c|★Ox the Fox|wow
|c|★yay3435|scarf modest
|c|★Ox the Fox|1963
|c|★Ox the Fox|quest to 2000 continues
|c|★Ox the Fox|gg :]
|c| TheRakansen|what does scarf modest
|leave|Ox the Fox
|c|★yay3435|good lluck
|c| TheRakansen|help kill>
|c| TheRakansen|?
|join|Ox the Fox
|player|p1
|c|★Ox the Fox|scarf modest does nothing
|c|★Ox the Fox|just timid does nothing as well
|c|★Ox the Fox|I'm going to switch back to timid
|c|★Ox the Fox|because power difference is unnoticable
|c|★Ox the Fox|and I want to win speed ties
|leave|TheRakansen
|leave|yay3435
|player|p2
|join|m00n's blanket
|leave|m00n's blanket
|leave|Ox the Fox