|join|FNH
|join|Ox the Fox
|player|p1|FNH|119
|player|p2|Ox the Fox|201
|gametype|singles
|gen|6
|tier|OU
|clearpoke
|poke|p1|Gallade, M
|poke|p1|Breloom, F
|poke|p1|Rotom-Wash
|poke|p1|Landorus-Therian, M
|poke|p1|Heatran, F
|poke|p1|Starmie
|poke|p2|Politoed, M, shiny
|poke|p2|Kingdra, F
|poke|p2|Gallade, M, shiny
|poke|p2|Tornadus-Therian, M, shiny
|poke|p2|Kabutops, M, shiny
|poke|p2|Ferrothorn, F
|rule|Swagger Clause: Swagger is banned
|rule|Baton Pass Clause: Limit one Pokémon knowing Baton Pass
|rule|Sleep Clause Mod: Limit one foe put to sleep
|rule|Species Clause: Limit one of each Pokémon
|rule|OHKO Clause: OHKO moves are banned
|rule|Moody Clause: Moody is banned
|rule|Evasion Moves Clause: Evasion moves are banned
|rule|Endless Battle Clause: Forcing endless battles is banned
|rule|HP Percentage Mod: HP is shown in percentages
|teampreview
|c|★Ox the Fox|glhf
|c|★FNH|you too
|
|start
|switch|p1a: Rotom-Wash|Rotom-Wash|304\/304
|switch|p2a: Ferrothorn|Ferrothorn, F|352\/352
|turn|1
|
|move|p1a: Rotom-Wash|Will-O-Wisp|p2a: Ferrothorn|[miss]
|-miss|p1a: Rotom-Wash|p2a: Ferrothorn
|move|p2a: Ferrothorn|Stealth Rock|p1a: Rotom-Wash
|-sidestart|p1: FNH|move: Stealth Rock
|
|turn|2
|
|move|p1a: Rotom-Wash|Will-O-Wisp|p2a: Ferrothorn
|-status|p2a: Ferrothorn|brn
|move|p2a: Ferrothorn|Power Whip|p1a: Rotom-Wash
|-supereffective|p1a: Rotom-Wash
|-damage|p1a: Rotom-Wash|206\/304
|
|-heal|p1a: Rotom-Wash|225\/304|[from] item: Leftovers
|-damage|p2a: Ferrothorn|308\/352 brn|[from] brn
|turn|3
|
|switch|p1a: Gallade|Gallade, M|277\/277
|-damage|p1a: Gallade|260\/277|[from] Stealth Rock
|move|p2a: Ferrothorn|Leech Seed|p1a: Gallade
|-start|p1a: Gallade|move: Leech Seed
|
|-heal|p2a: Ferrothorn|330\/352 brn|[from] item: Leftovers
|-damage|p1a: Gallade|226\/277|[from] Leech Seed|[of] p2a: Ferrothorn
|-heal|p2a: Ferrothorn|352\/352 brn|[silent]
|-damage|p2a: Ferrothorn|308\/352 brn|[from] brn
|turn|4
|c|★FNH|lol i have yet to build an ou team
|join|Arcanine is Regal
|c|★Ox the Fox|lol
|
|switch|p2a: Tornadus-Therian|Tornadus-Therian, M, shiny|299\/299
|detailschange|p1a: Gallade|Gallade-Mega, M
|-mega|p1a: Gallade|Gallade|Galladite
|move|p1a: Gallade|Swords Dance|p1a: Gallade
|-boost|p1a: Gallade|atk|2
|
|-damage|p1a: Gallade|192\/277|[from] Leech Seed|[of] p2a: Tornadus-Therian
|turn|5
|c|★FNH|i just lurk tell i see on i like and take it
|c|★Ox the Fox|i better hit
|
|move|p2a: Tornadus-Therian|Hurricane|p1a: Gallade
|-supereffective|p1a: Gallade
|-damage|p1a: Gallade|0 fnt
|-damage|p2a: Tornadus-Therian|270\/299|[from] item: Life Orb
|faint|p1a: Gallade
|
|c|★Ox the Fox|nice
|c|★FNH|i cancelled to get him out
|
|switch|p1a: Landorus-Therian|Landorus-Therian, M|319\/319
|-damage|p1a: Landorus-Therian|280\/319|[from] Stealth Rock
|-ability|p1a: Landorus-Therian|Intimidate|[of] p2a: Tornadus-Therian
|-unboost|p2a: Tornadus-Therian|atk|1
|turn|6
|c|★Ox the Fox|what did you go into
|c|★FNH|cancel button never works
|c|★Ox the Fox|yeah :(
|c|★FNH|prob tran just to keep gallade alive
|c|★Ox the Fox|but then I kill tran :D
|
|move|p1a: Landorus-Therian|Knock Off|p2a: Tornadus-Therian
|-damage|p2a: Tornadus-Therian|130\/299
|-enditem|p2a: Tornadus-Therian|Life Orb|[from] move: Knock Off|[of] p1a: Landorus-Therian
|move|p2a: Tornadus-Therian|U-turn|p1a: Landorus-Therian
|-resisted|p1a: Landorus-Therian
|-damage|p1a: Landorus-Therian|257\/319
|c|★FNH|do you
|
|switch|p2a: Gallade|Gallade, M, shiny|277\/277
|
|turn|7
|c|★FNH|would it kill bulk tran
|
|switch|p1a: Rotom-Wash|Rotom-Wash|225\/304
|-damage|p1a: Rotom-Wash|187\/304|[from] Stealth Rock
|detailschange|p2a: Gallade|Gallade-Mega, M, shiny
|-mega|p2a: Gallade|Gallade|Galladite
|move|p2a: Gallade|Swords Dance|p2a: Gallade
|-boost|p2a: Gallade|atk|2
|
|-heal|p1a: Rotom-Wash|206\/304|[from] item: Leftovers
|turn|8
|
|switch|p1a: Landorus-Therian|Landorus-Therian, M|257\/319
|-damage|p1a: Landorus-Therian|218\/319|[from] Stealth Rock
|-ability|p1a: Landorus-Therian|Intimidate|[of] p2a: Gallade
|-unboost|p2a: Gallade|atk|1
|move|p2a: Gallade|Zen Headbutt|p1a: Landorus-Therian
|-damage|p1a: Landorus-Therian|0 fnt
|faint|p1a: Landorus-Therian
|
|c|★Ox the Fox|mega gallade is awesome on rain
|c|★Ox the Fox|imo
|c|★FNH|he op even with out the rain
|join|sntb.
|c|★Ox the Fox|lol yeah
|c|★Ox the Fox|I think I win now
|
|switch|p1a: Starmie|Starmie|261\/261
|-damage|p1a: Starmie|229\/261|[from] Stealth Rock
|turn|9
|c|★FNH|nah i got this
|c|★FNH|but i wouldnt mind my gallade back
|c|★Ox the Fox|lol I would
|
|move|p1a: Starmie|Scald|p2a: Gallade
|-damage|p2a: Gallade|141\/277
|-damage|p1a: Starmie|203\/261|[from] item: Life Orb
|move|p2a: Gallade|Knock Off|p1a: Starmie
|-supereffective|p1a: Starmie
|-damage|p1a: Starmie|0 fnt
|-enditem|p1a: Starmie|Life Orb|[from] move: Knock Off|[of] p2a: Gallade
|faint|p1a: Starmie
|
|c|★Ox the Fox|are u sure u can beat gallade
|c|★FNH|drat i wanted a burn
|c|★Ox the Fox|lol..
|leave|sntb.
|c|★FNH|yeah it is in the bag
|
|switch|p1a: Breloom|Breloom, F|261\/261
|-damage|p1a: Breloom|245\/261|[from] Stealth Rock
|turn|10
|c|★FNH|it is a crit
|c|★FNH|about ot happen
|c|★Ox the Fox|n
|join|aazazzz
|
|move|p1a: Breloom|Mach Punch|p2a: Gallade
|-resisted|p2a: Gallade
|-damage|p2a: Gallade|84\/277
|move|p2a: Gallade|Close Combat|p1a: Breloom
|-damage|p1a: Breloom|0 fnt
|-unboost|p2a: Gallade|def|1
|-unboost|p2a: Gallade|spd|1
|faint|p1a: Breloom
|
|c|★Ox the Fox|I don't think you should have hard switched into landot
|c|★FNH|prob not... what should i have done?
|
|switch|p1a: Rotom-Wash|Rotom-Wash|206\/304
|-damage|p1a: Rotom-Wash|168\/304|[from] Stealth Rock
|turn|11
|c|★FNH|tried to revenge kill?
|c|★Ox the Fox|sack rotom
|c|★Ox the Fox|or heatran
|c|★FNH|okay
|
|move|p2a: Gallade|Knock Off|p1a: Rotom-Wash
|-damage|p1a: Rotom-Wash|31\/304
|-enditem|p1a: Rotom-Wash|Leftovers|[from] move: Knock Off|[of] p2a: Gallade
|move|p1a: Rotom-Wash|Hydro Pump|p2a: Gallade
|-damage|p2a: Gallade|0 fnt
|faint|p2a: Gallade
|
|c|★Ox the Fox|even though heatran is only thing sotpping kingdra sweep
|c|★Ox the Fox|LOL
|c|★Ox the Fox|WOOPS
|c|★FNH|yeah i got that
|
|switch|p2a: Politoed|Politoed, M, shiny|383\/383
|-weather|RainDance
|turn|12
|c|★Ox the Fox|the 6-0 :[
|c|★FNH|not i am gonna win lol
|
|move|p1a: Rotom-Wash|Pain Split|p2a: Politoed
|-sethp|p2a: Politoed|207\/383|p1a: Rotom-Wash|207\/304|[from] move: Pain Split
|move|p2a: Politoed|Toxic|p1a: Rotom-Wash
|-status|p1a: Rotom-Wash|tox
|
|-weather|RainDance|[upkeep]
|-damage|p1a: Rotom-Wash|188\/304 tox|[from] psn
|turn|13
|c|★FNH|hey at least i am learning about hte gen
|c|★Ox the Fox|yeah :D
|
|move|p1a: Rotom-Wash|Volt Switch|p2a: Politoed
|-supereffective|p2a: Politoed
|-damage|p2a: Politoed|91\/383
|
|switch|p1a: Heatran|Heatran, F|385\/385
|-damage|p1a: Heatran|337\/385|[from] Stealth Rock
|-item|p1a: Heatran|Air Balloon
|move|p2a: Politoed|Scald|p1a: Heatran
|-supereffective|p1a: Heatran
|-damage|p1a: Heatran|145\/385
|-enditem|p1a: Heatran|Air Balloon
|
|-weather|RainDance|[upkeep]
|turn|14
|
|move|p1a: Heatran|Protect|p1a: Heatran
|-singleturn|p1a: Heatran|Protect
|move|p2a: Politoed|Scald|p1a: Heatran
|-activate|p1a: Heatran|Protect
|
|-weather|RainDance|[upkeep]
|turn|15
|
|switch|p1a: Rotom-Wash|Rotom-Wash|188\/304 tox
|-damage|p1a: Rotom-Wash|150\/304 tox|[from] Stealth Rock
|move|p2a: Politoed|Scald|p1a: Rotom-Wash
|-resisted|p1a: Rotom-Wash
|-damage|p1a: Rotom-Wash|86\/304 tox
|
|-weather|RainDance|[upkeep]
|-damage|p1a: Rotom-Wash|67\/304 tox|[from] psn
|turn|16
|join|Savage Alby
|
|switch|p2a: Kingdra|Kingdra, F|291\/291
|move|p1a: Rotom-Wash|Volt Switch|p2a: Kingdra
|-damage|p2a: Kingdra|206\/291
|
|switch|p1a: Heatran|Heatran, F|145\/385
|-damage|p1a: Heatran|97\/385|[from] Stealth Rock
|
|-weather|RainDance|[upkeep]
|turn|17
|
|move|p2a: Kingdra|Surf|p1a: Heatran
|-supereffective|p1a: Heatran
|-damage|p1a: Heatran|0 fnt
|faint|p1a: Heatran
|
|-weather|RainDance|[upkeep]
|c|★FNH|i cancelled that for protect
|
|switch|p1a: Rotom-Wash|Rotom-Wash|67\/304 tox
|-damage|p1a: Rotom-Wash|29\/304 tox|[from] Stealth Rock
|turn|18
|c|★FNH|drat
|c|★Ox the Fox|gg
|c|★Ox the Fox|the 6-0
|c|★Ox the Fox|:[
|
|move|p2a: Kingdra|Surf|p1a: Rotom-Wash
|-resisted|p1a: Rotom-Wash
|-damage|p1a: Rotom-Wash|0 fnt
|faint|p1a: Rotom-Wash
|
|win|Ox the Fox
|c|★FNH|nah i got haxed lol
|leave|Ox the Fox
|leave|aazazzz
|player|p2
|leave|FNH
|player|p1
|leave|Arcanine is Regal
|join|Lord Amir
|leave|Lord Amir
|join|Lord Amir