|join|Updated Kanto
|join|Ox the Fox
|player|p1|Updated Kanto|#cpgtan
|player|p2|Ox the Fox|201
|gametype|singles
|gen|6
|tier|OU
|clearpoke
|poke|p1|Abra, F
|poke|p1|Garchomp, F
|poke|p1|Gardevoir, M
|poke|p1|Lanturn, F
|poke|p1|Cresselia, F
|poke|p1|Gourgeist-*, F
|poke|p2|Scizor, F, shiny
|poke|p2|Diggersby, F, shiny
|poke|p2|Raikou, shiny
|poke|p2|Azelf, shiny
|poke|p2|Greninja, F
|poke|p2|Latios, M, shiny
|rule|Swagger Clause: Swagger is banned
|rule|Baton Pass Clause: Limit one Pokémon knowing Baton Pass
|rule|Sleep Clause Mod: Limit one foe put to sleep
|rule|Species Clause: Limit one of each Pokémon
|rule|OHKO Clause: OHKO moves are banned
|rule|Moody Clause: Moody is banned
|rule|Evasion Moves Clause: Evasion moves are banned
|rule|Endless Battle Clause: Forcing endless battles is banned
|rule|HP Percentage Mod: HP is shown in percentages
|teampreview
|join|Gizmo∞
|join|bellicose
|join|HI ROLL
|join|daftmau5
|c|★Ox the Fox|glhf buddy
|c| Gizmo∞|he has
|join|jake5
|join|TheLaughingCats
|c| Gizmo∞|an abra on his team
|join|Squirrelll
|join|dedic
|c| Gizmo∞|if you lose
|c| HI ROLL|ABRA
|c|★Updated Kanto|>they weren't lying
|c| Gizmo∞|quit this game
|c| Gizmo∞|IF YOU LOSE
|c| daftmau5|sick abra
|c| Gizmo∞|QUIT MONS
|join|Mega Buizel
|join|RealGeorgeClooney
|join|scotti
|join|DarkCrimsonz27
|c| HI ROLL|UPDATED KANTO IS LORD
|c| Gizmo∞|ox
|c| Gizmo∞|if you lose man
|c| Gizmo∞|ban showdown from your comp
|c|★Ox the Fox|I'm going to
|join|Chillingtilsweg
|c|★Ox the Fox|I've never beaten updated
|join|Albyness
|join|Vogas
|
|start
|switch|p1a: Lanturn|Lanturn, F|454\/454
|switch|p2a: Azelf|Azelf, shiny|291\/291
|turn|1
|c| Gizmo∞|HE HAS
|c| Gizmo∞|AN ABRA
|join|Jefo
|c| Gizmo∞|AND A
|join|Biz
|
|move|p2a: Azelf|Stealth Rock|p1a: Lanturn
|-sidestart|p1: Updated Kanto|move: Stealth Rock
|move|p1a: Lanturn|Volt Switch|p2a: Azelf
|-damage|p2a: Azelf|194\/291
|c| Gizmo∞|LANTURN
|join|cute trap4
|c| RealGeorgeClooney|mum am I on youtube
|
|switch|p1a: Abra|Abra, F|192\/192
|
|turn|2
|
|switch|p1a: Gourgeist|Gourgeist, F|334\/334
|-damage|p1a: Gourgeist|293\/334|[from] Stealth Rock
|-item|p2a: Azelf|Focus Sash|[from] ability: Frisk|[of] p1a: Gourgeist|[identify]
|move|p2a: Azelf|Fire Blast|p1a: Gourgeist|[miss]
|-miss|p2a: Azelf|p1a: Gourgeist
|
|-heal|p1a: Gourgeist|313\/334|[from] item: Leftovers
|turn|3
|join|hats.marumaru
|c| Gizmo∞|nice!
|c|★Ox the Fox|ur so bad
|c|★Ox the Fox|oml
|
|move|p1a: Gourgeist|Shadow Sneak|p2a: Azelf
|-supereffective|p2a: Azelf
|-damage|p2a: Azelf|68\/291
|move|p2a: Azelf|Fire Blast|p1a: Gourgeist
|-supereffective|p1a: Gourgeist
|-damage|p1a: Gourgeist|0 fnt
|faint|p1a: Gourgeist
|
|join|delimasterer
|join|Outrageous Fortune
|join|Sun of ko
|c|★Updated Kanto|u got a hihg roll
|c|★Ox the Fox|but its k
|join|tester rt
|join|banana11611
|join|ORAS PokeShowdown
|c|★Updated Kanto|high*
|c|★Ox the Fox|bud
|join|SwagBoyTNT
|
|switch|p1a: Abra|Abra, F|192\/192
|turn|4
|c|★Ox the Fox|i just missed
|join|Para Hacks
|leave|SwagBoyTNT
|c|★Updated Kanto|no u didn't
|
|move|p2a: Azelf|Explosion|p1a: Abra
|-enditem|p1a: Abra|Focus Sash
|-damage|p1a: Abra|1\/192
|faint|p2a: Azelf
|move|p1a: Abra|Shadow Ball|p2: Azelf|[notarget]
|-notarget
|
|leave|hats.marumaru
|c| Gizmo∞|ox
|join|Smoking
|c| Gizmo∞|don't fall for traps
|c| banana11611|lol
|join|beppityboopbop
|join|BestGreninjaInOhio
|join|delibird_sweeper
|join|KiraDuskEdge
|join|AvShip on ladder
|c|★Ox the Fox|?
|c| Sun of ko|lol
|c| Gizmo∞|he'll meme the shit outta you
|join|ZenyingMaster
|c| beppityboopbop|WHICH ONE'S POKEZIM
|c| beppityboopbop|AIM
|c| Gizmo∞|just stay calm
|join|shoops
|join|X-45
|join|slim MAttie
|
|switch|p2a: hoes on mah bed|Diggersby, F, shiny|311\/311
|turn|5
|join|That1indian
|join|Pikeldeo
|
|move|p2a: hoes on mah bed|Quick Attack|p1a: Abra
|-damage|p1a: Abra|0 fnt
|-damage|p2a: hoes on mah bed|280\/311|[from] item: Life Orb
|faint|p1a: Abra
|
|
|switch|p1a: Garchomp|Garchomp, F|358\/358
|-damage|p1a: Garchomp|336\/358|[from] Stealth Rock
|turn|6
|join|Specs Fake-Out
|join|One in Training
|c| BestGreninjaInOhio|Diggersby Tho
|leave|X-45
|join|GodofSkill1997
|c|★Ox the Fox|I'll play him like I play the ladder
|join|Dread Arceus
|join|jeronado
|c| Specs Fake-Out|hi shofu!
|
|move|p1a: Garchomp|Outrage|p2a: hoes on mah bed
|-damage|p2a: hoes on mah bed|1\/311
|move|p2a: hoes on mah bed|Earthquake|p1a: Garchomp
|-damage|p1a: Garchomp|23\/358
|-damage|p2a: hoes on mah bed|0 fnt|[from] item: Life Orb
|faint|p2a: hoes on mah bed
|
|join|ke kt us
|c| bellicose|shofu!!!
|c| BestGreninjaInOhio|Ugh. 20$ Says dat ain't shofu
|c| TheLaughingCats|like utter shit
|leave|delibird_sweeper
|c| TheLaughingCats|?
|c| TheLaughingCats|!
|c| ke kt us|lol cpg vs cpg
|leave|That1indian
|c|★Ox the Fox|who the fuck posted in ou
|c|★Ox the Fox|no
|c| BestGreninjaInOhio|I don't wanna say it's not him,
|c|★Ox the Fox|fuck cpg
|c| ke kt us|i think ox the fox is the best cpg
|c| BestGreninjaInOhio|But eh
|c| Albyness|lol
|c| Dread Arceus|please
|
|switch|p2a: Scizor|Scizor, F, shiny|307\/307
|turn|7
|join|Redvekh
|
|detailschange|p2a: Scizor|Scizor-Mega, F, shiny
|message|Scizor has Mega Evolved into Mega Scizor!
|move|p1a: Garchomp|Outrage|p2a: Scizor
|-resisted|p2a: Scizor
|-damage|p2a: Scizor|234\/307
|move|p2a: Scizor|Swords Dance|p2a: Scizor
|-boost|p2a: Scizor|atk|2
|
|-end|p1a: Garchomp|rampage
|-start|p1a: Garchomp|confusion
|turn|8
|c| Dread Arceus|everybody knows Reverb is Shofu
|c| BestGreninjaInOhio|Ok, which one is "Shofu"?
|
|move|p2a: Scizor|Bullet Punch|p1a: Garchomp
|-damage|p1a: Garchomp|0 fnt
|-damage|p2a: Scizor|196\/307|[from] ability: Rough Skin|[of] p1a: Garchomp
|faint|p1a: Garchomp
|
|
|switch|p1a: Lanturn|Lanturn, F|454\/454
|-damage|p1a: Lanturn|398\/454|[from] Stealth Rock
|turn|9
|join|Henry
|join|RequiemX
|join|Maiora
|c| Outrageous Fortune|but I thought I was shofu????
|c| BestGreninjaInOhio|Shofu wouldn't have a Shiny Scizor
|
|move|p2a: Scizor|Bug Bite|p1a: Lanturn
|-damage|p1a: Lanturn|0 fnt
|faint|p1a: Lanturn
|
|c| BestGreninjaInOhio|m8
|c| beppityboopbop|reveal hp fire
|join|6 Banded Things
|leave|delimasterer
|c|★Updated Kanto|i don't play against couter teamers
|c| Dread Arceus|that'll be game
|c|★Updated Kanto|counter*
|c| RealGeorgeClooney|Git gud
|c|★Ox the Fox|u don't play
|leave|slim MAttie
|c| jake5|kantos so bad
|leave|jake5
|c|★Updated Kanto|I only play against the real players......
|c| beppityboopbop|>bitches about cteam
|c|★Ox the Fox|nigga
|-message|Updated Kanto forfeited.
|
|win|Ox the Fox
|leave|tester rt
|c| beppityboopbop|>HAS A FUCKING ABRA
|leave|Dread Arceus
|leave|Biz
|c|★Ox the Fox|u fucking suck
|leave|dedic
|leave|GodofSkill1997
|c| Para Hacks|EXCUSES
|leave|6 Banded Things
|c| BestGreninjaInOhio|KEK
|leave|AvShip on ladder
|c|★Updated Kanto|lol ok
|c|★Ox the Fox|Updated Kanto forfeited.
|leave|KiraDuskEdge
|c|★Ox the Fox|Updated Kanto forfeited.
|leave|beppityboopbop
|leave|One in Training
|c|★Ox the Fox|Updated Kanto forfeited.
|leave|Henry
|c|★Ox the Fox|Updated Kanto forfeited.
|c| ke kt us|ox is the best
|c|★Ox the Fox|gg n_n
|join|AvShip on ladder
|leave|jeronado
|leave|Ox the Fox
|player|p2
|leave|Specs Fake-Out
|c| Gizmo∞|MEME HIM HARDER OX
|leave|ke kt us
|leave|Updated Kanto
|player|p1
|leave|AvShip on ladder
|leave|Gizmo∞
|leave|ZenyingMaster
|leave|Para Hacks
|leave|TheLaughingCats
|c| RealGeorgeClooney|wow
|leave|RealGeorgeClooney
|leave|Outrageous Fortune
|leave|Pikeldeo
|leave|scotti
|leave|cute trap4
|join|etaoi
|leave|DarkCrimsonz27
|leave|Sun of ko
|leave|shoops
|leave|Jefo
|leave|HI ROLL
|leave|Maiora
|leave|Albyness
|leave|Vogas
|leave|RequiemX
|leave|Redvekh
|leave|Squirrelll
|join|Ox the Fox
|leave|Ox the Fox
|join|Ox the Fox
|join|SniffinDrugs
|leave|SniffinDrugs
|leave|Ox the Fox
|leave|ORAS PokeShowdown
|leave|Mega Buizel
|leave|Chillingtilsweg
|join|Jefo
|leave|Jefo
|leave|etaoi
|leave|BestGreninjaInOhio
|leave|bellicose
|leave|banana11611
|join|Vertex
|leave|Vertex
|leave|daftmau5
|join|WafflesXY
|leave|WafflesXY
|join|Death God Anubis
