|join|SMALL ARBOCK
|join|BIG ARBOCK
|player|p1|SMALL ARBOCK|172
|player|p2|BIG ARBOCK|161
|gametype|singles
|gen|6
|tier|OU
|clearpoke
|poke|p1|Tyranitar, M
|poke|p1|Charizard, M
|poke|p1|Excadrill, F
|poke|p1|Venusaur, M
|poke|p1|Scizor, M
|poke|p1|Latios, M
|poke|p2|Tornadus-Therian, M
|poke|p2|Politoed, F
|poke|p2|Kabutops, F
|poke|p2|Ferrothorn, M
|poke|p2|Latias, F
|poke|p2|Mamoswine, F
|rule|Swagger Clause: Swagger is banned
|rule|Baton Pass Clause: Limit one Pokémon knowing Baton Pass
|rule|Sleep Clause Mod: Limit one foe put to sleep
|rule|Species Clause: Limit one of each Pokémon
|rule|OHKO Clause: OHKO moves are banned
|rule|Moody Clause: Moody is banned
|rule|Evasion Moves Clause: Evasion moves are banned
|rule|Endless Battle Clause: Forcing endless battles is banned
|rule|HP Percentage Mod: HP is shown in percentages
|teampreview
|c|★BIG ARBOCK|lool
|c|★SMALL ARBOCK|lol
|c|★BIG ARBOCK|you put tyra and chari
|c|★SMALL ARBOCK|yea its sun-sand offense
|c|★BIG ARBOCK|meani
|c|★BIG ARBOCK|cause i have rain
|c|★BIG ARBOCK|lol
|c|★SMALL ARBOCK|the team i made yesterday
|c|★SMALL ARBOCK|i told u just now
|c|★BIG ARBOCK|yeah
|c|★SMALL ARBOCK|lol
|c|★BIG ARBOCK|ok
|c|★BIG ARBOCK|i will do my best
|
|start
|switch|p1a: Charizard|Charizard, M|297\/297
|switch|p2a: Tornadus-Therian|Tornadus-Therian, M|299\/299
|turn|1
|c|★BIG ARBOCK|o god
|
|move|p2a: Tornadus-Therian|U-turn|p1a: Charizard
|-resisted|p1a: Charizard
|-damage|p1a: Charizard|272\/297
|-damage|p2a: Tornadus-Therian|270\/299|[from] item: Life Orb
|c|★BIG ARBOCK|bastardddd
|
|switch|p2a: Politoed|Politoed, F|383\/383
|-weather|RainDance
|move|p1a: Charizard|Roost|p1a: Charizard
|-heal|p1a: Charizard|297\/297
|
|-weather|RainDance|[upkeep]
|turn|2
|c|★SMALL ARBOCK|lol
|
|switch|p2a: Tornadus-Therian|Tornadus-Therian, M|299\/299
|detailschange|p1a: Charizard|Charizard-Mega-Y, M
|-mega|p1a: Charizard|Charizard|Charizardite Y
|-weather|SunnyDay
|move|p1a: Charizard|Fire Blast|p2a: Tornadus-Therian
|-damage|p2a: Tornadus-Therian|0 fnt
|faint|p2a: Tornadus-Therian
|
|-weather|SunnyDay|[upkeep]
|c|★BIG ARBOCK|omg
|c|★BIG ARBOCK|you
|c|★BIG ARBOCK|perdicted it
|
|switch|p2a: Politoed|Politoed, F|383\/383
|-weather|RainDance
|turn|3
|c|★SMALL ARBOCK|i predicted ferro
|
|switch|p1a: Latios|Latios, M|301\/301
|move|p2a: Politoed|Scald|p1a: Latios
|-resisted|p1a: Latios
|-damage|p1a: Latios|238\/301
|
|-weather|RainDance|[upkeep]
|turn|4
|
|switch|p1a: Charizard|Charizard-Mega-Y, M|297\/297
|-weather|SunnyDay
|switch|p2a: Ferrothorn|Ferrothorn, M|352\/352
|
|-weather|SunnyDay|[upkeep]
|turn|5
|c|★BIG ARBOCK|omg stop
|
|switch|p2a: Politoed|Politoed, F|383\/383
|-weather|RainDance
|move|p1a: Charizard|Focus Blast|p2a: Politoed
|-damage|p2a: Politoed|246\/383
|
|-weather|RainDance|[upkeep]
|turn|6
|
|switch|p1a: Latios|Latios, M|238\/301
|move|p2a: Politoed|Scald|p1a: Latios
|-resisted|p1a: Latios
|-damage|p1a: Latios|183\/301
|
|-weather|RainDance|[upkeep]
|turn|7
|
|switch|p1a: Charizard|Charizard-Mega-Y, M|297\/297
|-weather|SunnyDay
|switch|p2a: Ferrothorn|Ferrothorn, M|352\/352
|
|-weather|SunnyDay|[upkeep]
|turn|8
|c|★BIG ARBOCK|stahp
|
|switch|p2a: Politoed|Politoed, F|246\/383
|-weather|RainDance
|move|p1a: Charizard|Focus Blast|p2a: Politoed
|-damage|p2a: Politoed|100\/383
|
|-weather|RainDance|[upkeep]
|turn|9
|c|★BIG ARBOCK|playing risky
|c|★SMALL ARBOCK|i have the ballz
|
|switch|p2a: Latias|Latias, F|301\/301
|move|p1a: Charizard|Focus Blast|p2a: Latias|[miss]
|-miss|p1a: Charizard|p2a: Latias
|
|-weather|RainDance|[upkeep]
|turn|10
|
|switch|p1a: Scizor|Scizor, M|343\/343
|move|p2a: Latias|Draco Meteor|p1a: Scizor
|-resisted|p1a: Scizor
|-damage|p1a: Scizor|227\/343
|-unboost|p2a: Latias|spa|2
|-damage|p2a: Latias|271\/301|[from] item: Life Orb
|
|-weather|RainDance|[upkeep]
|-heal|p1a: Scizor|248\/343|[from] item: Leftovers
|turn|11
|c|★SMALL ARBOCK|i have a ttar
|c|★SMALL ARBOCK|lol
|c|★BIG ARBOCK|ik
|c|★SMALL ARBOCK|and u stayed in
|c|★BIG ARBOCK|now i'm kinda fucked
|c|★BIG ARBOCK|without tornadus t
|c|★SMALL ARBOCK|lol
|
|switch|p2a: Kabutops|Kabutops, F|261\/261
|move|p1a: Scizor|U-turn|p2a: Kabutops
|-damage|p2a: Kabutops|156\/261
|
|switch|p1a: Charizard|Charizard-Mega-Y, M|297\/297
|-weather|SunnyDay
|
|-weather|SunnyDay|[upkeep]
|turn|12
|
|switch|p2a: Latias|Latias, F|271\/301
|move|p1a: Charizard|Solar Beam|p2a: Latias|[still]
|-prepare|p1a: Charizard|Solar Beam|p2a: Latias
|-anim|p1a: Charizard|Solar Beam|p2a: Latias
|-resisted|p2a: Latias
|-damage|p2a: Latias|205\/301
|
|-weather|SunnyDay|[upkeep]
|turn|13
|c|★BIG ARBOCK|thats
|c|★BIG ARBOCK|impossible
|c|★BIG ARBOCK|venu mega and latios and tyra and chari y
|c|★SMALL ARBOCK|whats impossible?
|c|★BIG ARBOCK|how could i win
|c|★SMALL ARBOCK|yea
|c|★BIG ARBOCK|lol
|c|★SMALL ARBOCK|tbh i feel bad for using
|c|★SMALL ARBOCK|dual weather
|c|★SMALL ARBOCK|lol
|
|switch|p2a: Politoed|Politoed, F|100\/383
|-weather|RainDance
|move|p1a: Charizard|Roost|p1a: Charizard
|-fail|p1a: Charizard
|
|-weather|RainDance|[upkeep]
|turn|14
|
|switch|p2a: Latias|Latias, F|205\/301
|move|p1a: Charizard|Focus Blast|p2a: Latias
|-resisted|p2a: Latias
|-damage|p2a: Latias|132\/301
|
|-weather|RainDance|[upkeep]
|turn|15
|c|★BIG ARBOCK|k
|
|switch|p1a: Tyranitar|Tyranitar, M|404\/404
|-weather|Sandstorm
|move|p2a: Latias|Draco Meteor|p1a: Tyranitar
|-damage|p1a: Tyranitar|251\/404
|-unboost|p2a: Latias|spa|2
|-damage|p2a: Latias|102\/301|[from] item: Life Orb
|
|-weather|Sandstorm|[upkeep]
|-damage|p2a: Latias|84\/301|[from] sandstorm
|turn|16
|c|★BIG ARBOCK|miss your fblast pls
|c|★BIG ARBOCK|oh god
|c|★BIG ARBOCK|looks scarfed
|c|★SMALL ARBOCK|lol
|
|move|p2a: Latias|Healing Wish|p2a: Latias
|faint|p2a: Latias
|move|p1a: Tyranitar|Pursuit|p2: Latias|[notarget]
|-notarget
|
|-weather|Sandstorm|[upkeep]
|
|switch|p2a: Politoed|Politoed, F|100\/383
|-heal|p2a: Politoed|383\/383|[from] move: Healing Wish
|-weather|RainDance
|turn|17
|c|★SMALL ARBOCK|fak
|c|★BIG ARBOCK|i missclicked
|c|★BIG ARBOCK|no,
|c|★BIG ARBOCK|o
|c|★BIG ARBOCK|thx
|
|switch|p1a: Venusaur|Venusaur, M|301\/301
|move|p2a: Politoed|Scald|p1a: Venusaur
|-resisted|p1a: Venusaur
|-damage|p1a: Venusaur|238\/301
|-status|p1a: Venusaur|brn
|
|-weather|RainDance|[upkeep]
|-damage|p1a: Venusaur|201\/301 brn|[from] brn
|turn|18
|
|switch|p1a: Charizard|Charizard-Mega-Y, M|297\/297
|-weather|SunnyDay
|switch|p2a: Ferrothorn|Ferrothorn, M|352\/352
|
|-weather|SunnyDay|[upkeep]
|turn|19
|c|★BIG ARBOCK|a bit of karma
|c|★BIG ARBOCK|lol
|c|★BIG ARBOCK|omg
|c|★BIG ARBOCK|stop
|
|switch|p2a: Politoed|Politoed, F|383\/383
|-weather|RainDance
|move|p1a: Charizard|Fire Blast|p2a: Politoed|[miss]
|-miss|p1a: Charizard|p2a: Politoed
|
|-weather|RainDance|[upkeep]
|turn|20
|
|switch|p1a: Venusaur|Venusaur, M|201\/301 brn
|move|p2a: Politoed|Scald|p1a: Venusaur
|-resisted|p1a: Venusaur
|-damage|p1a: Venusaur|135\/301 brn
|
|-weather|RainDance|[upkeep]
|-damage|p1a: Venusaur|98\/301 brn|[from] brn
|turn|21
|
|switch|p1a: Charizard|Charizard-Mega-Y, M|297\/297
|-weather|SunnyDay
|switch|p2a: Ferrothorn|Ferrothorn, M|352\/352
|
|-weather|SunnyDay|[upkeep]
|turn|22
|c|★BIG ARBOCK|fuck you
|
|switch|p2a: Politoed|Politoed, F|383\/383
|-weather|RainDance
|move|p1a: Charizard|Focus Blast|p2a: Politoed
|-damage|p2a: Politoed|244\/383
|
|-weather|RainDance|[upkeep]
|turn|23
|c|★SMALL ARBOCK|lol
|c|★BIG ARBOCK|and
|c|★BIG ARBOCK|you're never missing your focusd blasts
|c|★BIG ARBOCK|wtf
|c|★SMALL ARBOCK|i dont have switch ins for polo
|c|★BIG ARBOCK|you used it 4 times no?
|c|★SMALL ARBOCK|poli
|c|★BIG ARBOCK|yes you do
|c|★BIG ARBOCK|venu and latios
|c|★SMALL ARBOCK|both are death people
|c|★SMALL ARBOCK|dead
|c|★BIG ARBOCK|how
|
|switch|p1a: Venusaur|Venusaur, M|98\/301 brn
|move|p2a: Politoed|Scald|p1a: Venusaur
|-resisted|p1a: Venusaur
|-damage|p1a: Venusaur|32\/301 brn
|
|-weather|RainDance|[upkeep]
|-damage|p1a: Venusaur|0 fnt|[from] brn
|faint|p1a: Venusaur
|c|★BIG ARBOCK|o
|
|switch|p1a: Tyranitar|Tyranitar, M|251\/404
|-weather|Sandstorm
|turn|24
|c|★BIG ARBOCK|it was offensive wasnt it
|
|switch|p2a: Ferrothorn|Ferrothorn, M|352\/352
|move|p1a: Tyranitar|Stealth Rock|p2a: Ferrothorn
|-sidestart|p2: BIG ARBOCK|move: Stealth Rock
|
|-weather|Sandstorm|[upkeep]
|turn|25
|c|★SMALL ARBOCK|lol
|c|★SMALL ARBOCK|yea
|
|move|p1a: Tyranitar|Superpower|p2a: Ferrothorn
|-supereffective|p2a: Ferrothorn
|-damage|p2a: Ferrothorn|144\/352
|-damage|p1a: Tyranitar|201\/404|[from] ability: Iron Barbs|[of] p2a: Ferrothorn
|-unboost|p1a: Tyranitar|atk|1
|-unboost|p1a: Tyranitar|def|1
|move|p2a: Ferrothorn|Leech Seed|p1a: Tyranitar
|-start|p1a: Tyranitar|move: Leech Seed
|
|-weather|Sandstorm|[upkeep]
|-heal|p2a: Ferrothorn|166\/352|[from] item: Leftovers
|-damage|p1a: Tyranitar|151\/404|[from] Leech Seed|[of] p2a: Ferrothorn
|-heal|p2a: Ferrothorn|216\/352|[silent]
|turn|26
|c|★BIG ARBOCK|you risked
|c|★BIG ARBOCK|your tyra
|c|★BIG ARBOCK|fuck
|c|★SMALL ARBOCK|indeed
|
|switch|p1a: Latios|Latios, M|183\/301
|move|p2a: Ferrothorn|Leech Seed|p1a: Latios
|-start|p1a: Latios|move: Leech Seed
|
|-weather|Sandstorm|[upkeep]
|-damage|p1a: Latios|165\/301|[from] sandstorm
|-heal|p2a: Ferrothorn|238\/352|[from] item: Leftovers
|-damage|p1a: Latios|128\/301|[from] Leech Seed|[of] p2a: Ferrothorn
|-heal|p2a: Ferrothorn|275\/352|[silent]
|turn|27
|c|★SMALL ARBOCK|ugh
|
|move|p1a: Latios|Hidden Power|p2a: Ferrothorn
|-supereffective|p2a: Ferrothorn
|-damage|p2a: Ferrothorn|31\/352
|-damage|p1a: Latios|98\/301|[from] item: Life Orb
|move|p2a: Ferrothorn|Spikes|p1a: Latios
|-sidestart|p1: SMALL ARBOCK|Spikes
|
|-weather|Sandstorm|[upkeep]
|-damage|p1a: Latios|80\/301|[from] sandstorm
|-heal|p2a: Ferrothorn|53\/352|[from] item: Leftovers
|-damage|p1a: Latios|43\/301|[from] Leech Seed|[of] p2a: Ferrothorn
|-heal|p2a: Ferrothorn|90\/352|[silent]
|turn|28
|c|★BIG ARBOCK|nuhhh
|c|★SMALL ARBOCK|wat
|c|★BIG ARBOCK|wtf
|c|★SMALL ARBOCK|it survived
|c|★SMALL ARBOCK|are you max spdef
|c|★BIG ARBOCK|you have a scizor and offensive venu (hp fire?) and chari y
|c|★BIG ARBOCK|and you put hp fire
|c|★BIG ARBOCK|><
|c|★SMALL ARBOCK|yes
|c|★SMALL ARBOCK|i have EQ
|c|★SMALL ARBOCK|too
|c|★BIG ARBOCK|wtf
|c|★BIG ARBOCK|lol
|c|★SMALL ARBOCK|for heatrans
|c|★SMALL ARBOCK|tho exca
|c|★SMALL ARBOCK|and ttar
|
|move|p1a: Latios|Draco Meteor|p2a: Ferrothorn|[miss]
|-miss|p1a: Latios|p2a: Ferrothorn
|move|p2a: Ferrothorn|Gyro Ball|p1a: Latios
|-damage|p1a: Latios|0 fnt
|faint|p1a: Latios
|
|-weather|Sandstorm|[upkeep]
|-heal|p2a: Ferrothorn|112\/352|[from] item: Leftovers
|c|★BIG ARBOCK|uhu
|
|switch|p1a: Excadrill|Excadrill, F|361\/361
|-damage|p1a: Excadrill|316\/361|[from] Spikes
|turn|29
|
|move|p1a: Excadrill|Earthquake|p2a: Ferrothorn
|-damage|p2a: Ferrothorn|0 fnt
|-damage|p1a: Excadrill|280\/361|[from] item: Life Orb
|faint|p2a: Ferrothorn
|
|-weather|Sandstorm|[upkeep]
|c|★BIG ARBOCK|i have a pretty good of killing exca
|c|★BIG ARBOCK|with aqua jet
|c|★BIG ARBOCK|chance
|
|switch|p2a: Kabutops|Kabutops, F|156\/261
|-damage|p2a: Kabutops|124\/261|[from] Stealth Rock
|turn|30
|join|napty
|
|move|p2a: Kabutops|Aqua Jet|p1a: Excadrill
|-supereffective|p1a: Excadrill
|-damage|p1a: Excadrill|0 fnt
|-damage|p2a: Kabutops|98\/261|[from] item: Life Orb
|faint|p1a: Excadrill
|
|-weather|Sandstorm|[upkeep]
|c|★SMALL ARBOCK|wtf
|c|★BIG ARBOCK|napty
|c| napty|re
|c|★SMALL ARBOCK|i forgot
|c|★SMALL ARBOCK|lol
|
|switch|p1a: Scizor|Scizor, M|248\/343
|-damage|p1a: Scizor|206\/343|[from] Spikes
|turn|31
|c| napty|lol you're battling
|c|★BIG ARBOCK|look at how amny focus blasts and double swicthes he did with chari y
|c|★SMALL ARBOCK|lol
|c|★BIG ARBOCK|lol
|c| napty|lol did he miss
|c|★BIG ARBOCK|no
|c|★BIG ARBOCK|never
|c|★BIG ARBOCK|:(
|c| napty|lol
|c|★SMALL ARBOCK|i missed one fire
|c|★SMALL ARBOCK|blast
|c|★BIG ARBOCK|it didnt matter
|c|★BIG ARBOCK|was on poli
|c|★BIG ARBOCK|><
|c|★SMALL ARBOCK|and another focus blast
|c|★SMALL ARBOCK|on lati
|c| napty|where is ur seismitoad
|c|★SMALL ARBOCK|lolol
|
|switch|p2a: Politoed|Politoed, F|244\/383
|-damage|p2a: Politoed|197\/383|[from] Stealth Rock
|-weather|RainDance
|move|p1a: Scizor|Bullet Punch|p2a: Politoed
|-resisted|p2a: Politoed
|-damage|p2a: Politoed|132\/383
|
|-weather|RainDance|[upkeep]
|-heal|p1a: Scizor|227\/343|[from] item: Leftovers
|turn|32
|c|★BIG ARBOCK|i changed the team a bit
|c| napty|thought you needed something that stop volt switching
|c|★SMALL ARBOCK|mamo
|c|★BIG ARBOCK|well mamo
|c|★SMALL ARBOCK|i guess
|c|★BIG ARBOCK|and ferro and latias helps
|c| napty|err
|c|★BIG ARBOCK|they both have hazards
|c| napty|mamo dies to hpump tho
|c|★BIG ARBOCK|ik
|c| napty|is he life orb
|
|switch|p1a: Charizard|Charizard-Mega-Y, M|297\/297
|-weather|SunnyDay
|move|p2a: Politoed|Scald|p1a: Charizard
|-supereffective|p1a: Charizard
|-damage|p1a: Charizard|225\/297
|
|-weather|SunnyDay|[upkeep]
|turn|33
|c|★BIG ARBOCK|yeah
|c|★BIG ARBOCK|i need the power
|c| napty|cool
|
|move|p1a: Charizard|Solar Beam|p2a: Politoed|[still]
|-prepare|p1a: Charizard|Solar Beam|p2a: Politoed
|-anim|p1a: Charizard|Solar Beam|p2a: Politoed
|-supereffective|p2a: Politoed
|-damage|p2a: Politoed|0 fnt
|faint|p2a: Politoed
|
|-weather|SunnyDay|[upkeep]
|c|★BIG ARBOCK|and it has freeze dry
|c|★BIG ARBOCK|and 2koes rotom-w
|c| napty|life orb mamo breaks lando\/rotom core
|
|switch|p2a: Mamoswine|Mamoswine, F|361\/361
|-damage|p2a: Mamoswine|316\/361|[from] Stealth Rock
|turn|34
|c| napty|which is nice
|c|★BIG ARBOCK|yeah
|
|move|p2a: Mamoswine|Ice Shard|p1a: Charizard
|-damage|p1a: Charizard|92\/297
|-damage|p2a: Mamoswine|280\/361|[from] item: Life Orb
|move|p1a: Charizard|Solar Beam|p2a: Mamoswine|[still]
|-prepare|p1a: Charizard|Solar Beam|p2a: Mamoswine
|-anim|p1a: Charizard|Solar Beam|p2a: Mamoswine
|-supereffective|p2a: Mamoswine
|-damage|p2a: Mamoswine|0 fnt
|faint|p2a: Mamoswine
|
|-weather|SunnyDay|[upkeep]
|c| napty|almost half
|c|★BIG ARBOCK|you disgusts me glen :(
|c| napty|with a 40BP move
|c|★BIG ARBOCK|i can't win this
|
|switch|p2a: Kabutops|Kabutops, F|98\/261
|-damage|p2a: Kabutops|66\/261|[from] Stealth Rock
|turn|35
|c|★SMALL ARBOCK|:[
|c| napty|cant touch this
|
|move|p2a: Kabutops|Aqua Jet|p1a: Charizard
|-supereffective|p1a: Charizard
|-damage|p1a: Charizard|0 fnt
|-damage|p2a: Kabutops|40\/261|[from] item: Life Orb
|faint|p1a: Charizard
|
|-weather|SunnyDay|[upkeep]
|
|switch|p1a: Scizor|Scizor, M|227\/343
|-damage|p1a: Scizor|185\/343|[from] Spikes
|turn|36
|c|★BIG ARBOCK|gah
|
|move|p2a: Kabutops|Aqua Jet|p1a: Scizor
|-damage|p1a: Scizor|142\/343
|-damage|p2a: Kabutops|14\/261|[from] item: Life Orb
|move|p1a: Scizor|Bullet Punch|p2a: Kabutops
|-damage|p2a: Kabutops|0 fnt
|faint|p2a: Kabutops
|
|win|SMALL ARBOCK
|c|★BIG ARBOCK|unfair match up imo
|c|★BIG ARBOCK|lolol
|c|★SMALL ARBOCK|yea
|c|★SMALL ARBOCK|ofc
|c|★SMALL ARBOCK|i had dual weather
|c|★BIG ARBOCK|napty
|c|★BIG ARBOCK|and venu and tios
|c|★BIG ARBOCK|><
|c|★BIG ARBOCK|look the first turn
|c|★BIG ARBOCK|how i lost my tornadus t
|c|★BIG ARBOCK|:(
|c|★BIG ARBOCK|lolol
|c|★SMALL ARBOCK|lol
|c|★BIG ARBOCK|i got rekt
|c|★SMALL ARBOCK|i predicted ferro on the solar
|c|★BIG ARBOCK|nah was gonna take the solarbeam the u turn back to politoed
|c|★BIG ARBOCK|i'm gonna try on the ladder
|c|★BIG ARBOCK|lol
|leave|BIG ARBOCK
|player|p2
|leave|napty