|join|BIG ARBOCK
|join|FreeRoamer
|player|p1|BIG ARBOCK|161
|player|p2|FreeRoamer|80
|gametype|singles
|gen|6
|tier|OU
|rated
|clearpoke
|poke|p1|Tornadus-Therian, M
|poke|p1|Politoed, M
|poke|p1|Kabutops, F
|poke|p1|Ferrothorn, F
|poke|p1|Latias, F
|poke|p1|Mamoswine, M
|poke|p2|Bisharp, M
|poke|p2|Talonflame, M
|poke|p2|Azelf
|poke|p2|Rotom-Wash
|poke|p2|Gallade, M
|poke|p2|Azumarill, F
|rule|Swagger Clause: Swagger is banned
|rule|Baton Pass Clause: Limit one Pokémon knowing Baton Pass
|rule|Sleep Clause Mod: Limit one foe put to sleep
|rule|Species Clause: Limit one of each Pokémon
|rule|OHKO Clause: OHKO moves are banned
|rule|Moody Clause: Moody is banned
|rule|Evasion Moves Clause: Evasion moves are banned
|rule|Endless Battle Clause: Forcing endless battles is banned
|rule|HP Percentage Mod: HP is shown in percentages
|teampreview
|join|SMALL ARBOCK
|join|GIANT ARBOCK
|
|start
|switch|p1a: Politoed|Politoed, M|383\/383
|switch|p2a: Azelf|Azelf|291\/291
|-weather|RainDance
|turn|1
|
|switch|p1a: Ferrothorn|Ferrothorn, F|352\/352
|move|p2a: Azelf|Stealth Rock|p1a: Ferrothorn
|-sidestart|p1: BIG ARBOCK|move: Stealth Rock
|
|-weather|RainDance|[upkeep]
|turn|2
|c| SMALL ARBOCK|WHO IS YOUR FAVOURITE ARBOK
|c|★BIG ARBOCK|mm
|c|★BIG ARBOCK|either steelix or abock
|c|★BIG ARBOCK|:)
|c| SMALL ARBOCK|lol
|
|move|p2a: Azelf|Taunt|p1a: Ferrothorn
|-start|p1a: Ferrothorn|move: Taunt
|cant|p1a: Ferrothorn|move: Taunt|Leech Seed
|
|-weather|RainDance|[upkeep]
|turn|3
|c| GIANT ARBOCK|snakes look like dicks
|
|move|p2a: Azelf|Fire Blast|p1a: Ferrothorn
|-crit|p1a: Ferrothorn
|-supereffective|p1a: Ferrothorn
|-damage|p1a: Ferrothorn|116\/352
|move|p1a: Ferrothorn|Gyro Ball|p2a: Azelf
|-damage|p2a: Azelf|63\/291
|
|-weather|RainDance|[upkeep]
|-heal|p1a: Ferrothorn|138\/352|[from] item: Leftovers
|turn|4
|c| SMALL ARBOCK|i meant freeroamer, what size is your arbock
|c|★BIG ARBOCK|you wot
|c| GIANT ARBOCK|mine is 1 inch
|c|★BIG ARBOCK|i fucked up
|c| GIANT ARBOCK|off the ground
|c| SMALL ARBOCK|lol
|
|switch|p1a: Politoed|Politoed, M|383\/383
|-damage|p1a: Politoed|336\/383|[from] Stealth Rock
|move|p2a: Azelf|Fire Blast|p1a: Politoed
|-resisted|p1a: Politoed
|-damage|p1a: Politoed|315\/383
|
|-weather|RainDance|[upkeep]
|turn|5
|
|switch|p1a: Ferrothorn|Ferrothorn, F|138\/352
|-damage|p1a: Ferrothorn|116\/352|[from] Stealth Rock
|move|p2a: Azelf|Explosion|p1a: Ferrothorn
|-resisted|p1a: Ferrothorn
|-damage|p1a: Ferrothorn|9\/352
|faint|p2a: Azelf
|
|-weather|RainDance|[upkeep]
|-heal|p1a: Ferrothorn|31\/352|[from] item: Leftovers
|c| SMALL ARBOCK|he gon explde
|c|★BIG ARBOCK|ik
|c|★BIG ARBOCK|><
|
|switch|p2a: Gallade|Gallade, M|277\/277
|turn|6
|
|detailschange|p2a: Gallade|Gallade-Mega, M
|-mega|p2a: Gallade|Gallade|Galladite
|move|p2a: Gallade|Knock Off|p1a: Ferrothorn
|-damage|p1a: Ferrothorn|0 fnt
|-damage|p2a: Gallade|243\/277|[from] ability: Iron Barbs|[of] p1a: Ferrothorn
|-enditem|p1a: Ferrothorn|Leftovers|[from] move: Knock Off|[of] p2a: Gallade
|faint|p1a: Ferrothorn
|
|-weather|RainDance|[upkeep]
|c| GIANT ARBOCK|those iron barbs damage on explosion was needed
|
|switch|p1a: Tornadus-Therian|Tornadus-Therian, M|299\/299
|-damage|p1a: Tornadus-Therian|225\/299|[from] Stealth Rock
|turn|7
|c| GIANT ARBOCK|were*
|
|switch|p2a: Rotom-Wash|Rotom-Wash|304\/304
|move|p1a: Tornadus-Therian|Hurricane|p2a: Rotom-Wash
|-resisted|p2a: Rotom-Wash
|-damage|p2a: Rotom-Wash|197\/304
|-damage|p1a: Tornadus-Therian|196\/299|[from] item: Life Orb
|
|-weather|RainDance|[upkeep]
|-heal|p2a: Rotom-Wash|216\/304|[from] item: Leftovers
|turn|8
|
|move|p1a: Tornadus-Therian|U-turn|p2a: Rotom-Wash
|-damage|p2a: Rotom-Wash|156\/304
|-damage|p1a: Tornadus-Therian|167\/299|[from] item: Life Orb
|c|★BIG ARBOCK|dat azu scares me
|c| GIANT ARBOCK|this guy's team gets walled by mega slowbro
|
|switch|p1a: Latias|Latias, F|301\/301
|-damage|p1a: Latias|264\/301|[from] Stealth Rock
|move|p2a: Rotom-Wash|Volt Switch|p1a: Latias
|-resisted|p1a: Latias
|-damage|p1a: Latias|228\/301
|c| SMALL ARBOCK|he gon bellydrum and murder you
|
|switch|p2a: Bisharp|Bisharp, M|271\/271
|
|-weather|none
|turn|9
|
|move|p1a: Latias|Draco Meteor|p2a: Bisharp
|-resisted|p2a: Bisharp
|-damage|p2a: Bisharp|102\/271
|-unboost|p1a: Latias|spa|2
|-damage|p1a: Latias|198\/301|[from] item: Life Orb
|move|p2a: Bisharp|Knock Off|p1a: Latias
|-supereffective|p1a: Latias
|-damage|p1a: Latias|0 fnt
|-enditem|p1a: Latias|Life Orb|[from] move: Knock Off|[of] p2a: Bisharp
|-damage|p2a: Bisharp|75\/271|[from] item: Life Orb
|faint|p1a: Latias
|
|c| GIANT ARBOCK|he has pursuit
|c| SMALL ARBOCK|lol
|c| GIANT ARBOCK|i feel like every single bisharp alongside gallade has pursuit
|
|switch|p1a: Kabutops|Kabutops, F|261\/261
|-damage|p1a: Kabutops|229\/261|[from] Stealth Rock
|turn|10
|c| SMALL ARBOCK|no
|
|move|p1a: Kabutops|Aqua Jet|p2a: Bisharp
|-damage|p2a: Bisharp|0 fnt
|-damage|p1a: Kabutops|203\/261|[from] item: Life Orb
|faint|p2a: Bisharp
|
|c| SMALL ARBOCK|dual SD is good too
|
|switch|p2a: Gallade|Gallade-Mega, M|243\/277
|turn|11
|c| GIANT ARBOCK|dual SD doesn't make sense
|c|★BIG ARBOCK|dual sd?
|c|★BIG ARBOCK|wlol wat
|c| SMALL ARBOCK|why not
|c|★BIG ARBOCK|how to dual sd
|c| SMALL ARBOCK|SD on both gallade and bisharp
|c|★BIG ARBOCK|o
|c|★BIG ARBOCK|i see
|c| GIANT ARBOCK|gallade is threatening to your team
|c|★BIG ARBOCK|nah
|c| GIANT ARBOCK|it is
|c|★BIG ARBOCK|i just fucked up with the azelf
|c| GIANT ARBOCK|azelf is so damn annoying
|c|★BIG ARBOCK|lost a turn to the taunt
|c| SMALL ARBOCK|lol
|c|★BIG ARBOCK|and lost it to the fire blast
|c|★BIG ARBOCK|lol
|c| SMALL ARBOCK|you shouldve predicted the azelf lead
|c| GIANT ARBOCK|some azelf run dazzling gleam for sableye
|c| SMALL ARBOCK|and led with mamo
|c|★BIG ARBOCK|idk i'm not used to see azelf
|c| SMALL ARBOCK|azelf ALWAYS LEAD
|
|switch|p1a: Politoed|Politoed, M|315\/383
|-damage|p1a: Politoed|268\/383|[from] Stealth Rock
|-weather|RainDance
|move|p2a: Gallade|Close Combat|p1a: Politoed
|-damage|p1a: Politoed|0 fnt
|-unboost|p2a: Gallade|def|1
|-unboost|p2a: Gallade|spd|1
|faint|p1a: Politoed
|
|-weather|RainDance|[upkeep]
|
|switch|p1a: Kabutops|Kabutops, F|203\/261
|-damage|p1a: Kabutops|171\/261|[from] Stealth Rock
|turn|12
|
|switch|p2a: Talonflame|Talonflame, M|359\/359
|move|p1a: Kabutops|Waterfall|p2a: Talonflame
|-supereffective|p2a: Talonflame
|-damage|p2a: Talonflame|0 fnt
|-damage|p1a: Kabutops|145\/261|[from] item: Life Orb
|faint|p2a: Talonflame
|
|-weather|RainDance|[upkeep]
|
|switch|p2a: Rotom-Wash|Rotom-Wash|156\/304
|turn|13
|c| GIANT ARBOCK|people are stupid to sack a pokemon just to get up rocks
|c| SMALL ARBOCK|flinch!
|c|★BIG ARBOCK|nah
|c|★BIG ARBOCK|azelf is good
|c| SMALL ARBOCK|well hyper offense likes that
|c| SMALL ARBOCK|so why not
|
|move|p1a: Kabutops|Stone Edge|p2a: Rotom-Wash
|-damage|p2a: Rotom-Wash|0 fnt
|-damage|p1a: Kabutops|119\/261|[from] item: Life Orb
|faint|p2a: Rotom-Wash
|
|-weather|RainDance|[upkeep]
|c| SMALL ARBOCK|LOL IT DIES
|c| GIANT ARBOCK|rude
|
|switch|p2a: Azumarill|Azumarill, F|392\/392
|turn|14
|c|★BIG ARBOCK|i'm scared
|
|move|p2a: Azumarill|Aqua Jet|p1a: Kabutops
|-damage|p1a: Kabutops|0 fnt
|faint|p1a: Kabutops
|
|-weather|RainDance|[upkeep]
|c| SMALL ARBOCK|belly and win
|c|★BIG ARBOCK|ye
|c|★BIG ARBOCK|i fucked up so badly with ferro
|c|★BIG ARBOCK|lol
|c| GIANT ARBOCK|if you're scared of a happy bunny
|c| GIANT ARBOCK|what about a fly
|
|switch|p1a: Tornadus-Therian|Tornadus-Therian, M|266\/299
|-damage|p1a: Tornadus-Therian|192\/299|[from] Stealth Rock
|turn|15
|c| SMALL ARBOCK|lol he kinda wins with aqua jet now
|c|★BIG ARBOCK|ofc
|c| GIANT ARBOCK|hes assault vest
|c| SMALL ARBOCK|nvm
|c| SMALL ARBOCK|just confuse him
|c| SMALL ARBOCK|and youll be good
|c|★BIG ARBOCK|pls
|
|move|p1a: Tornadus-Therian|Hurricane|p2a: Azumarill
|-damage|p2a: Azumarill|135\/392
|-start|p2a: Azumarill|confusion
|-damage|p1a: Tornadus-Therian|163\/299|[from] item: Life Orb
|-enditem|p2a: Azumarill|Sitrus Berry|[eat]
|-heal|p2a: Azumarill|233\/392|[from] item: Sitrus Berry
|-activate|p2a: Azumarill|confusion
|-damage|p2a: Azumarill|161\/392|[from] confusion
|
|-weather|RainDance|[upkeep]
|turn|16
|c| SMALL ARBOCK|pls!
|c| GIANT ARBOCK|nice
|c|★BIG ARBOCK|you kidding
|c| SMALL ARBOCK|LOL
|c| GIANT ARBOCK|lol
|c|★FreeRoamer|are you joking
|c|★BIG ARBOCK|loool
|c| SMALL ARBOCK|i predicted it
|c| GIANT ARBOCK|it's skill
|
|-activate|p2a: Azumarill|confusion
|move|p2a: Azumarill|Aqua Jet|p1a: Tornadus-Therian
|-damage|p1a: Tornadus-Therian|0 fnt
|faint|p1a: Tornadus-Therian
|
|-weather|RainDance|[upkeep]
|c| SMALL ARBOCK|so yea
|c| SMALL ARBOCK|lol
|
|switch|p1a: Mamoswine|Mamoswine, M|361\/361
|-damage|p1a: Mamoswine|316\/361|[from] Stealth Rock
|turn|17
|c| SMALL ARBOCK|it dies anyway
|c|★BIG ARBOCK|oh shit
|
|-end|p2a: Azumarill|confusion
|move|p2a: Azumarill|Aqua Jet|p1a: Mamoswine
|-supereffective|p1a: Mamoswine
|-damage|p1a: Mamoswine|0 fnt
|faint|p1a: Mamoswine
|
|win|FreeRoamer
|raw|Ladder updating...
|c| GIANT ARBOCK|predict the confusion and go for eq
|c|★BIG ARBOCK|damn it
|c|★FreeRoamer|gg
|c|★BIG ARBOCK|lol
|c| SMALL ARBOCK|LOL
|c|★BIG ARBOCK|gg
|leave|BIG ARBOCK
|player|p1
|raw|BIG ARBOCK's rating: 1475 &rarr; <strong>1457<\/strong><br \/>(-18 for losing)
|raw|FreeRoamer's rating: 1505 &rarr; <strong>1523<\/strong><br \/>(+18 for winning)