|join|Patodragon.v2
|join|naneek
|player|p1|Patodragon.v2|169
|player|p2|naneek|175
|gametype|singles
|gen|6
|tier|OU
|rated
|clearpoke
|poke|p1|Politoed, M
|poke|p1|Scizor, M
|poke|p1|Kingdra, M
|poke|p1|Ferrothorn, M
|poke|p1|Landorus-Therian, M
|poke|p1|Raikou
|poke|p2|Metagross
|poke|p2|Thundurus, M
|poke|p2|Tyranitar, F
|poke|p2|Keldeo-Resolute
|poke|p2|Latios, M
|poke|p2|Landorus-Therian, M
|rule|Swagger Clause: Swagger is banned
|rule|Baton Pass Clause: Limit one Pokémon knowing Baton Pass
|rule|Sleep Clause Mod: Limit one foe put to sleep
|rule|Species Clause: Limit one of each Pokémon
|rule|OHKO Clause: OHKO moves are banned
|rule|Moody Clause: Moody is banned
|rule|Evasion Moves Clause: Evasion moves are banned
|rule|Endless Battle Clause: Forcing endless battles is banned
|rule|HP Percentage Mod: HP is shown in percentages
|teampreview
|
|start
|switch|p1a: Landorus-Therian|Landorus-Therian, M|319\/319
|switch|p2a: Keldeo-Resolute|Keldeo-Resolute|323\/323
|-ability|p1a: Landorus-Therian|Intimidate|[of] p2a: Keldeo-Resolute
|-unboost|p2a: Keldeo-Resolute|atk|1
|turn|1
|
|move|p1a: Landorus-Therian|U-turn|p2a: Keldeo-Resolute
|-resisted|p2a: Keldeo-Resolute
|-damage|p2a: Keldeo-Resolute|267\/323
|
|switch|p1a: Ferrothorn|Ferrothorn, M|352\/352
|move|p2a: Keldeo-Resolute|Scald|p1a: Ferrothorn
|-resisted|p1a: Ferrothorn
|-damage|p1a: Ferrothorn|261\/352
|-status|p1a: Ferrothorn|brn
|
|-heal|p1a: Ferrothorn|283\/352 brn|[from] item: Leftovers
|-damage|p1a: Ferrothorn|239\/352 brn|[from] brn
|turn|2
|
|switch|p2a: Latios|Latios, M|301\/301
|move|p1a: Ferrothorn|Leech Seed|p2a: Latios
|-start|p2a: Latios|move: Leech Seed
|
|-heal|p1a: Ferrothorn|261\/352 brn|[from] item: Leftovers
|-damage|p2a: Latios|264\/301|[from] Leech Seed|[of] p1a: Ferrothorn
|-heal|p1a: Ferrothorn|298\/352 brn|[silent]
|-damage|p1a: Ferrothorn|254\/352 brn|[from] brn
|turn|3
|
|switch|p1a: Landorus-Therian|Landorus-Therian, M|319\/319
|-ability|p1a: Landorus-Therian|Intimidate|[of] p2a: Latios
|-unboost|p2a: Latios|atk|1
|move|p2a: Latios|Hidden Power|p1a: Landorus-Therian
|-damage|p1a: Landorus-Therian|201\/319
|-damage|p2a: Latios|234\/301|[from] item: Life Orb
|
|-damage|p2a: Latios|197\/301|[from] Leech Seed|[of] p1a: Landorus-Therian
|-heal|p1a: Landorus-Therian|238\/319|[silent]
|turn|4
|
|switch|p2a: Landorus-Therian|Landorus-Therian, M|319\/319
|-ability|p2a: Landorus-Therian|Intimidate|[of] p1a: Landorus-Therian
|-unboost|p1a: Landorus-Therian|atk|1
|move|p1a: Landorus-Therian|U-turn|p2a: Landorus-Therian
|-resisted|p2a: Landorus-Therian
|-damage|p2a: Landorus-Therian|285\/319
|
|switch|p1a: Politoed|Politoed, M|364\/364
|-weather|RainDance
|
|-weather|RainDance|[upkeep]
|turn|5
|
|switch|p1a: Landorus-Therian|Landorus-Therian, M|238\/319
|-ability|p1a: Landorus-Therian|Intimidate|[of] p2a: Landorus-Therian
|-unboost|p2a: Landorus-Therian|atk|1
|move|p2a: Landorus-Therian|U-turn|p1a: Landorus-Therian
|-resisted|p1a: Landorus-Therian
|-damage|p1a: Landorus-Therian|203\/319
|
|switch|p2a: Keldeo-Resolute|Keldeo-Resolute|267\/323
|
|-weather|RainDance|[upkeep]
|turn|6
|
|move|p1a: Landorus-Therian|U-turn|p2a: Keldeo-Resolute
|-resisted|p2a: Keldeo-Resolute
|-damage|p2a: Keldeo-Resolute|213\/323
|
|switch|p1a: Ferrothorn|Ferrothorn, M|254\/352 brn
|move|p2a: Keldeo-Resolute|Secret Sword|p1a: Ferrothorn
|-supereffective|p1a: Ferrothorn
|-damage|p1a: Ferrothorn|0 fnt
|faint|p1a: Ferrothorn
|
|-weather|RainDance|[upkeep]
|
|switch|p1a: Raikou|Raikou|327\/327
|-ability|p1a: Raikou|Pressure
|turn|7
|
|move|p1a: Raikou|Hidden Power|p2a: Keldeo-Resolute
|-resisted|p2a: Keldeo-Resolute
|-damage|p2a: Keldeo-Resolute|161\/323
|move|p2a: Keldeo-Resolute|Secret Sword|p1a: Raikou
|-damage|p1a: Raikou|60\/327
|
|-weather|RainDance|[upkeep]
|turn|8
|
|switch|p1a: Landorus-Therian|Landorus-Therian, M|203\/319
|-ability|p1a: Landorus-Therian|Intimidate|[of] p2a: Keldeo-Resolute
|-unboost|p2a: Keldeo-Resolute|atk|1
|move|p2a: Keldeo-Resolute|Secret Sword|p1a: Landorus-Therian
|-resisted|p1a: Landorus-Therian
|-damage|p1a: Landorus-Therian|92\/319
|
|-weather|RainDance|[upkeep]
|turn|9
|
|move|p1a: Landorus-Therian|U-turn|p2a: Keldeo-Resolute
|-resisted|p2a: Keldeo-Resolute
|-damage|p2a: Keldeo-Resolute|104\/323
|
|switch|p1a: Kingdra|Kingdra, M|291\/291
|move|p2a: Keldeo-Resolute|Secret Sword|p1a: Kingdra
|-damage|p1a: Kingdra|59\/291
|
|-weather|RainDance|[upkeep]
|turn|10
|
|move|p1a: Kingdra|Hydro Pump|p2a: Keldeo-Resolute
|-resisted|p2a: Keldeo-Resolute
|-damage|p2a: Keldeo-Resolute|0 fnt
|-damage|p1a: Kingdra|30\/291|[from] item: Life Orb
|faint|p2a: Keldeo-Resolute
|
|-weather|RainDance|[upkeep]
|
|switch|p2a: Metagross|Metagross|301\/301
|turn|11
|
|switch|p1a: Scizor|Scizor, M|289\/289
|detailschange|p2a: Metagross|Metagross-Mega
|message|Metagross has Mega Evolved into Mega Metagross!
|move|p2a: Metagross|Bullet Punch|p1a: Scizor
|-resisted|p1a: Scizor
|-damage|p1a: Scizor|237\/289
|
|-weather|none
|turn|12
|
|switch|p1a: Landorus-Therian|Landorus-Therian, M|92\/319
|-ability|p1a: Landorus-Therian|Intimidate|[of] p2a: Metagross
|-unboost|p2a: Metagross|atk|1
|move|p2a: Metagross|Earthquake|p1a: Landorus-Therian
|-immune|p1a: Landorus-Therian|[msg]
|
|turn|13
|
|switch|p2a: Landorus-Therian|Landorus-Therian, M|285\/319
|-ability|p2a: Landorus-Therian|Intimidate|[of] p1a: Landorus-Therian
|-unboost|p1a: Landorus-Therian|atk|1
|move|p1a: Landorus-Therian|U-turn|p2a: Landorus-Therian
|-resisted|p2a: Landorus-Therian
|-damage|p2a: Landorus-Therian|250\/319
|
|switch|p1a: Politoed|Politoed, M|364\/364
|-weather|RainDance
|
|-weather|RainDance|[upkeep]
|turn|14
|
|move|p2a: Landorus-Therian|U-turn|p1a: Politoed
|-damage|p1a: Politoed|252\/364
|
|switch|p2a: Latios|Latios, M|197\/301
|move|p1a: Politoed|Hypnosis|p2a: Latios|[miss]
|-miss|p1a: Politoed|p2a: Latios
|
|-weather|RainDance|[upkeep]
|turn|15
|
|switch|p1a: Raikou|Raikou|60\/327
|-ability|p1a: Raikou|Pressure
|move|p2a: Latios|Draco Meteor|p1a: Raikou
|-damage|p1a: Raikou|0 fnt
|-unboost|p2a: Latios|spa|2
|-damage|p2a: Latios|167\/301|[from] item: Life Orb
|faint|p1a: Raikou
|
|-weather|RainDance|[upkeep]
|
|switch|p1a: Kingdra|Kingdra, M|30\/291
|turn|16
|
|switch|p2a: Metagross|Metagross-Mega|301\/301
|move|p1a: Kingdra|Hydro Pump|p2a: Metagross
|-damage|p2a: Metagross|1\/301
|-damage|p1a: Kingdra|1\/291|[from] item: Life Orb
|
|-weather|RainDance|[upkeep]
|turn|17
|
|switch|p1a: Scizor|Scizor, M|237\/289
|move|p2a: Metagross|Bullet Punch|p1a: Scizor
|-resisted|p1a: Scizor
|-damage|p1a: Scizor|183\/289
|
|-weather|RainDance|[upkeep]
|turn|18
|
|switch|p2a: Landorus-Therian|Landorus-Therian, M|250\/319
|-ability|p2a: Landorus-Therian|Intimidate|[of] p1a: Scizor
|-unboost|p1a: Scizor|atk|1
|detailschange|p1a: Scizor|Scizor-Mega, M
|message|Scizor has Mega Evolved into Mega Scizor!
|move|p1a: Scizor|Bullet Punch|p2a: Landorus-Therian
|-damage|p2a: Landorus-Therian|162\/319
|
|-weather|RainDance|[upkeep]
|turn|19
|
|switch|p1a: Landorus-Therian|Landorus-Therian, M|92\/319
|-ability|p1a: Landorus-Therian|Intimidate|[of] p2a: Landorus-Therian
|-unboost|p2a: Landorus-Therian|atk|1
|move|p2a: Landorus-Therian|U-turn|p1a: Landorus-Therian
|-resisted|p1a: Landorus-Therian
|-damage|p1a: Landorus-Therian|58\/319
|
|switch|p2a: Metagross|Metagross-Mega|1\/301
|
|-weather|RainDance|[upkeep]
|turn|20
|
|switch|p1a: Politoed|Politoed, M|252\/364
|move|p2a: Metagross|Bullet Punch|p1a: Politoed
|-resisted|p1a: Politoed
|-damage|p1a: Politoed|186\/364
|
|-weather|none
|turn|21
|
|move|p2a: Metagross|Zen Headbutt|p1a: Politoed
|-damage|p1a: Politoed|0 fnt
|faint|p1a: Politoed
|
|
|switch|p1a: Scizor|Scizor-Mega, M|183\/289
|turn|22
|
|move|p2a: Metagross|Earthquake|p1a: Scizor
|-damage|p1a: Scizor|78\/289
|move|p1a: Scizor|Swords Dance|p1a: Scizor
|-boost|p1a: Scizor|atk|2
|
|turn|23
|
|move|p1a: Scizor|Bullet Punch|p2a: Metagross
|-resisted|p2a: Metagross
|-damage|p2a: Metagross|0 fnt
|faint|p2a: Metagross
|
|
|switch|p2a: Thundurus|Thundurus, M|299\/299
|turn|24
|
|switch|p1a: Landorus-Therian|Landorus-Therian, M|58\/319
|-ability|p1a: Landorus-Therian|Intimidate|[of] p2a: Thundurus
|-unboost|p2a: Thundurus|atk|1
|move|p2a: Thundurus|Thunderbolt|p1a: Landorus-Therian
|-immune|p1a: Landorus-Therian|[msg]
|
|turn|25
|
|move|p1a: Landorus-Therian|Stone Edge|p2a: Thundurus
|-supereffective|p2a: Thundurus
|-damage|p2a: Thundurus|0 fnt
|faint|p2a: Thundurus
|
|
|switch|p2a: Tyranitar|Tyranitar, F|403\/403
|-weather|Sandstorm
|turn|26
|
|switch|p1a: Kingdra|Kingdra, M|1\/291
|move|p2a: Tyranitar|Stealth Rock|p1a: Kingdra
|-sidestart|p1: Patodragon.v2|move: Stealth Rock
|
|-weather|Sandstorm|[upkeep]
|-damage|p1a: Kingdra|0 fnt|[from] sandstorm
|faint|p1a: Kingdra
|
|switch|p1a: Scizor|Scizor-Mega, M|78\/289
|-damage|p1a: Scizor|42\/289|[from] Stealth Rock
|turn|27
|
|move|p1a: Scizor|Superpower|p2a: Tyranitar
|-supereffective|p2a: Tyranitar
|-damage|p2a: Tyranitar|0 fnt
|-unboost|p1a: Scizor|atk|1
|-unboost|p1a: Scizor|def|1
|faint|p2a: Tyranitar
|
|-weather|Sandstorm|[upkeep]
|
|switch|p2a: Landorus-Therian|Landorus-Therian, M|162\/319
|-ability|p2a: Landorus-Therian|Intimidate|[of] p1a: Scizor
|-unboost|p1a: Scizor|atk|1
|turn|28
|
|move|p1a: Scizor|Bullet Punch|p2a: Landorus-Therian
|-crit|p2a: Landorus-Therian
|-damage|p2a: Landorus-Therian|0 fnt
|faint|p2a: Landorus-Therian
|
|-weather|Sandstorm|[upkeep]
|c|★Patodragon.v2|ah man
|c|★Patodragon.v2|im sorry
|c|★naneek|gg
|c|★naneek|it's aight
|
|switch|p2a: Latios|Latios, M|167\/301
|turn|29
|
|move|p1a: Scizor|Bullet Punch|p2a: Latios
|-damage|p2a: Latios|89\/301
|move|p2a: Latios|Hidden Power|p1a: Scizor
|-supereffective|p1a: Scizor
|-damage|p1a: Scizor|0 fnt
|-damage|p2a: Latios|59\/301|[from] item: Life Orb
|faint|p1a: Scizor
|
|-weather|Sandstorm|[upkeep]
|-damage|p2a: Latios|41\/301|[from] sandstorm
|c|★Patodragon.v2|my best hope was a speed tie with lando otherwise
|
|switch|p1a: Landorus-Therian|Landorus-Therian, M|58\/319
|-damage|p1a: Landorus-Therian|19\/319|[from] Stealth Rock
|-ability|p1a: Landorus-Therian|Intimidate|[of] p2a: Latios
|-unboost|p2a: Latios|atk|1
|turn|30
|c|★naneek|yeah it was a 50\/50 anyway
|
|move|p1a: Landorus-Therian|U-turn|p2a: Latios
|-supereffective|p2a: Latios
|-damage|p2a: Latios|0 fnt
|faint|p2a: Latios
|
|win|Patodragon.v2
|raw|Ladder updating...
|c|★Patodragon.v2|and hitting two stone edges :(
|raw|Patodragon.v2's rating: 1640 &rarr; <strong>1659<\/strong><br \/>(+19 for winning)
|raw|naneek's rating: 1620 &rarr; <strong>1601<\/strong><br \/>(-19 for losing)
|c|★naneek|yeah
|leave|naneek
|player|p2