|join|naneek
|join|Camerutt
|player|p1|naneek|2
|player|p2|Camerutt|2
|gametype|singles
|gen|6
|tier|OU
|rated
|clearpoke
|poke|p1|Gyarados, M
|poke|p1|Magnezone
|poke|p1|Talonflame, F
|poke|p1|Latias, F
|poke|p1|Mamoswine, F
|poke|p1|Greninja, F
|poke|p2|Altaria, M
|poke|p2|Latias, F
|poke|p2|Heatran, F
|poke|p2|Ferrothorn, M
|poke|p2|Keldeo-Resolute
|poke|p2|Landorus, M
|rule|Swagger Clause: Swagger is banned
|rule|Baton Pass Clause: Limit one Pokémon knowing Baton Pass
|rule|Sleep Clause Mod: Limit one foe put to sleep
|rule|Species Clause: Limit one of each Pokémon
|rule|OHKO Clause: OHKO moves are banned
|rule|Moody Clause: Moody is banned
|rule|Evasion Moves Clause: Evasion moves are banned
|rule|Endless Battle Clause: Forcing endless battles is banned
|rule|HP Percentage Mod: HP is shown in percentages
|teampreview
|
|start
|switch|p1a: Gyarados|Gyarados, M|331\/331
|switch|p2a: Keldeo-Resolute|Keldeo-Resolute|323\/323
|-ability|p1a: Gyarados|Intimidate|[of] p2a: Keldeo-Resolute
|-unboost|p2a: Keldeo-Resolute|atk|1
|turn|1
|
|switch|p1a: Latias|Latias, F|301\/301
|move|p2a: Keldeo-Resolute|Scald|p1a: Latias
|-resisted|p1a: Latias
|-damage|p1a: Latias|245\/301
|
|turn|2
|
|switch|p2a: Heatran|Heatran, F|386\/386
|switch|p1a: Magnezone|Magnezone|323\/323
|
|turn|3
|
|move|p2a: Heatran|Stealth Rock|p1a: Magnezone
|-sidestart|p1: naneek|move: Stealth Rock
|move|p1a: Magnezone|Volt Switch|p2a: Heatran
|-damage|p2a: Heatran|205\/386
|
|switch|p1a: Mamoswine|Mamoswine, F|361\/361
|-damage|p1a: Mamoswine|316\/361|[from] Stealth Rock
|
|-heal|p2a: Heatran|229\/386|[from] item: Leftovers
|turn|4
|
|switch|p2a: Ferrothorn|Ferrothorn, M|352\/352
|move|p1a: Mamoswine|Earthquake|p2a: Ferrothorn
|-damage|p2a: Ferrothorn|183\/352
|-damage|p1a: Mamoswine|280\/361|[from] item: Life Orb
|
|-heal|p2a: Ferrothorn|205\/352|[from] item: Leftovers
|turn|5
|
|switch|p1a: Magnezone|Magnezone|323\/323
|-damage|p1a: Magnezone|303\/323|[from] Stealth Rock
|switch|p2a: Keldeo-Resolute|Keldeo-Resolute|323\/323
|
|turn|6
|
|switch|p2a: Landorus|Landorus, M|320\/320
|move|p1a: Magnezone|Volt Switch|p2a: Landorus
|-immune|p2a: Landorus|[msg]
|
|turn|7
|
|switch|p2a: Altaria|Altaria, M|291\/291
|switch|p1a: Latias|Latias, F|245\/301
|-damage|p1a: Latias|208\/301|[from] Stealth Rock
|
|turn|8
|
|detailschange|p2a: Altaria|Altaria-Mega, M
|message|Altaria has Mega Evolved into Mega Altaria!
|move|p1a: Latias|Defog|p2a: Altaria
|-unboost|p2a: Altaria|evasion|1
|-sideend|p1: naneek|Stealth Rock|[from] move: Defog|[of] p1a: Latias
|move|p2a: Altaria|Dragon Dance|p2a: Altaria
|-boost|p2a: Altaria|atk|1
|-boost|p2a: Altaria|spe|1
|
|turn|9
|
|switch|p1a: Gyarados|Gyarados, M|331\/331
|-ability|p1a: Gyarados|Intimidate|[of] p2a: Altaria
|-unboost|p2a: Altaria|atk|1
|move|p2a: Altaria|Frustration|p1a: Gyarados
|-damage|p1a: Gyarados|75\/331
|
|turn|10
|
|switch|p1a: Talonflame|Talonflame, F|297\/297
|move|p2a: Altaria|Frustration|p1a: Talonflame
|-resisted|p1a: Talonflame
|-damage|p1a: Talonflame|134\/297
|
|turn|11
|
|switch|p2a: Heatran|Heatran, F|229\/386
|move|p1a: Talonflame|Brave Bird|p2a: Heatran
|-resisted|p2a: Heatran
|-damage|p2a: Heatran|136\/386
|-damage|p1a: Talonflame|103\/297|[from] recoil|[of] p2a: Heatran
|
|-heal|p2a: Heatran|160\/386|[from] item: Leftovers
|turn|12
|
|move|p1a: Talonflame|Roost|p1a: Talonflame
|-heal|p1a: Talonflame|252\/297
|move|p2a: Heatran|Stealth Rock|p1a: Talonflame
|-sidestart|p1: naneek|move: Stealth Rock
|
|-heal|p2a: Heatran|184\/386|[from] item: Leftovers
|turn|13
|
|move|p1a: Talonflame|Brave Bird|p2a: Heatran
|-crit|p2a: Heatran
|-resisted|p2a: Heatran
|-damage|p2a: Heatran|43\/386
|-damage|p1a: Talonflame|205\/297|[from] recoil|[of] p2a: Heatran
|move|p2a: Heatran|Toxic|p1a: Talonflame
|-status|p1a: Talonflame|tox
|
|-heal|p2a: Heatran|67\/386|[from] item: Leftovers
|-damage|p1a: Talonflame|187\/297 tox|[from] psn
|turn|14
|
|move|p1a: Talonflame|Brave Bird|p2a: Heatran
|-resisted|p2a: Heatran
|-damage|p2a: Heatran|0 fnt
|-damage|p1a: Talonflame|165\/297 tox|[from] recoil|[of] p2a: Heatran
|faint|p2a: Heatran
|
|-damage|p1a: Talonflame|129\/297 tox|[from] psn
|
|switch|p2a: Keldeo-Resolute|Keldeo-Resolute|323\/323
|turn|15
|
|move|p1a: Talonflame|Brave Bird|p2a: Keldeo-Resolute
|-supereffective|p2a: Keldeo-Resolute
|-damage|p2a: Keldeo-Resolute|0 fnt
|-damage|p1a: Talonflame|22\/297 tox|[from] recoil|[of] p2a: Keldeo-Resolute
|faint|p2a: Keldeo-Resolute
|
|-damage|p1a: Talonflame|0 fnt|[from] psn
|faint|p1a: Talonflame
|
|switch|p1a: Mamoswine|Mamoswine, F|280\/361
|switch|p2a: Ferrothorn|Ferrothorn, M|205\/352
|-damage|p1a: Mamoswine|235\/361|[from] Stealth Rock
|turn|16
|
|switch|p1a: Gyarados|Gyarados, M|75\/331
|-damage|p1a: Gyarados|0 fnt|[from] Stealth Rock
|faint|p1a: Gyarados
|move|p2a: Ferrothorn|Gyro Ball|p1: Gyarados|[notarget]
|-notarget
|
|-heal|p2a: Ferrothorn|227\/352|[from] item: Leftovers
|
|switch|p1a: Latias|Latias, F|208\/301
|-damage|p1a: Latias|171\/301|[from] Stealth Rock
|turn|17
|
|move|p1a: Latias|Draco Meteor|p2a: Ferrothorn
|-resisted|p2a: Ferrothorn
|-damage|p2a: Ferrothorn|130\/352
|-unboost|p1a: Latias|spa|2
|-damage|p1a: Latias|141\/301|[from] item: Life Orb
|move|p2a: Ferrothorn|Leech Seed|p1a: Latias
|-start|p1a: Latias|move: Leech Seed
|
|-heal|p2a: Ferrothorn|152\/352|[from] item: Leftovers
|-damage|p1a: Latias|104\/301|[from] Leech Seed|[of] p2a: Ferrothorn
|-heal|p2a: Ferrothorn|189\/352|[silent]
|turn|18
|
|move|p1a: Latias|Defog|p2a: Ferrothorn
|-unboost|p2a: Ferrothorn|evasion|1
|-sideend|p1: naneek|Stealth Rock|[from] move: Defog|[of] p1a: Latias
|move|p2a: Ferrothorn|Spikes|p1a: Latias
|-sidestart|p1: naneek|Spikes
|
|-heal|p2a: Ferrothorn|211\/352|[from] item: Leftovers
|-damage|p1a: Latias|67\/301|[from] Leech Seed|[of] p2a: Ferrothorn
|-heal|p2a: Ferrothorn|248\/352|[silent]
|turn|19
|
|move|p1a: Latias|Healing Wish|p1a: Latias
|faint|p1a: Latias
|move|p2a: Ferrothorn|Spikes|p1: Latias
|-sidestart|p1: naneek|Spikes
|
|-heal|p2a: Ferrothorn|270\/352|[from] item: Leftovers
|
|switch|p1a: Mamoswine|Mamoswine, F|235\/361
|-heal|p1a: Mamoswine|361\/361|[from] move: Healing Wish
|-damage|p1a: Mamoswine|301\/361|[from] Spikes
|turn|20
|
|switch|p1a: Magnezone|Magnezone|303\/323
|-damage|p1a: Magnezone|250\/323|[from] Spikes
|move|p2a: Ferrothorn|Gyro Ball|p1a: Magnezone
|-resisted|p1a: Magnezone
|-damage|p1a: Magnezone|225\/323
|
|-heal|p2a: Ferrothorn|292\/352|[from] item: Leftovers
|turn|21
|
|move|p2a: Ferrothorn|Protect|p2a: Ferrothorn
|-singleturn|p2a: Ferrothorn|Protect
|move|p1a: Magnezone|Hidden Power|p2a: Ferrothorn
|-activate|p2a: Ferrothorn|Protect
|
|-heal|p2a: Ferrothorn|314\/352|[from] item: Leftovers
|turn|22
|
|move|p1a: Magnezone|Hidden Power|p2a: Ferrothorn
|-supereffective|p2a: Ferrothorn
|-damage|p2a: Ferrothorn|0 fnt
|faint|p2a: Ferrothorn
|
|
|switch|p2a: Altaria|Altaria-Mega, M|291\/291
|turn|23
|
|switch|p1a: Mamoswine|Mamoswine, F|301\/361
|-damage|p1a: Mamoswine|241\/361|[from] Spikes
|move|p2a: Altaria|Dragon Dance|p2a: Altaria
|-boost|p2a: Altaria|atk|1
|-boost|p2a: Altaria|spe|1
|
|turn|24
|
|move|p1a: Mamoswine|Ice Shard|p2a: Altaria
|-supereffective|p2a: Altaria
|-damage|p2a: Altaria|88\/291
|-damage|p1a: Mamoswine|205\/361|[from] item: Life Orb
|move|p2a: Altaria|Frustration|p1a: Mamoswine
|-damage|p1a: Mamoswine|0 fnt
|faint|p1a: Mamoswine
|
|
|switch|p1a: Magnezone|Magnezone|225\/323
|-damage|p1a: Magnezone|172\/323|[from] Spikes
|turn|25
|
|move|p2a: Altaria|Earthquake|p1a: Magnezone
|-supereffective|p1a: Magnezone
|-damage|p1a: Magnezone|0 fnt
|faint|p1a: Magnezone
|
|
|switch|p1a: Greninja|Greninja, F|285\/285
|-damage|p1a: Greninja|238\/285|[from] Spikes
|turn|26
|
|move|p2a: Altaria|Frustration|p1a: Greninja
|-supereffective|p1a: Greninja
|-damage|p1a: Greninja|0 fnt
|faint|p1a: Greninja
|
|win|Camerutt
|raw|Ladder updating...
|raw|naneek's rating: 1573 &rarr; <strong>1551<\/strong><br \/>(-22 for losing)
|raw|Camerutt's rating: 1540 &rarr; <strong>1562<\/strong><br \/>(+22 for winning)
|leave|naneek
|player|p1