|join|smogon test123
|join|Ordall
|player|p1|smogon test123|266
|player|p2|Ordall|248
|gametype|singles
|gen|6
|tier|OU
|rated
|clearpoke
|poke|p1|Sableye, F
|poke|p1|Volcarona, M
|poke|p1|Toxicroak, F
|poke|p1|Landorus-Therian, M
|poke|p1|Slowbro, F
|poke|p1|Mamoswine, F
|poke|p2|Gardevoir, F
|poke|p2|Thundurus, M
|poke|p2|Talonflame, F
|poke|p2|Conkeldurr, M
|poke|p2|Victini
|poke|p2|Heatran, M
|rule|Swagger Clause: Swagger is banned
|rule|Baton Pass Clause: Limit one Pokémon knowing Baton Pass
|rule|Sleep Clause Mod: Limit one foe put to sleep
|rule|Species Clause: Limit one of each Pokémon
|rule|OHKO Clause: OHKO moves are banned
|rule|Moody Clause: Moody is banned
|rule|Evasion Moves Clause: Evasion moves are banned
|rule|Endless Battle Clause: Forcing endless battles is banned
|rule|HP Percentage Mod: HP is shown in percentages
|teampreview
|join|inimitable
|
|start
|switch|p1a: Toxicroak|Toxicroak, F|307\/307
|switch|p2a: Heatran|Heatran, M|323\/323
|-item|p2a: Heatran|Air Balloon
|turn|1
|c| inimitable|Yᵒᵘ Oᶰˡʸ Lᶤᵛᵉ Oᶰᶜᵉ
|c| inimitable|Yᵒᵘ Oᶰˡʸ Lᶤᵛᵉ Oᶰᶜᵉ
|
|move|p1a: Toxicroak|Drain Punch|p2a: Heatran
|-supereffective|p2a: Heatran
|-damage|p2a: Heatran|34\/323
|-enditem|p2a: Heatran|Air Balloon
|-damage|p1a: Toxicroak|277\/307|[from] item: Life Orb
|move|p2a: Heatran|Lava Plume|p1a: Toxicroak
|-crit|p1a: Toxicroak
|-damage|p1a: Toxicroak|0 fnt
|faint|p1a: Toxicroak
|
|
|switch|p1a: Mamoswine|Mamoswine, F|361\/361
|turn|2
|join|Apathos
|
|move|p1a: Mamoswine|Earthquake|p2a: Heatran
|-supereffective|p2a: Heatran
|-damage|p2a: Heatran|0 fnt
|faint|p2a: Heatran
|
|
|switch|p2a: Talonflame|Talonflame, F|297\/297
|turn|3
|
|switch|p1a: Slowbro|Slowbro, F|393\/393
|move|p2a: Talonflame|Taunt|p1a: Slowbro
|-start|p1a: Slowbro|move: Taunt
|
|turn|4
|
|switch|p2a: Gardevoir|Gardevoir, F|277\/277
|-ability|p2a: Gardevoir|Regenerator|[from] ability: Trace|[of] p1a: Slowbro
|move|p1a: Slowbro|Scald|p2a: Gardevoir
|-damage|p2a: Gardevoir|193\/277
|
|turn|5
|
|switch|p2a: Conkeldurr|Conkeldurr, M|413\/413
|switch|p1a: Volcarona|Volcarona, M|347\/347
|
|turn|6
|
|switch|p2a: Victini|Victini|404\/404
|move|p1a: Volcarona|Quiver Dance|p1a: Volcarona
|-boost|p1a: Volcarona|spa|1
|-boost|p1a: Volcarona|spd|1
|-boost|p1a: Volcarona|spe|1
|
|turn|7
|
|switch|p1a: Slowbro|Slowbro, F|393\/393
|move|p2a: Victini|Final Gambit|p1a: Slowbro
|-damage|p1a: Slowbro|0 fnt
|faint|p2a: Victini
|faint|p1a: Slowbro
|
|join|z0mOG
|leave|z0mOG
|
|switch|p2a: Thundurus|Thundurus, M|299\/299
|switch|p1a: Landorus-Therian|Landorus-Therian, M|325\/325
|-ability|p1a: Landorus-Therian|Intimidate|[of] p2a: Thundurus
|-unboost|p2a: Thundurus|atk|1
|turn|8
|
|move|p1a: Landorus-Therian|Stone Edge|p2a: Thundurus|[miss]
|-miss|p1a: Landorus-Therian|p2a: Thundurus
|move|p2a: Thundurus|Hidden Power|p1a: Landorus-Therian
|-supereffective|p1a: Landorus-Therian
|-damage|p1a: Landorus-Therian|0 fnt
|-damage|p2a: Thundurus|270\/299|[from] item: Life Orb
|faint|p1a: Landorus-Therian
|
|c|★smogon test123|WHAT
|c|★smogon test123|LIKE
|c| inimitable|like why
|c|★smogon test123|WHYYY
|c|★smogon test123|LIKE WHYYYYY
|c| inimitable|LKe hwy
|c| Apathos|Skilled
|c| inimitable|lkewhy
|c|★smogon test123|your so FUCKING LUCKY
|c|★smogon test123|FUCK
|c| inimitable|like hwy
|c| inimitable|like why
|c|★Ordall|hax
|c|★smogon test123|FUCK YOU
|
|switch|p1a: Volcarona|Volcarona, M|347\/347
|turn|9
|c|★Ordall|fuck me!
|c|★Ordall|fucking hax
|c| inimitable|fuck you
|
|move|p2a: Thundurus|Thunder Wave|p1a: Volcarona
|-status|p1a: Volcarona|par
|move|p1a: Volcarona|Fire Blast|p2a: Thundurus|[miss]
|-miss|p1a: Volcarona|p2a: Thundurus
|
|turn|10
|c|★smogon test123|fuck you bitch
|c| inimitable|lucky
|c|★smogon test123|stupid child
|c| inimitable|luck
|c|★smogon test123|so luckyu
|c| inimitable|luc
|c| inimitable|luck
|c| inimitable|LUCK
|leave|Apathos
|
|move|p2a: Thundurus|Thunderbolt|p1a: Volcarona
|-damage|p1a: Volcarona|148\/347 par
|-damage|p2a: Thundurus|241\/299|[from] item: Life Orb
|move|p1a: Volcarona|Fire Blast|p2a: Thundurus
|-damage|p2a: Thundurus|0 fnt
|-damage|p1a: Volcarona|114\/347 par|[from] item: Life Orb
|faint|p2a: Thundurus
|
|c|★smogon test123|FUCK
|c| inimitable|like why
|c| inimitable|fucker
|c|★smogon test123|holy shit
|c|★smogon test123|hes sos lucky
|c|★smogon test123|SO LUCKY
|c|★smogon test123|wow
|c| inimitable|your lucky trash
|
|switch|p2a: Conkeldurr|Conkeldurr, M|413\/413
|turn|11
|c| inimitable|fag
|c|★smogon test123|your a lucky infant
|c|★Ordall|im so fucking lucky trash
|c|★smogon test123|i know
|c| inimitable|WE KNOW THAT ALREADY
|c|★smogon test123|at least you admit it
|c|★Ordall|im fucking shit fuck me
|c| inimitable|YEAH
|c|★Ordall|i make hax
|c|★smogon test123|yeah hes shit
|c|★smogon test123|he does
|c| inimitable|YEAH
|c|★smogon test123|yep
|
|move|p2a: Conkeldurr|Knock Off|p1a: Volcarona
|-damage|p1a: Volcarona|0 fnt
|-status|p2a: Conkeldurr|brn
|-enditem|p1a: Volcarona|Life Orb|[from] move: Knock Off|[of] p2a: Conkeldurr
|faint|p1a: Volcarona
|
|-damage|p2a: Conkeldurr|362\/413 brn|[from] brn
|c|★smogon test123|WOW
|c|★smogon test123|>
|c| inimitable|YOURE ABSOLUTELY RGHT
|c|★smogon test123|fuck
|
|switch|p1a: Sableye|Sableye, F|303\/303
|turn|12
|c| inimitable|more hax
|c|★smogon test123|your so lucky
|c|★Ordall|free guts
|c|★smogon test123|would you like to hax me more
|
|detailschange|p1a: Sableye|Sableye-Mega, F
|-mega|p1a: Sableye|Sableye|Sablenite
|move|p1a: Sableye|Foul Play|p2a: Conkeldurr
|-resisted|p2a: Conkeldurr
|-damage|p2a: Conkeldurr|260\/413 brn
|move|p2a: Conkeldurr|Knock Off|p1a: Sableye
|-damage|p1a: Sableye|198\/303
|
|-damage|p2a: Conkeldurr|209\/413 brn|[from] brn
|turn|13
|c| inimitable|YOU
|c| inimitable|MAKE
|c| inimitable|HAX
|
|switch|p2a: Gardevoir|Gardevoir, F|277\/277
|-ability|p2a: Gardevoir|Magic Bounce|[from] ability: Trace|[of] p1a: Sableye
|move|p1a: Sableye|Recover|p1a: Sableye
|-heal|p1a: Sableye|303\/303
|
|turn|14
|c|★smogon test123|SO LUCKYYY
|c| inimitable|WTF
|c|★smogon test123|FUCKKKKK
|
|detailschange|p2a: Gardevoir|Gardevoir-Mega, F
|-mega|p2a: Gardevoir|Gardevoir|Gardevoirite
|move|p2a: Gardevoir|Hyper Voice|p1a: Sableye
|-supereffective|p1a: Sableye
|-damage|p1a: Sableye|0 fnt
|faint|p1a: Sableye
|
|c|★Ordall|lol
|c| inimitable|noob
|c| inimitable|ur so noob
|c|★smogon test123|stupid lucky noob
|c|★smogon test123|this was an easy game but since  I miss I lose!
|c| inimitable|cant believe how noob you are
|c|★smogon test123|your BAD
|c|★smogon test123|noob
|leave|smogon test123
|player|p1
|leave|inimitable
|-message|smogontest123 lost due to inactivity.
|
|win|Ordall
|raw|Ladder updating...
|raw|smogon test123's rating: 1627 &rarr; <strong>1603<\/strong><br \/>(-24 for losing)
|raw|Ordall's rating: 1557 &rarr; <strong>1581<\/strong><br \/>(+24 for winning)