|join|lil manaphy
|join|Kilimanjaaro
|player|p1|lil manaphy|9
|player|p2|Kilimanjaaro|50
|gametype|singles
|gen|6
|tier|OU
|rated
|clearpoke
|poke|p1|Gardevoir, M
|poke|p1|Keldeo
|poke|p1|Amoonguss, M
|poke|p1|Chansey, F
|poke|p1|Mandibuzz, F
|poke|p1|Landorus-Therian, M
|poke|p2|Landorus-Therian, M
|poke|p2|Gengar, F
|poke|p2|Slowbro, M
|poke|p2|Heatran, M
|poke|p2|Kyurem-Black
|poke|p2|Victini
|rule|Swagger Clause: Swagger is banned
|rule|Baton Pass Clause: Limit one Pokémon knowing Baton Pass
|rule|Sleep Clause Mod: Limit one foe put to sleep
|rule|Species Clause: Limit one of each Pokémon
|rule|OHKO Clause: OHKO moves are banned
|rule|Moody Clause: Moody is banned
|rule|Evasion Moves Clause: Evasion moves are banned
|rule|Endless Battle Clause: Forcing endless battles is banned
|rule|HP Percentage Mod: HP is shown in percentages
|teampreview
|
|start
|switch|p1a: Keldeo|Keldeo|323\/323
|switch|p2a: Slowbro|Slowbro, M|393\/393
|turn|1
|
|switch|p1a: Amoonguss|Amoonguss, M|432\/432
|detailschange|p2a: Slowbro|Slowbro-Mega, M
|-mega|p2a: Slowbro|Slowbro|Slowbronite
|move|p2a: Slowbro|Scald|p1a: Amoonguss
|-resisted|p1a: Amoonguss
|-damage|p1a: Amoonguss|352\/432
|
|-heal|p1a: Amoonguss|379\/432|[from] item: Black Sludge
|turn|2
|
|switch|p2a: Gengar|Gengar, F|261\/261
|move|p1a: Amoonguss|Spore|p2a: Gengar
|-status|p2a: Gengar|slp
|
|-heal|p1a: Amoonguss|406\/432|[from] item: Black Sludge
|turn|3
|
|switch|p1a: Landorus-Therian|Landorus-Therian, M|382\/382
|-ability|p1a: Landorus-Therian|Intimidate|[of] p2a: Gengar
|-unboost|p2a: Gengar|atk|1
|cant|p2a: Gengar|slp
|
|turn|4
|
|switch|p2a: Slowbro|Slowbro-Mega, M|393\/393
|move|p1a: Landorus-Therian|Stone Edge|p2a: Slowbro
|-damage|p2a: Slowbro|333\/393
|
|turn|5
|
|move|p1a: Landorus-Therian|U-turn|p2a: Slowbro
|-supereffective|p2a: Slowbro
|-damage|p2a: Slowbro|255\/393
|
|switch|p1a: Chansey|Chansey, F|703\/703
|move|p2a: Slowbro|Psyshock|p1a: Chansey
|-damage|p1a: Chansey|523\/703
|
|turn|6
|
|switch|p2a: Gengar|Gengar, F|261\/261 slp
|move|p1a: Chansey|Thunder Wave|p2a: Gengar
|-fail|p2a: Gengar
|
|turn|7
|
|cant|p2a: Gengar|slp
|move|p1a: Chansey|Wish|p1a: Chansey
|
|turn|8
|
|switch|p1a: Mandibuzz|Mandibuzz, F|423\/423
|cant|p2a: Gengar|slp
|
|turn|9
|
|switch|p2a: Heatran|Heatran, M|386\/386
|move|p1a: Mandibuzz|Foul Play|p2a: Heatran
|-damage|p2a: Heatran|298\/386
|
|-heal|p2a: Heatran|322\/386|[from] item: Leftovers
|turn|10
|
|switch|p1a: Landorus-Therian|Landorus-Therian, M|382\/382
|-ability|p1a: Landorus-Therian|Intimidate|[of] p2a: Heatran
|-unboost|p2a: Heatran|atk|1
|move|p2a: Heatran|Will-O-Wisp|p1a: Landorus-Therian
|-status|p1a: Landorus-Therian|brn
|
|-heal|p2a: Heatran|346\/386|[from] item: Leftovers
|-damage|p1a: Landorus-Therian|335\/382 brn|[from] brn
|turn|11
|
|switch|p2a: Landorus-Therian|Landorus-Therian, M|382\/382
|-ability|p2a: Landorus-Therian|Intimidate|[of] p1a: Landorus-Therian
|-unboost|p1a: Landorus-Therian|atk|1
|move|p1a: Landorus-Therian|Stealth Rock|p2a: Landorus-Therian
|-sidestart|p2: Kilimanjaaro|move: Stealth Rock
|
|-heal|p1a: Landorus-Therian|358\/382 brn|[from] item: Leftovers
|-damage|p1a: Landorus-Therian|311\/382 brn|[from] brn
|turn|12
|
|move|p1a: Landorus-Therian|U-turn|p2a: Landorus-Therian
|-resisted|p2a: Landorus-Therian
|-damage|p2a: Landorus-Therian|373\/382
|
|switch|p1a: Keldeo|Keldeo|323\/323
|move|p2a: Landorus-Therian|Stealth Rock|p1a: Keldeo
|-sidestart|p1: lil manaphy|move: Stealth Rock
|
|turn|13
|
|switch|p2a: Slowbro|Slowbro-Mega, M|255\/393
|-damage|p2a: Slowbro|206\/393|[from] Stealth Rock
|move|p1a: Keldeo|Scald|p2a: Slowbro
|-resisted|p2a: Slowbro
|-damage|p2a: Slowbro|126\/393
|
|turn|14
|
|move|p1a: Keldeo|Substitute|p1a: Keldeo
|-start|p1a: Keldeo|Substitute
|-damage|p1a: Keldeo|243\/323
|move|p2a: Slowbro|Slack Off|p2a: Slowbro
|-heal|p2a: Slowbro|323\/393
|
|-heal|p1a: Keldeo|263\/323|[from] item: Leftovers
|turn|15
|
|move|p1a: Keldeo|Calm Mind|p1a: Keldeo
|-boost|p1a: Keldeo|spa|1
|-boost|p1a: Keldeo|spd|1
|move|p2a: Slowbro|Psyshock|p1a: Keldeo
|-supereffective|p1a: Keldeo
|-end|p1a: Keldeo|Substitute
|
|-heal|p1a: Keldeo|283\/323|[from] item: Leftovers
|turn|16
|
|switch|p1a: Chansey|Chansey, F|523\/703
|-damage|p1a: Chansey|436\/703|[from] Stealth Rock
|move|p2a: Slowbro|Psyshock|p1a: Chansey
|-damage|p1a: Chansey|250\/703
|
|turn|17
|
|switch|p2a: Gengar|Gengar, F|261\/261 slp
|-damage|p2a: Gengar|229\/261 slp|[from] Stealth Rock
|move|p1a: Chansey|Soft-Boiled|p1a: Chansey
|-heal|p1a: Chansey|602\/703
|
|turn|18
|
|-curestatus|p2a: Gengar|slp
|move|p2a: Gengar|Focus Blast|p1a: Chansey
|-supereffective|p1a: Chansey
|-damage|p1a: Chansey|308\/703
|move|p1a: Chansey|Thunder Wave|p2a: Gengar
|-status|p2a: Gengar|par
|
|turn|19
|
|move|p1a: Chansey|Soft-Boiled|p1a: Chansey
|-heal|p1a: Chansey|660\/703
|move|p2a: Gengar|Focus Blast|p1a: Chansey|[miss]
|-miss|p2a: Gengar|p1a: Chansey
|
|turn|20
|
|switch|p2a: Kyurem-Black|Kyurem-Black|391\/391
|-damage|p2a: Kyurem-Black|294\/391|[from] Stealth Rock
|-ability|p2a: Kyurem-Black|Teravolt
|move|p1a: Chansey|Wish|p1a: Chansey
|
|turn|21
|
|move|p2a: Kyurem-Black|Ice Beam|p1a: Chansey
|-crit|p1a: Chansey
|-damage|p1a: Chansey|546\/703
|move|p1a: Chansey|Thunder Wave|p2a: Kyurem-Black
|-status|p2a: Kyurem-Black|par
|
|-heal|p1a: Chansey|703\/703|[from] move: Wish|[wisher] Chansey
|turn|22
|
|switch|p2a: Slowbro|Slowbro-Mega, M|323\/393
|-damage|p2a: Slowbro|274\/393|[from] Stealth Rock
|move|p1a: Chansey|Seismic Toss|p2a: Slowbro
|-damage|p2a: Slowbro|174\/393
|
|turn|23
|
|switch|p1a: Amoonguss|Amoonguss, M|432\/432
|-damage|p1a: Amoonguss|378\/432|[from] Stealth Rock
|move|p2a: Slowbro|Slack Off|p2a: Slowbro
|-heal|p2a: Slowbro|371\/393
|
|-heal|p1a: Amoonguss|405\/432|[from] item: Black Sludge
|turn|24
|
|switch|p2a: Gengar|Gengar, F|229\/261 par
|-damage|p2a: Gengar|197\/261 par|[from] Stealth Rock
|move|p1a: Amoonguss|Spore|p2a: Gengar
|-fail|p2a: Gengar
|
|-heal|p1a: Amoonguss|432\/432|[from] item: Black Sludge
|turn|25
|
|move|p1a: Amoonguss|Hidden Power|p2a: Gengar
|-damage|p2a: Gengar|148\/261 par
|move|p2a: Gengar|Shadow Ball|p1a: Amoonguss
|-damage|p1a: Amoonguss|176\/432
|
|-heal|p1a: Amoonguss|203\/432|[from] item: Black Sludge
|turn|26
|
|switch|p1a: Chansey|Chansey, F|703\/703
|-damage|p1a: Chansey|616\/703|[from] Stealth Rock
|move|p2a: Gengar|Shadow Ball|p1a: Chansey
|-immune|p1a: Chansey|[msg]
|
|turn|27
|
|switch|p2a: Kyurem-Black|Kyurem-Black|294\/391 par
|-damage|p2a: Kyurem-Black|197\/391 par|[from] Stealth Rock
|-ability|p2a: Kyurem-Black|Teravolt
|move|p1a: Chansey|Wish|p1a: Chansey
|
|turn|28
|
|move|p1a: Chansey|Seismic Toss|p2a: Kyurem-Black
|-damage|p2a: Kyurem-Black|97\/391 par
|cant|p2a: Kyurem-Black|par
|
|-heal|p1a: Chansey|703\/703|[from] move: Wish|[wisher] Chansey
|turn|29
|
|move|p1a: Chansey|Seismic Toss|p2a: Kyurem-Black
|-damage|p2a: Kyurem-Black|0 fnt
|faint|p2a: Kyurem-Black
|
|
|switch|p2a: Victini|Victini|341\/341
|-damage|p2a: Victini|256\/341|[from] Stealth Rock
|turn|30
|
|switch|p1a: Landorus-Therian|Landorus-Therian, M|311\/382 brn
|-damage|p1a: Landorus-Therian|264\/382 brn|[from] Stealth Rock
|-ability|p1a: Landorus-Therian|Intimidate|[of] p2a: Victini
|-unboost|p2a: Victini|atk|1
|move|p2a: Victini|V-create|p1a: Landorus-Therian
|-damage|p1a: Landorus-Therian|134\/382 brn
|-unboost|p2a: Victini|def|1
|-unboost|p2a: Victini|spd|1
|-unboost|p2a: Victini|spe|1
|
|-heal|p1a: Landorus-Therian|157\/382 brn|[from] item: Leftovers
|-damage|p1a: Landorus-Therian|110\/382 brn|[from] brn
|turn|31
|
|move|p2a: Victini|V-create|p1a: Landorus-Therian
|-damage|p1a: Landorus-Therian|0 fnt
|-unboost|p2a: Victini|def|1
|-unboost|p2a: Victini|spd|1
|-unboost|p2a: Victini|spe|1
|faint|p1a: Landorus-Therian
|
|
|switch|p1a: Keldeo|Keldeo|283\/323
|-damage|p1a: Keldeo|263\/323|[from] Stealth Rock
|turn|32
|
|switch|p2a: Slowbro|Slowbro-Mega, M|371\/393
|-damage|p2a: Slowbro|322\/393|[from] Stealth Rock
|move|p1a: Keldeo|Scald|p2a: Slowbro
|-resisted|p2a: Slowbro
|-damage|p2a: Slowbro|233\/393
|
|-heal|p1a: Keldeo|283\/323|[from] item: Leftovers
|turn|33
|
|move|p1a: Keldeo|Substitute|p1a: Keldeo
|-start|p1a: Keldeo|Substitute
|-damage|p1a: Keldeo|203\/323
|move|p2a: Slowbro|Slack Off|p2a: Slowbro
|-heal|p2a: Slowbro|393\/393
|
|-heal|p1a: Keldeo|223\/323|[from] item: Leftovers
|turn|34
|
|move|p1a: Keldeo|Scald|p2a: Slowbro
|-resisted|p2a: Slowbro
|-damage|p2a: Slowbro|304\/393
|-status|p2a: Slowbro|brn
|move|p2a: Slowbro|Psyshock|p1a: Keldeo
|-supereffective|p1a: Keldeo
|-end|p1a: Keldeo|Substitute
|
|-heal|p1a: Keldeo|243\/323|[from] item: Leftovers
|-damage|p2a: Slowbro|255\/393 brn|[from] brn
|turn|35
|
|switch|p1a: Gardevoir|Gardevoir, M|277\/277
|-damage|p1a: Gardevoir|243\/277|[from] Stealth Rock
|-ability|p1a: Gardevoir|Shell Armor|[from] ability: Trace|[of] p2a: Slowbro
|switch|p2a: Victini|Victini|256\/341
|-damage|p2a: Victini|171\/341|[from] Stealth Rock
|
|turn|36
|
|detailschange|p1a: Gardevoir|Gardevoir-Mega, M
|-mega|p1a: Gardevoir|Gardevoir|Gardevoirite
|move|p2a: Victini|V-create|p1a: Gardevoir
|-damage|p1a: Gardevoir|0 fnt
|-unboost|p2a: Victini|def|1
|-unboost|p2a: Victini|spd|1
|-unboost|p2a: Victini|spe|1
|faint|p1a: Gardevoir
|
|
|switch|p1a: Keldeo|Keldeo|243\/323
|-damage|p1a: Keldeo|223\/323|[from] Stealth Rock
|turn|37
|
|switch|p2a: Slowbro|Slowbro-Mega, M|255\/393 brn
|-damage|p2a: Slowbro|206\/393 brn|[from] Stealth Rock
|move|p1a: Keldeo|Scald|p2a: Slowbro
|-resisted|p2a: Slowbro
|-damage|p2a: Slowbro|128\/393 brn
|
|-heal|p1a: Keldeo|243\/323|[from] item: Leftovers
|-damage|p2a: Slowbro|79\/393 brn|[from] brn
|turn|38
|
|move|p1a: Keldeo|Scald|p2a: Slowbro
|-resisted|p2a: Slowbro
|-damage|p2a: Slowbro|0 fnt
|faint|p2a: Slowbro
|
|-heal|p1a: Keldeo|263\/323|[from] item: Leftovers
|
|switch|p2a: Victini|Victini|171\/341
|-damage|p2a: Victini|86\/341|[from] Stealth Rock
|turn|39
|
|switch|p1a: Amoonguss|Amoonguss, M|347\/432
|-damage|p1a: Amoonguss|293\/432|[from] Stealth Rock
|move|p2a: Victini|Bolt Strike|p1a: Amoonguss
|-resisted|p1a: Amoonguss
|-damage|p1a: Amoonguss|238\/432
|
|-heal|p1a: Amoonguss|265\/432|[from] item: Black Sludge
|turn|40
|
|switch|p2a: Heatran|Heatran, M|346\/386
|-damage|p2a: Heatran|298\/386|[from] Stealth Rock
|move|p1a: Amoonguss|Clear Smog|p2a: Heatran
|-immune|p2a: Heatran|[msg]
|
|-heal|p2a: Heatran|322\/386|[from] item: Leftovers
|-heal|p1a: Amoonguss|292\/432|[from] item: Black Sludge
|turn|41
|
|switch|p1a: Keldeo|Keldeo|263\/323
|-damage|p1a: Keldeo|243\/323|[from] Stealth Rock
|move|p2a: Heatran|Will-O-Wisp|p1a: Keldeo
|-status|p1a: Keldeo|brn
|
|-heal|p1a: Keldeo|263\/323 brn|[from] item: Leftovers
|-heal|p2a: Heatran|346\/386|[from] item: Leftovers
|-damage|p1a: Keldeo|223\/323 brn|[from] brn
|turn|42
|
|move|p1a: Keldeo|Scald|p2a: Heatran
|-supereffective|p2a: Heatran
|-damage|p2a: Heatran|130\/386
|move|p2a: Heatran|Flash Cannon|p1a: Keldeo
|-resisted|p1a: Keldeo
|-damage|p1a: Keldeo|158\/323 brn
|
|-heal|p1a: Keldeo|178\/323 brn|[from] item: Leftovers
|-heal|p2a: Heatran|154\/386|[from] item: Leftovers
|-damage|p1a: Keldeo|138\/323 brn|[from] brn
|turn|43
|
|move|p1a: Keldeo|Scald|p2a: Heatran
|-supereffective|p2a: Heatran
|-damage|p2a: Heatran|0 fnt
|faint|p2a: Heatran
|
|-heal|p1a: Keldeo|158\/323 brn|[from] item: Leftovers
|-damage|p1a: Keldeo|118\/323 brn|[from] brn
|
|switch|p2a: Victini|Victini|86\/341
|-damage|p2a: Victini|1\/341|[from] Stealth Rock
|turn|44
|
|move|p2a: Victini|V-create|p1a: Keldeo
|-resisted|p1a: Keldeo
|-damage|p1a: Keldeo|0 fnt
|-unboost|p2a: Victini|def|1
|-unboost|p2a: Victini|spd|1
|-unboost|p2a: Victini|spe|1
|faint|p1a: Keldeo
|
|
|switch|p1a: Mandibuzz|Mandibuzz, F|423\/423
|-damage|p1a: Mandibuzz|318\/423|[from] Stealth Rock
|turn|45
|
|move|p2a: Victini|V-create|p1a: Mandibuzz
|-damage|p1a: Mandibuzz|123\/423
|-damage|p2a: Victini|0 fnt|[from] item: Rocky Helmet|[of] p1a: Mandibuzz
|faint|p2a: Victini
|move|p1a: Mandibuzz|Roost|p1a: Mandibuzz
|-heal|p1a: Mandibuzz|335\/423
|
|
|switch|p2a: Gengar|Gengar, F|148\/261 par
|-damage|p2a: Gengar|116\/261 par|[from] Stealth Rock
|turn|46
|
|move|p1a: Mandibuzz|Foul Play|p2a: Gengar
|-supereffective|p2a: Gengar
|-damage|p2a: Gengar|0 fnt
|faint|p2a: Gengar
|
|
|switch|p2a: Landorus-Therian|Landorus-Therian, M|373\/382
|-damage|p2a: Landorus-Therian|326\/382|[from] Stealth Rock
|-ability|p2a: Landorus-Therian|Intimidate|[of] p1a: Mandibuzz
|-unboost|p1a: Mandibuzz|atk|1
|turn|47
|
|move|p2a: Landorus-Therian|Stone Edge|p1a: Mandibuzz
|-supereffective|p1a: Mandibuzz
|-damage|p1a: Mandibuzz|173\/423
|move|p1a: Mandibuzz|Foul Play|p2a: Landorus-Therian
|-damage|p2a: Landorus-Therian|206\/382
|
|turn|48
|
|move|p2a: Landorus-Therian|Stone Edge|p1a: Mandibuzz
|-supereffective|p1a: Mandibuzz
|-damage|p1a: Mandibuzz|17\/423
|move|p1a: Mandibuzz|Foul Play|p2a: Landorus-Therian
|-crit|p2a: Landorus-Therian
|-damage|p2a: Landorus-Therian|23\/382
|
|turn|49
|
|move|p2a: Landorus-Therian|Rest|p2a: Landorus-Therian
|-status|p2a: Landorus-Therian|slp
|-heal|p2a: Landorus-Therian|382\/382 slp|[silent]
|-status|p2a: Landorus-Therian|slp|[from] move: Rest
|-enditem|p2a: Landorus-Therian|Chesto Berry|[eat]
|-curestatus|p2a: Landorus-Therian|slp
|move|p1a: Mandibuzz|Foul Play|p2a: Landorus-Therian
|-damage|p2a: Landorus-Therian|262\/382
|
|turn|50
|
|move|p2a: Landorus-Therian|Stone Edge|p1a: Mandibuzz
|-supereffective|p1a: Mandibuzz
|-damage|p1a: Mandibuzz|0 fnt
|faint|p1a: Mandibuzz
|
|
|switch|p1a: Amoonguss|Amoonguss, M|432\/432
|-damage|p1a: Amoonguss|378\/432|[from] Stealth Rock
|turn|51
|
|move|p2a: Landorus-Therian|Stone Edge|p1a: Amoonguss
|-damage|p1a: Amoonguss|287\/432
|move|p1a: Amoonguss|Spore|p2a: Landorus-Therian
|-status|p2a: Landorus-Therian|slp
|
|-heal|p1a: Amoonguss|314\/432|[from] item: Black Sludge
|turn|52
|
|cant|p2a: Landorus-Therian|slp
|move|p1a: Amoonguss|Giga Drain|p2a: Landorus-Therian
|-damage|p2a: Landorus-Therian|174\/382 slp
|-heal|p1a: Amoonguss|358\/432|[from] drain|[of] p2a: Landorus-Therian
|
|-heal|p1a: Amoonguss|385\/432|[from] item: Black Sludge
|turn|53
|
|-curestatus|p2a: Landorus-Therian|slp
|move|p2a: Landorus-Therian|Stone Edge|p1a: Amoonguss
|-damage|p1a: Amoonguss|287\/432
|move|p1a: Amoonguss|Giga Drain|p2a: Landorus-Therian
|-damage|p2a: Landorus-Therian|74\/382
|-heal|p1a: Amoonguss|337\/432|[from] drain|[of] p2a: Landorus-Therian
|
|-heal|p1a: Amoonguss|364\/432|[from] item: Black Sludge
|turn|54
|
|move|p2a: Landorus-Therian|Stone Edge|p1a: Amoonguss
|-damage|p1a: Amoonguss|258\/432
|move|p1a: Amoonguss|Giga Drain|p2a: Landorus-Therian
|-crit|p2a: Landorus-Therian
|-damage|p2a: Landorus-Therian|0 fnt
|-heal|p1a: Amoonguss|295\/432|[from] drain|[of] p2a: Landorus-Therian
|faint|p2a: Landorus-Therian
|
|win|lil manaphy
|raw|Ladder updating...
|raw|lil manaphy's rating: 1691 &rarr; <strong>1703<\/strong><br \/>(+12 for winning)
|raw|Kilimanjaaro's rating: 1530 &rarr; <strong>1519<\/strong><br \/>(-11 for losing)