|join|Quad5s
|join|AlekDesu
|player|p1|Quad5s|274
|player|p2|AlekDesu|34
|gametype|singles
|gen|6
|tier|OU
|rated
|clearpoke
|poke|p1|Gyarados, F
|poke|p1|Breloom, M
|poke|p1|Tyranitar, F
|poke|p1|Thundurus, M
|poke|p1|Bisharp, F
|poke|p1|Landorus, M
|poke|p2|Mew
|poke|p2|Keldeo-Resolute, shiny
|poke|p2|Talonflame, M
|poke|p2|Landorus-Therian, M
|poke|p2|Mawile, M
|poke|p2|Latios, M, shiny
|rule|Swagger Clause: Swagger is banned
|rule|Baton Pass Clause: Limit one Pokémon knowing Baton Pass
|rule|Sleep Clause Mod: Limit one foe put to sleep
|rule|Species Clause: Limit one of each Pokémon
|rule|OHKO Clause: OHKO moves are banned
|rule|Moody Clause: Moody is banned
|rule|Evasion Moves Clause: Evasion moves are banned
|rule|Endless Battle Clause: Forcing endless battles is banned
|rule|HP Percentage Mod: HP is reported as percentages
|teampreview
|
|start
|switch|p1a: Breloom|Breloom, M|262\/262
|switch|p2a: Mew|Mew|383\/383
|turn|1
|
|move|p1a: Breloom|Bullet Seed|p2a: Mew
|-crit|p2a: Mew
|-damage|p2a: Mew|283\/383
|-damage|p2a: Mew|220\/383
|-damage|p2a: Mew|154\/383
|-hitcount|p2a: Mew|3
|move|p2a: Mew|Taunt|p1a: Breloom
|-start|p1a: Breloom|move: Taunt
|
|-heal|p2a: Mew|177\/383|[from] item: Leftovers
|turn|2
|
|switch|p2a: Latios|Latios, M, shiny|302\/302
|move|p1a: Breloom|Mach Punch|p2a: Latios
|-resisted|p2a: Latios
|-damage|p2a: Latios|233\/302
|
|turn|3
|
|switch|p1a: Tyranitar|Tyranitar, F|341\/341
|-weather|Sandstorm
|move|p2a: Latios|Draco Meteor|p1a: Tyranitar
|-damage|p1a: Tyranitar|154\/341
|-unboost|p2a: Latios|spa|2
|-damage|p2a: Latios|203\/302|[from] item: Life Orb
|
|-weather|Sandstorm|[upkeep]
|-damage|p2a: Latios|185\/302|[from] sandstorm
|turn|4
|
|move|p1a: Tyranitar|Ice Beam|p2a: Latios
|-supereffective|p2a: Latios
|-damage|p2a: Latios|61\/302
|move|p2a: Latios|Draco Meteor|p1a: Tyranitar
|-damage|p1a: Tyranitar|55\/341
|-unboost|p2a: Latios|spa|2
|-damage|p2a: Latios|31\/302|[from] item: Life Orb
|
|-weather|Sandstorm|[upkeep]
|-damage|p2a: Latios|13\/302|[from] sandstorm
|turn|5
|
|switch|p2a: Mew|Mew|177\/383
|move|p1a: Tyranitar|Ice Beam|p2a: Mew
|-damage|p2a: Mew|127\/383
|
|-weather|Sandstorm|[upkeep]
|-damage|p2a: Mew|104\/383|[from] sandstorm
|-heal|p2a: Mew|127\/383|[from] item: Leftovers
|turn|6
|
|switch|p1a: Bisharp|Bisharp, F|272\/272
|move|p2a: Mew|Roost|p2a: Mew
|-heal|p2a: Mew|319\/383
|
|-weather|Sandstorm|[upkeep]
|-damage|p2a: Mew|296\/383|[from] sandstorm
|-heal|p2a: Mew|319\/383|[from] item: Leftovers
|turn|7
|
|move|p2a: Mew|Will-O-Wisp|p1a: Bisharp
|-status|p1a: Bisharp|brn
|move|p1a: Bisharp|Knock Off|p2a: Mew
|-supereffective|p2a: Mew
|-damage|p2a: Mew|93\/383
|-enditem|p2a: Mew|Leftovers|[from] move: Knock Off|[of] p1a: Bisharp
|-damage|p1a: Bisharp|245\/272 brn|[from] item: Life Orb
|
|-weather|none
|-damage|p1a: Bisharp|211\/272 brn|[from] brn
|turn|8
|
|move|p2a: Mew|Roost|p2a: Mew
|-heal|p2a: Mew|285\/383
|move|p1a: Bisharp|Swords Dance|p1a: Bisharp
|-boost|p1a: Bisharp|atk|2
|
|-damage|p1a: Bisharp|177\/272 brn|[from] brn
|turn|9
|
|switch|p2a: Latios|Latios, M, shiny|13\/302
|move|p1a: Bisharp|Knock Off|p2a: Latios
|-supereffective|p2a: Latios
|-damage|p2a: Latios|0 fnt
|-enditem|p2a: Latios|Life Orb|[from] move: Knock Off|[of] p1a: Bisharp
|-damage|p1a: Bisharp|150\/272 brn|[from] item: Life Orb
|faint|p2a: Latios
|
|-damage|p1a: Bisharp|116\/272 brn|[from] brn
|
|switch|p2a: Keldeo-Resolute|Keldeo-Resolute, shiny|324\/324
|turn|10
|
|move|p1a: Bisharp|Sucker Punch|p2a: Keldeo-Resolute
|-resisted|p2a: Keldeo-Resolute
|-damage|p2a: Keldeo-Resolute|219\/324
|-boost|p2a: Keldeo-Resolute|atk|1|[from] ability: Justified
|-damage|p1a: Bisharp|89\/272 brn|[from] item: Life Orb
|move|p2a: Keldeo-Resolute|Scald|p1a: Bisharp
|-damage|p1a: Bisharp|0 fnt
|faint|p1a: Bisharp
|
|
|switch|p1a: Gyarados|Gyarados, F|351\/351
|-ability|p1a: Gyarados|Intimidate|[of] p2a: Keldeo-Resolute
|-unboost|p2a: Keldeo-Resolute|atk|1
|turn|11
|
|switch|p2a: Mew|Mew|285\/383
|move|p1a: Gyarados|Dragon Dance|p1a: Gyarados
|-boost|p1a: Gyarados|atk|1
|-boost|p1a: Gyarados|spe|1
|
|turn|12
|
|switch|p1a: Landorus|Landorus, M|319\/319
|move|p2a: Mew|Will-O-Wisp|p1a: Landorus|[miss]
|-miss|p2a: Mew|p1a: Landorus
|
|turn|13
|
|move|p1a: Landorus|Earth Power|p2a: Mew
|-damage|p2a: Mew|100\/383
|move|p2a: Mew|Knock Off|p1a: Landorus
|-damage|p1a: Landorus|235\/319
|-enditem|p1a: Landorus|Life Orb|[from] move: Knock Off|[of] p2a: Mew
|
|turn|14
|
|move|p1a: Landorus|Stealth Rock|p2a: Mew
|-sidestart|p2: AlekDesu|move: Stealth Rock
|move|p2a: Mew|Roost|p2a: Mew
|-heal|p2a: Mew|292\/383
|
|turn|15
|
|switch|p1a: Breloom|Breloom, M|262\/262
|move|p2a: Mew|Will-O-Wisp|p1a: Breloom
|-status|p1a: Breloom|brn
|
|-damage|p1a: Breloom|230\/262 brn|[from] brn
|turn|16
|
|move|p1a: Breloom|Spore|p2a: Mew
|-status|p2a: Mew|slp
|cant|p2a: Mew|slp
|
|-damage|p1a: Breloom|198\/262 brn|[from] brn
|turn|17
|
|switch|p1a: Gyarados|Gyarados, F|351\/351
|-ability|p1a: Gyarados|Intimidate|[of] p2a: Mew
|-unboost|p2a: Mew|atk|1
|-curestatus|p2a: Mew|slp
|move|p2a: Mew|Knock Off|p1a: Gyarados
|-damage|p1a: Gyarados|310\/351
|
|turn|18
|
|switch|p1a: Breloom|Breloom, M|198\/262 brn
|move|p2a: Mew|Will-O-Wisp|p1a: Breloom
|-fail|p1a: Breloom|brn
|
|-damage|p1a: Breloom|166\/262 brn|[from] brn
|turn|19
|
|move|p1a: Breloom|Spore|p2a: Mew
|-status|p2a: Mew|slp
|cant|p2a: Mew|slp
|
|-damage|p1a: Breloom|134\/262 brn|[from] brn
|turn|20
|
|switch|p1a: Gyarados|Gyarados, F|310\/351
|-ability|p1a: Gyarados|Intimidate|[of] p2a: Mew
|-unboost|p2a: Mew|atk|1
|-curestatus|p2a: Mew|slp
|move|p2a: Mew|Will-O-Wisp|p1a: Gyarados
|-status|p1a: Gyarados|brn
|
|-damage|p1a: Gyarados|267\/351 brn|[from] brn
|turn|21
|
|move|p1a: Gyarados|Dragon Dance|p1a: Gyarados
|-boost|p1a: Gyarados|atk|1
|-boost|p1a: Gyarados|spe|1
|move|p2a: Mew|Taunt|p1a: Gyarados
|-start|p1a: Gyarados|move: Taunt
|
|-damage|p1a: Gyarados|224\/351 brn|[from] brn
|turn|22
|chat|Quad5s|come on
|chat|AlekDesu|?
|chat|AlekDesu|you could've killed mew
|chat|Quad5s|you keep waking up so fast
|chat|AlekDesu|as I sacked it to gyara
|chat|Quad5s|ehh whatever
|chat|Quad5s|i've misplayd
|chat|AlekDesu|man you're not supposed to count on me sleeping 5 turns in a row lel
|chat|AlekDesu|everyone does
|chat|AlekDesu|I did to
|
|detailschange|p1a: Gyarados|Gyarados-Mega, F
|message|Gyarados has Mega Evolved into Mega Gyarados!
|-ability|p1a: Gyarados|Mold Breaker
|move|p1a: Gyarados|Waterfall|p2a: Mew
|-damage|p2a: Mew|177\/383
|move|p2a: Mew|Roost|p2a: Mew
|-heal|p2a: Mew|369\/383
|
|-damage|p1a: Gyarados|181\/351 brn|[from] brn
|turn|23
|chat|Quad5s|i know
|chat|Quad5s|you just had back to back one turn sleeps
|chat|Quad5s|ehh doesnt matter
|chat|AlekDesu|that's the most common one
|chat|AlekDesu|anyway I knew
|chat|AlekDesu|i'm scarfed keldeo with hp electric
|chat|AlekDesu|so I'm not scared
|
|move|p1a: Gyarados|Waterfall|p2a: Mew
|-damage|p2a: Mew|251\/383
|move|p2a: Mew|Roost|p2a: Mew
|-heal|p2a: Mew|383\/383
|
|-damage|p1a: Gyarados|138\/351 brn|[from] brn
|turn|24
|
|move|p1a: Gyarados|Waterfall|p2a: Mew
|-damage|p2a: Mew|265\/383
|move|p2a: Mew|Roost|p2a: Mew
|-heal|p2a: Mew|383\/383
|
|-damage|p1a: Gyarados|95\/351 brn|[from] brn
|-end|p1a: Gyarados|move: Taunt
|turn|25
|
|move|p1a: Gyarados|Waterfall|p2a: Mew
|-damage|p2a: Mew|266\/383
|cant|p2a: Mew|flinch
|
|-damage|p1a: Gyarados|52\/351 brn|[from] brn
|turn|26
|
|move|p1a: Gyarados|Waterfall|p2a: Mew
|-damage|p2a: Mew|149\/383
|move|p2a: Mew|Roost|p2a: Mew
|-heal|p2a: Mew|341\/383
|
|-damage|p1a: Gyarados|9\/351 brn|[from] brn
|turn|27
|
|move|p1a: Gyarados|Waterfall|p2a: Mew
|-damage|p2a: Mew|218\/383
|move|p2a: Mew|Roost|p2a: Mew
|-heal|p2a: Mew|383\/383
|
|-damage|p1a: Gyarados|0 fnt|[from] brn
|faint|p1a: Gyarados
|
|switch|p1a: Tyranitar|Tyranitar, F|55\/341
|-weather|Sandstorm
|turn|28
|
|move|p1a: Tyranitar|Crunch|p2a: Mew
|-supereffective|p2a: Mew
|-damage|p2a: Mew|111\/383
|move|p2a: Mew|Will-O-Wisp|p1a: Tyranitar
|-status|p1a: Tyranitar|brn
|
|-weather|Sandstorm|[upkeep]
|-damage|p2a: Mew|88\/383|[from] sandstorm
|-damage|p1a: Tyranitar|13\/341 brn|[from] brn
|turn|29
|chat|Quad5s|damn that mew destroyed me
|chat|AlekDesu|ye he's kinda strong
|
|move|p1a: Tyranitar|Crunch|p2a: Mew
|-supereffective|p2a: Mew
|-damage|p2a: Mew|0 fnt
|faint|p2a: Mew
|
|-weather|Sandstorm|[upkeep]
|-damage|p1a: Tyranitar|0 fnt|[from] brn
|faint|p1a: Tyranitar
|chat|AlekDesu|I should run enough speed so I always outspeed breloom
|chat|AlekDesu|I think
|chat|Quad5s|you should
|
|switch|p2a: Talonflame|Talonflame, M|327\/327
|-damage|p2a: Talonflame|164\/327|[from] Stealth Rock
|switch|p1a: Thundurus|Thundurus, M|299\/299
|turn|30
|
|move|p2a: Talonflame|Flare Blitz|p1a: Thundurus
|-damage|p1a: Thundurus|83\/299
|-damage|p2a: Talonflame|93\/327|[from] recoil|[of] p1a: Thundurus
|move|p1a: Thundurus|Psychic|p2a: Talonflame
|-damage|p2a: Talonflame|0 fnt
|-damage|p1a: Thundurus|54\/299|[from] item: Life Orb
|faint|p2a: Talonflame
|
|-weather|Sandstorm|[upkeep]
|-damage|p1a: Thundurus|36\/299|[from] sandstorm
|chat|AlekDesu|all i needed was that damage on thundurus
|chat|AlekDesu|I believe
|
|switch|p2a: Landorus-Therian|Landorus-Therian, M|382\/382
|-damage|p2a: Landorus-Therian|335\/382|[from] Stealth Rock
|-ability|p2a: Landorus-Therian|Intimidate|[of] p1a: Thundurus
|-unboost|p1a: Thundurus|atk|1
|turn|31
|chat|Quad5s|yeah
|
|move|p1a: Thundurus|Hidden Power|p2a: Landorus-Therian
|-supereffective|p2a: Landorus-Therian
|-damage|p2a: Landorus-Therian|0 fnt
|-damage|p1a: Thundurus|7\/299|[from] item: Life Orb
|faint|p2a: Landorus-Therian
|
|-weather|Sandstorm|[upkeep]
|-damage|p1a: Thundurus|0 fnt|[from] sandstorm
|faint|p1a: Thundurus
|
|switch|p2a: Keldeo-Resolute|Keldeo-Resolute, shiny|219\/324
|-damage|p2a: Keldeo-Resolute|199\/324|[from] Stealth Rock
|switch|p1a: Breloom|Breloom, M|134\/262 brn
|turn|32
|chat|Quad5s|gg
|
|move|p2a: Keldeo-Resolute|Secret Sword|p1a: Breloom
|-damage|p1a: Breloom|0 fnt
|faint|p1a: Breloom
|
|-weather|none
|chat|AlekDesu|gg
|chat|AlekDesu|:]
|
|switch|p1a: Landorus|Landorus, M|235\/319
|turn|33
|
|switch|p2a: Mawile|Mawile, M|283\/283
|-damage|p2a: Mawile|266\/283|[from] Stealth Rock
|-ability|p2a: Mawile|Intimidate|[of] p1a: Landorus
|-unboost|p1a: Landorus|atk|1
|move|p1a: Landorus|Earth Power|p2a: Mawile
|-crit|p2a: Mawile
|-supereffective|p2a: Mawile
|-damage|p2a: Mawile|0 fnt
|faint|p2a: Mawile
|
|chat|Quad5s|what's the keldeo set?
|chat|Quad5s|moveset
|chat|AlekDesu|http:\/\/pastebin.com\/RcajJrn0
|
|switch|p2a: Keldeo-Resolute|Keldeo-Resolute, shiny|199\/324
|-damage|p2a: Keldeo-Resolute|179\/324|[from] Stealth Rock
|turn|34
|
|move|p2a: Keldeo-Resolute|Scald|p1a: Landorus
|-supereffective|p1a: Landorus
|-damage|p1a: Landorus|0 fnt
|faint|p1a: Landorus
|
|win|AlekDesu
|raw|Ladder updating...
|chat|AlekDesu|I think if you had killed my mew 
|raw|Quad5s's rating: 1714 &rarr; <strong>1685<\/strong><br \/>(-29 for losing)
|raw|AlekDesu's rating: 1532 &rarr; <strong>1562<\/strong><br \/>(+30 for winning)
|chat|AlekDesu|as I sacked it
|chat|Quad5s|i know
|chat|AlekDesu|you would have won
|chat|AlekDesu|^^
|chat|Quad5s|gg
|leave|Quad5s
|player|p1
|chat|AlekDesu|gg man