|join|ryzed
|join|AlekDesu
|player|p1|ryzed|165
|player|p2|AlekDesu|216
|gametype|singles
|gen|6
|tier|OU
|rated
|clearpoke
|poke|p1|Latios, M
|poke|p1|Gengar, M
|poke|p1|Wobbuffet, F
|poke|p1|Charizard, M
|poke|p1|Espeon, F
|poke|p1|Scolipede, M
|poke|p2|Lopunny, M
|poke|p2|Doublade, F
|poke|p2|Hydreigon, M
|poke|p2|Starmie
|poke|p2|Bisharp, M
|poke|p2|Talonflame, M
|rule|Swagger Clause: Swagger is banned
|rule|Baton Pass Clause: Limit one Pokémon knowing Baton Pass
|rule|Sleep Clause Mod: Limit one foe put to sleep
|rule|Species Clause: Limit one of each Pokémon
|rule|OHKO Clause: OHKO moves are banned
|rule|Moody Clause: Moody is banned
|rule|Evasion Moves Clause: Evasion moves are banned
|rule|Endless Battle Clause: Forcing endless battles is banned
|rule|HP Percentage Mod: HP is shown in percentages
|teampreview
|
|start
|switch|p1a: Latios|Latios, M|364\/364
|switch|p2a: Bisharp|Bisharp, M|271\/271
|turn|1
|
|move|p1a: Latios|Reflect|p1a: Latios
|-sidestart|p1: ryzed|Reflect
|move|p2a: Bisharp|Stealth Rock|p1a: Latios
|-sidestart|p1: ryzed|move: Stealth Rock
|
|turn|2
|
|switch|p1a: Scolipede|Scolipede, M|323\/323
|-damage|p1a: Scolipede|243\/323|[from] Stealth Rock
|move|p2a: Bisharp|Knock Off|p1a: Scolipede
|-damage|p1a: Scolipede|171\/323
|-enditem|p1a: Scolipede|Mental Herb|[from] move: Knock Off|[of] p2a: Bisharp
|
|turn|3
|
|switch|p2a: Talonflame|Talonflame, M|347\/347
|move|p1a: Scolipede|Iron Defense|p1a: Scolipede
|-boost|p1a: Scolipede|def|2
|
|-boost|p1a: Scolipede|spe|1|[from] ability: Speed Boost
|turn|4
|
|move|p1a: Scolipede|Baton Pass|p1a: Scolipede
|
|switch|p1a: Charizard|Charizard, M|360\/360
|-damage|p1a: Charizard|180\/360|[from] Stealth Rock
|move|p2a: Talonflame|Taunt|p1a: Charizard
|-start|p1a: Charizard|move: Taunt
|
|turn|5
|c|★AlekDesu|what a strategy lol
|c|★ryzed|thought it was sd
|c|★ryzed|if i went to espeon it wouldve been g
|
|switch|p2a: Bisharp|Bisharp, M|271\/271
|move|p1a: Charizard|Dragon Claw|p2a: Bisharp
|-resisted|p2a: Bisharp
|-damage|p2a: Bisharp|232\/271
|
|turn|6
|
|detailschange|p1a: Charizard|Charizard-Mega-X, M
|-mega|p1a: Charizard|Charizard|Charizardite X
|move|p1a: Charizard|Flare Blitz|p2a: Bisharp
|-supereffective|p2a: Bisharp
|-damage|p2a: Bisharp|0 fnt
|-damage|p1a: Charizard|103\/360|[from] recoil|[of] p2a: Bisharp
|faint|p2a: Bisharp
|
|
|switch|p2a: Hydreigon|Hydreigon, M|325\/325
|turn|7
|
|switch|p2a: Doublade|Doublade, F|322\/322
|move|p1a: Charizard|Dragon Claw|p2a: Doublade
|-resisted|p2a: Doublade
|-damage|p2a: Doublade|271\/322
|
|-end|p1a: Charizard|move: Taunt
|turn|8
|
|move|p1a: Charizard|Roost|p1a: Charizard
|-heal|p1a: Charizard|283\/360
|move|p2a: Doublade|Shadow Claw|p1a: Charizard
|-damage|p1a: Charizard|254\/360
|
|-sideend|p1: ryzed|Reflect
|turn|9
|c|★AlekDesu|I'm just complimenting the stupidity of iron defense scolipede
|
|move|p1a: Charizard|Swords Dance|p1a: Charizard
|-boost|p1a: Charizard|atk|2
|move|p2a: Doublade|Swords Dance|p2a: Doublade
|-boost|p2a: Doublade|atk|2
|
|turn|10
|
|move|p1a: Charizard|Flare Blitz|p2a: Doublade
|-supereffective|p2a: Doublade
|-damage|p2a: Doublade|0 fnt
|-damage|p1a: Charizard|165\/360|[from] recoil|[of] p2a: Doublade
|faint|p2a: Doublade
|
|
|switch|p2a: Hydreigon|Hydreigon, M|325\/325
|turn|11
|
|move|p2a: Hydreigon|Draco Meteor|p1a: Charizard
|-supereffective|p1a: Charizard
|-damage|p1a: Charizard|0 fnt
|-unboost|p2a: Hydreigon|spa|2
|faint|p1a: Charizard
|
|
|switch|p1a: Wobbuffet|Wobbuffet, F|584\/584
|-damage|p1a: Wobbuffet|511\/584|[from] Stealth Rock
|turn|12
|
|move|p2a: Hydreigon|Draco Meteor|p1a: Wobbuffet
|-damage|p1a: Wobbuffet|385\/584
|-unboost|p2a: Hydreigon|spa|2
|move|p1a: Wobbuffet|Mirror Coat|p2a: Hydreigon
|-immune|p2a: Hydreigon|[msg]
|
|turn|13
|c|★AlekDesu|lol
|
|move|p2a: Hydreigon|Draco Meteor|p1a: Wobbuffet
|-damage|p1a: Wobbuffet|301\/584
|-unboost|p2a: Hydreigon|spa|2
|move|p1a: Wobbuffet|Safeguard|p1a: Wobbuffet
|-sidestart|p1: ryzed|Safeguard
|
|turn|14
|
|move|p2a: Hydreigon|Draco Meteor|p1a: Wobbuffet
|-damage|p1a: Wobbuffet|243\/584
|-enditem|p1a: Wobbuffet|Sitrus Berry|[eat]
|-heal|p1a: Wobbuffet|389\/584|[from] item: Sitrus Berry
|move|p1a: Wobbuffet|Encore|p2a: Hydreigon
|-start|p2a: Hydreigon|Encore
|
|turn|15
|
|switch|p1a: Scolipede|Scolipede, M|171\/323
|-damage|p1a: Scolipede|91\/323|[from] Stealth Rock
|move|p2a: Hydreigon|Draco Meteor|p1a: Scolipede
|-crit|p1a: Scolipede
|-damage|p1a: Scolipede|0 fnt
|faint|p1a: Scolipede
|
|c|★AlekDesu|you encore a scarfer
|c|★AlekDesu|lol
|
|switch|p1a: Espeon|Espeon, F|334\/334
|-damage|p1a: Espeon|293\/334|[from] Stealth Rock
|turn|16
|
|switch|p2a: Lopunny|Lopunny, M|272\/272
|move|p1a: Espeon|Calm Mind|p1a: Espeon
|-boost|p1a: Espeon|spa|1
|-boost|p1a: Espeon|spd|1
|
|-heal|p1a: Espeon|313\/334|[from] item: Leftovers
|turn|17
|
|detailschange|p2a: Lopunny|Lopunny-Mega, M
|-mega|p2a: Lopunny|Lopunny|Lopunnite
|move|p2a: Lopunny|Fake Out|p1a: Espeon
|-damage|p1a: Espeon|240\/334
|cant|p1a: Espeon|flinch
|
|-heal|p1a: Espeon|260\/334|[from] item: Leftovers
|-sideend|p1: ryzed|Safeguard
|turn|18
|
|switch|p2a: Hydreigon|Hydreigon, M|325\/325
|move|p1a: Espeon|Stored Power|p2a: Hydreigon
|-immune|p2a: Hydreigon|[msg]
|
|-heal|p1a: Espeon|280\/334|[from] item: Leftovers
|turn|19
|
|switch|p1a: Wobbuffet|Wobbuffet, F|389\/584
|-damage|p1a: Wobbuffet|316\/584|[from] Stealth Rock
|move|p2a: Hydreigon|Dark Pulse|p1a: Wobbuffet
|-supereffective|p1a: Wobbuffet
|-damage|p1a: Wobbuffet|0 fnt
|faint|p1a: Wobbuffet
|
|
|switch|p1a: Latios|Latios, M|364\/364
|-damage|p1a: Latios|319\/364|[from] Stealth Rock
|turn|20
|
|move|p2a: Hydreigon|Dark Pulse|p1a: Latios
|-supereffective|p1a: Latios
|-damage|p1a: Latios|19\/364
|move|p1a: Latios|Memento|p2a: Hydreigon
|-unboost|p2a: Hydreigon|atk|2
|-unboost|p2a: Hydreigon|spa|2
|faint|p1a: Latios
|
|
|switch|p1a: Espeon|Espeon, F|280\/334
|-damage|p1a: Espeon|239\/334|[from] Stealth Rock
|turn|21
|
|switch|p2a: Lopunny|Lopunny-Mega, M|272\/272
|move|p1a: Espeon|Calm Mind|p1a: Espeon
|-boost|p1a: Espeon|spa|1
|-boost|p1a: Espeon|spd|1
|
|-heal|p1a: Espeon|259\/334|[from] item: Leftovers
|turn|22
|
|move|p2a: Lopunny|Fake Out|p1a: Espeon
|-damage|p1a: Espeon|192\/334
|cant|p1a: Espeon|flinch
|
|-heal|p1a: Espeon|212\/334|[from] item: Leftovers
|turn|23
|
|move|p2a: Lopunny|Return|p1a: Espeon
|-damage|p1a: Espeon|16\/334
|move|p1a: Espeon|Calm Mind|p1a: Espeon
|-boost|p1a: Espeon|spa|1
|-boost|p1a: Espeon|spd|1
|
|-heal|p1a: Espeon|36\/334|[from] item: Leftovers
|turn|24
|-message|ryzed forfeited.
|
|win|AlekDesu
|raw|Ladder updating...
|leave|ryzed
|player|p1
|raw|ryzed's rating: 1696 &rarr; <strong>1665<\/strong><br \/>(-31 for losing)
|raw|AlekDesu's rating: 1483 &rarr; <strong>1514<\/strong><br \/>(+31 for winning)