|join|Lusch
|join|OTRTVC
|player|p1|Lusch|153
|player|p2|OTRTVC|144
|gametype|singles
|gen|6
|tier|OU
|rated
|clearpoke
|poke|p1|Venusaur, M
|poke|p1|Heatran, M
|poke|p1|Starmie
|poke|p1|Landorus-Therian, M
|poke|p1|Tyranitar, M
|poke|p1|Gyarados, M
|poke|p2|Bisharp, M, shiny
|poke|p2|Azelf, shiny
|poke|p2|Gengar, M, shiny
|poke|p2|Latios, M, shiny
|poke|p2|Lopunny, F, shiny
|poke|p2|Crawdaunt, M, shiny
|rule|Swagger Clause: Swagger is banned
|rule|Baton Pass Clause: Limit one Pokémon knowing Baton Pass
|rule|Sleep Clause Mod: Limit one foe put to sleep
|rule|Species Clause: Limit one of each Pokémon
|rule|OHKO Clause: OHKO moves are banned
|rule|Moody Clause: Moody is banned
|rule|Evasion Moves Clause: Evasion moves are banned
|rule|Endless Battle Clause: Forcing endless battles is banned
|rule|HP Percentage Mod: HP is shown in percentages
|teampreview
|
|start
|switch|p1a: Venusaur|Venusaur, M|353\/353
|switch|p2a: Azelf|Azelf, shiny|291\/291
|turn|1
|
|detailschange|p1a: Venusaur|Venusaur-Mega, M
|-mega|p1a: Venusaur|Venusaur|Venusaurite
|move|p2a: Azelf|Stealth Rock|p1a: Venusaur
|-sidestart|p1: Lusch|move: Stealth Rock
|move|p1a: Venusaur|Sludge Bomb|p2a: Azelf
|-damage|p2a: Azelf|50\/291
|
|turn|2
|
|switch|p1a: Heatran|Heatran, M|386\/386
|-damage|p1a: Heatran|338\/386|[from] Stealth Rock
|move|p2a: Azelf|Explosion|p1a: Heatran
|-resisted|p1a: Heatran
|-damage|p1a: Heatran|199\/386
|faint|p2a: Azelf
|
|-heal|p1a: Heatran|223\/386|[from] item: Leftovers
|
|switch|p2a: 08|Crawdaunt, M, shiny|278\/278
|turn|3
|
|move|p2a: 08|Knock Off|p1a: Heatran
|-damage|p1a: Heatran|0 fnt
|-enditem|p1a: Heatran|Leftovers|[from] move: Knock Off|[of] p2a: 08
|-damage|p2a: 08|251\/278|[from] item: Life Orb
|faint|p1a: Heatran
|
|
|switch|p1a: Gyarados|Gyarados, M|331\/331
|-damage|p1a: Gyarados|249\/331|[from] Stealth Rock
|-ability|p1a: Gyarados|Intimidate|[of] p2a: 08
|-unboost|p2a: 08|atk|1
|turn|4
|
|switch|p2a: Lopunny|Lopunny, F, shiny|271\/271
|move|p1a: Gyarados|Bounce|p2a: Lopunny|[still]
|-prepare|p1a: Gyarados|Bounce|p2a: Lopunny
|
|-heal|p1a: Gyarados|269\/331|[from] item: Leftovers
|turn|5
|
|switch|p2a: Bisharp|Bisharp, M, shiny|271\/271
|move|p1a: Gyarados|Bounce|p2a: Bisharp
|-resisted|p2a: Bisharp
|-damage|p2a: Bisharp|197\/271
|
|-heal|p1a: Gyarados|289\/331|[from] item: Leftovers
|turn|6
|
|move|p1a: Gyarados|Substitute|p1a: Gyarados
|-start|p1a: Gyarados|Substitute
|-damage|p1a: Gyarados|207\/331
|move|p2a: Bisharp|Swords Dance|p2a: Bisharp
|-boost|p2a: Bisharp|atk|2
|
|-heal|p1a: Gyarados|227\/331|[from] item: Leftovers
|turn|7
|
|move|p1a: Gyarados|Waterfall|p2a: Bisharp
|-damage|p2a: Bisharp|46\/271
|move|p2a: Bisharp|Knock Off|p1a: Gyarados
|-end|p1a: Gyarados|Substitute
|-damage|p2a: Bisharp|19\/271|[from] item: Life Orb
|
|-heal|p1a: Gyarados|247\/331|[from] item: Leftovers
|turn|8
|
|move|p1a: Gyarados|Substitute|p1a: Gyarados
|-start|p1a: Gyarados|Substitute
|-damage|p1a: Gyarados|165\/331
|move|p2a: Bisharp|Knock Off|p1a: Gyarados
|-end|p1a: Gyarados|Substitute
|-damage|p2a: Bisharp|0 fnt|[from] item: Life Orb
|faint|p2a: Bisharp
|
|-heal|p1a: Gyarados|185\/331|[from] item: Leftovers
|
|switch|p2a: Latios|Latios, M, shiny|301\/301
|turn|9
|
|switch|p1a: Tyranitar|Tyranitar, M|403\/403
|-damage|p1a: Tyranitar|353\/403|[from] Stealth Rock
|-weather|Sandstorm
|move|p2a: Latios|Draco Meteor|p1a: Tyranitar|[miss]
|-miss|p2a: Latios|p1a: Tyranitar
|
|-weather|Sandstorm|[upkeep]
|-damage|p2a: Latios|283\/301|[from] sandstorm
|turn|10
|
|move|p2a: Latios|Earthquake|p1a: Tyranitar
|-supereffective|p1a: Tyranitar
|-damage|p1a: Tyranitar|174\/403
|-damage|p2a: Latios|253\/301|[from] item: Life Orb
|move|p1a: Tyranitar|Pursuit|p2a: Latios
|-supereffective|p2a: Latios
|-damage|p2a: Latios|47\/301
|
|-weather|Sandstorm|[upkeep]
|-damage|p2a: Latios|29\/301|[from] sandstorm
|turn|11
|
|move|p2a: Latios|Draco Meteor|p1a: Tyranitar
|-damage|p1a: Tyranitar|34\/403
|-unboost|p2a: Latios|spa|2
|-damage|p2a: Latios|0 fnt|[from] item: Life Orb
|faint|p2a: Latios
|move|p1a: Tyranitar|Pursuit|p2: Latios|[notarget]
|-notarget
|
|-weather|Sandstorm|[upkeep]
|
|switch|p2a: 08|Crawdaunt, M, shiny|251\/278
|turn|12
|
|move|p2a: 08|Swords Dance|p2a: 08
|-boost|p2a: 08|atk|2
|move|p1a: Tyranitar|Superpower|p2a: 08
|-crit|p2a: 08
|-supereffective|p2a: 08
|-damage|p2a: 08|0 fnt
|-unboost|p1a: Tyranitar|atk|1
|-unboost|p1a: Tyranitar|def|1
|faint|p2a: 08
|
|-weather|Sandstorm|[upkeep]
|
|switch|p2a: Gengar|Gengar, M, shiny|261\/261
|turn|13
|
|move|p2a: Gengar|Sludge Wave|p1a: Tyranitar
|-resisted|p1a: Tyranitar
|-damage|p1a: Tyranitar|0 fnt
|-damage|p2a: Gengar|235\/261|[from] item: Life Orb
|faint|p1a: Tyranitar
|
|-weather|none
|
|switch|p1a: Starmie|Starmie|323\/323
|-damage|p1a: Starmie|283\/323|[from] Stealth Rock
|turn|14
|
|move|p1a: Starmie|Psyshock|p2a: Gengar
|-supereffective|p2a: Gengar
|-damage|p2a: Gengar|0 fnt
|faint|p2a: Gengar
|
|-heal|p1a: Starmie|303\/323|[from] item: Leftovers
|
|switch|p2a: Lopunny|Lopunny, F, shiny|271\/271
|turn|15
|
|detailschange|p2a: Lopunny|Lopunny-Mega, F, shiny
|-mega|p2a: Lopunny|Lopunny|Lopunnite
|move|p2a: Lopunny|Fake Out|p1a: Starmie
|-damage|p1a: Starmie|222\/323
|cant|p1a: Starmie|flinch
|
|-heal|p1a: Starmie|242\/323|[from] item: Leftovers
|turn|16
|
|move|p2a: Lopunny|Frustration|p1a: Starmie
|-damage|p1a: Starmie|50\/323
|move|p1a: Starmie|Psyshock|p2a: Lopunny
|-supereffective|p2a: Lopunny
|-damage|p2a: Lopunny|79\/271
|
|-heal|p1a: Starmie|70\/323|[from] item: Leftovers
|turn|17
|
|move|p2a: Lopunny|Frustration|p1a: Starmie
|-damage|p1a: Starmie|0 fnt
|faint|p1a: Starmie
|
|
|switch|p1a: Landorus-Therian|Landorus-Therian, M|319\/319
|-damage|p1a: Landorus-Therian|280\/319|[from] Stealth Rock
|-ability|p1a: Landorus-Therian|Intimidate|[of] p2a: Lopunny
|-unboost|p2a: Lopunny|atk|1
|turn|18
|c|★Lusch|craw sd lost u the match
|
|move|p1a: Landorus-Therian|Earthquake|p2a: Lopunny
|-crit|p2a: Lopunny
|-damage|p2a: Lopunny|0 fnt
|faint|p2a: Lopunny
|
|win|Lusch
|raw|Ladder updating...
|raw|Lusch's rating: 1629 &rarr; <strong>1652<\/strong><br \/>(+23 for winning)
|raw|OTRTVC's rating: 1680 &rarr; <strong>1657<\/strong><br \/>(-23 for losing)
|leave|OTRTVC
|player|p2
|c|★Lusch|gg