|join|bey630
|join|Kioskate
|player|p1|bey630|176
|player|p2|Kioskate|265
|gametype|singles
|gen|6
|tier|OU
|rated
|clearpoke
|poke|p1|Slowbro, F
|poke|p1|Landorus-Therian, M
|poke|p1|Talonflame, F
|poke|p1|Heatran, F
|poke|p1|Latios, M
|poke|p1|Clefable, M
|poke|p2|Gothitelle, M
|poke|p2|Sableye, F
|poke|p2|Jirachi
|poke|p2|Chesnaught, F
|poke|p2|Skarmory, F
|poke|p2|Clefable, M
|rule|Swagger Clause: Swagger is banned
|rule|Baton Pass Clause: Limit one Pokémon knowing Baton Pass
|rule|Sleep Clause Mod: Limit one foe put to sleep
|rule|Species Clause: Limit one of each Pokémon
|rule|OHKO Clause: OHKO moves are banned
|rule|Moody Clause: Moody is banned
|rule|Evasion Moves Clause: Evasion moves are banned
|rule|Endless Battle Clause: Forcing endless battles is banned
|rule|HP Percentage Mod: HP is shown in percentages
|teampreview
|
|start
|switch|p1a: Heatran|Heatran, F|386\/386
|switch|p2a: Chesnaught|Chesnaught, F|379\/379
|turn|1
|
|switch|p2a: Gothitelle|Gothitelle, M|344\/344
|move|p1a: Heatran|Lava Plume|p2a: Gothitelle
|-damage|p2a: Gothitelle|254\/344
|
|-heal|p2a: Gothitelle|275\/344|[from] item: Leftovers
|turn|2
|
|move|p1a: Heatran|Stealth Rock|p2a: Gothitelle
|-sidestart|p2: Kioskate|move: Stealth Rock
|move|p2a: Gothitelle|Calm Mind|p2a: Gothitelle
|-boost|p2a: Gothitelle|spa|1
|-boost|p2a: Gothitelle|spd|1
|
|-heal|p2a: Gothitelle|296\/344|[from] item: Leftovers
|turn|3
|
|move|p1a: Heatran|Toxic|p2a: Gothitelle
|-status|p2a: Gothitelle|tox
|move|p2a: Gothitelle|Dark Pulse|p1a: Heatran
|-damage|p1a: Heatran|297\/386
|
|-heal|p1a: Heatran|321\/386|[from] item: Leftovers
|-heal|p2a: Gothitelle|317\/344 tox|[from] item: Leftovers
|-damage|p2a: Gothitelle|296\/344 tox|[from] psn
|turn|4
|
|move|p1a: Heatran|Lava Plume|p2a: Gothitelle
|-damage|p2a: Gothitelle|241\/344 tox
|move|p2a: Gothitelle|Calm Mind|p2a: Gothitelle
|-boost|p2a: Gothitelle|spa|1
|-boost|p2a: Gothitelle|spd|1
|
|-heal|p1a: Heatran|345\/386|[from] item: Leftovers
|-heal|p2a: Gothitelle|262\/344 tox|[from] item: Leftovers
|-damage|p2a: Gothitelle|220\/344 tox|[from] psn
|turn|5
|
|move|p1a: Heatran|Lava Plume|p2a: Gothitelle
|-damage|p2a: Gothitelle|177\/344 tox
|move|p2a: Gothitelle|Rest|p2a: Gothitelle
|-status|p2a: Gothitelle|slp
|-heal|p2a: Gothitelle|344\/344 slp|[silent]
|-status|p2a: Gothitelle|slp|[from] move: Rest
|
|-heal|p1a: Heatran|369\/386|[from] item: Leftovers
|turn|6
|
|move|p1a: Heatran|Lava Plume|p2a: Gothitelle
|-damage|p2a: Gothitelle|302\/344 slp
|cant|p2a: Gothitelle|slp
|
|-heal|p1a: Heatran|386\/386|[from] item: Leftovers
|-heal|p2a: Gothitelle|323\/344 slp|[from] item: Leftovers
|turn|7
|c|★Kioskate|no roar?
|c|★bey630|nah
|
|move|p1a: Heatran|Lava Plume|p2a: Gothitelle
|-damage|p2a: Gothitelle|275\/344 slp
|cant|p2a: Gothitelle|slp
|
|-heal|p2a: Gothitelle|296\/344 slp|[from] item: Leftovers
|turn|8
|c|★Kioskate|yay
|
|move|p1a: Heatran|Lava Plume|p2a: Gothitelle
|-damage|p2a: Gothitelle|247\/344 slp
|-curestatus|p2a: Gothitelle|slp
|move|p2a: Gothitelle|Calm Mind|p2a: Gothitelle
|-boost|p2a: Gothitelle|spa|1
|-boost|p2a: Gothitelle|spd|1
|
|-heal|p2a: Gothitelle|268\/344|[from] item: Leftovers
|turn|9
|c|★Kioskate|first battle with this team
|
|move|p1a: Heatran|Toxic|p2a: Gothitelle
|-status|p2a: Gothitelle|tox
|move|p2a: Gothitelle|Calm Mind|p2a: Gothitelle
|-boost|p2a: Gothitelle|spa|1
|-boost|p2a: Gothitelle|spd|1
|
|-heal|p2a: Gothitelle|289\/344 tox|[from] item: Leftovers
|-damage|p2a: Gothitelle|268\/344 tox|[from] psn
|turn|10
|
|move|p1a: Heatran|Lava Plume|p2a: Gothitelle
|-damage|p2a: Gothitelle|240\/344 tox
|move|p2a: Gothitelle|Calm Mind|p2a: Gothitelle
|-boost|p2a: Gothitelle|spa|1
|-boost|p2a: Gothitelle|spd|1
|
|-heal|p2a: Gothitelle|261\/344 tox|[from] item: Leftovers
|-damage|p2a: Gothitelle|219\/344 tox|[from] psn
|turn|11
|
|move|p1a: Heatran|Lava Plume|p2a: Gothitelle
|-damage|p2a: Gothitelle|192\/344 tox
|move|p2a: Gothitelle|Calm Mind|p2a: Gothitelle
|-boost|p2a: Gothitelle|spa|1
|-boost|p2a: Gothitelle|spd|1
|
|-heal|p2a: Gothitelle|213\/344 tox|[from] item: Leftovers
|-damage|p2a: Gothitelle|150\/344 tox|[from] psn
|turn|12
|
|move|p1a: Heatran|Lava Plume|p2a: Gothitelle
|-damage|p2a: Gothitelle|126\/344 tox
|move|p2a: Gothitelle|Dark Pulse|p1a: Heatran
|-crit|p1a: Heatran
|-damage|p1a: Heatran|22\/386
|
|-heal|p1a: Heatran|46\/386|[from] item: Leftovers
|-heal|p2a: Gothitelle|147\/344 tox|[from] item: Leftovers
|-damage|p2a: Gothitelle|63\/344 tox|[from] psn
|turn|13
|
|move|p1a: Heatran|Lava Plume|p2a: Gothitelle
|-damage|p2a: Gothitelle|41\/344 tox
|move|p2a: Gothitelle|Rest|p2a: Gothitelle
|-status|p2a: Gothitelle|slp
|-heal|p2a: Gothitelle|344\/344 slp|[silent]
|-status|p2a: Gothitelle|slp|[from] move: Rest
|
|-heal|p1a: Heatran|70\/386|[from] item: Leftovers
|turn|14
|c|★Kioskate|Hate how cancel never works
|c|★Kioskate|wanted to rest instead of pulse
|-message|bey630 forfeited.
|leave|bey630
|
|win|Kioskate
|raw|Ladder updating...
|player|p1
|raw|bey630's rating: 1190 &rarr; <strong>1169<\/strong><br \/>(-21 for losing)
|raw|Kioskate's rating: 1253 &rarr; <strong>1273<\/strong><br \/>(+20 for winning)