|join|Less than tragic
|join|kunz even1
|player|p1|Less than tragic|184
|player|p2|kunz even1|170
|gametype|singles
|gen|6
|tier|UU
|rated
|rule|Sleep Clause Mod: Limit one foe put to sleep
|rule|Species Clause: Limit one of each Pokémon
|rule|OHKO Clause: OHKO moves are banned
|rule|Moody Clause: Moody is banned
|rule|Evasion Moves Clause: Evasion moves are banned
|rule|Endless Battle Clause: Forcing endless battles is banned
|rule|HP Percentage Mod: HP is shown in percentages
|clearpoke
|poke|p1|Nidoking, M, shiny
|poke|p1|Aerodactyl, F
|poke|p1|Hydreigon, F
|poke|p1|Empoleon, M
|poke|p1|Machamp, F
|poke|p1|Starmie
|poke|p2|Liepard, M, shiny
|poke|p2|Kabutops, F, shiny
|poke|p2|Ludicolo, F, shiny
|poke|p2|Poliwrath, M, shiny
|poke|p2|Seismitoad, F, shiny
|poke|p2|Electrode, shiny
|rule|Swagger Clause: Swagger is banned
|rule|Baton Pass Clause: Limit one Pokémon knowing Baton Pass
|teampreview
|
|start
|switch|p1a: Machamp|Machamp, F|364\/364
|switch|p2a: Electrode|Electrode, shiny|324\/324
|turn|1
|
|move|p2a: Electrode|Rain Dance|p2a: Electrode
|-weather|RainDance
|move|p1a: Machamp|Close Combat|p2a: Electrode
|-damage|p2a: Electrode|6\/324
|-unboost|p1a: Machamp|def|1
|-unboost|p1a: Machamp|spd|1
|
|-weather|RainDance|[upkeep]
|turn|2
|
|move|p1a: Machamp|Bullet Punch|p2a: Electrode
|-resisted|p2a: Electrode
|-damage|p2a: Electrode|0 fnt
|faint|p2a: Electrode
|
|-weather|RainDance|[upkeep]
|
|switch|p2a: Seismitoad|Seismitoad, F, shiny|351\/351
|turn|3
|
|switch|p1a: Hydreigon|Hydreigon, F|325\/325
|move|p2a: Seismitoad|Surf|p1a: Hydreigon
|-resisted|p1a: Hydreigon
|-damage|p1a: Hydreigon|181\/325
|-damage|p2a: Seismitoad|316\/351|[from] item: Life Orb
|
|-weather|RainDance|[upkeep]
|turn|4
|
|move|p2a: Seismitoad|Surf|p1a: Hydreigon
|-resisted|p1a: Hydreigon
|-damage|p1a: Hydreigon|45\/325
|-damage|p2a: Seismitoad|281\/351|[from] item: Life Orb
|move|p1a: Hydreigon|Draco Meteor|p2a: Seismitoad
|-damage|p2a: Seismitoad|0 fnt
|-unboost|p1a: Hydreigon|spa|2
|faint|p2a: Seismitoad
|
|-weather|RainDance|[upkeep]
|
|switch|p2a: Poliwrath|Poliwrath, M, shiny|322\/322
|turn|5
|
|switch|p1a: Starmie|Starmie|261\/261
|move|p2a: Poliwrath|Belly Drum|p2a: Poliwrath
|-damage|p2a: Poliwrath|161\/322
|-setboost|p2a: Poliwrath|atk|6|[from] move: Belly Drum
|-enditem|p2a: Poliwrath|Sitrus Berry|[eat]
|-heal|p2a: Poliwrath|241\/322|[from] item: Sitrus Berry
|
|-weather|RainDance|[upkeep]
|turn|6
|
|move|p1a: Starmie|Psyshock|p2a: Poliwrath
|-supereffective|p2a: Poliwrath
|-damage|p2a: Poliwrath|5\/322
|move|p2a: Poliwrath|Waterfall|p1a: Starmie
|-resisted|p1a: Starmie
|-damage|p1a: Starmie|0 fnt
|faint|p1a: Starmie
|
|-weather|RainDance|[upkeep]
|
|switch|p1a: Machamp|Machamp, F|364\/364
|turn|7
|c|★kunz even1|nice, i don't think at a scarf
|
|move|p1a: Machamp|Bullet Punch|p2a: Poliwrath
|-resisted|p2a: Poliwrath
|-damage|p2a: Poliwrath|0 fnt
|faint|p2a: Poliwrath
|
|-weather|RainDance|[upkeep]
|
|switch|p2a: Ludicolo|Ludicolo, F, shiny|302\/302
|turn|8
|c|★kunz even1|it wil be hard for me right now
|c|★Less than tragic|Its pretty weak, but it does what it needs to do in most cases;)
|
|move|p2a: Ludicolo|Surf|p1a: Machamp
|-damage|p1a: Machamp|169\/364
|-damage|p2a: Ludicolo|272\/302|[from] item: Life Orb
|move|p1a: Machamp|Knock Off|p2a: Ludicolo
|-damage|p2a: Ludicolo|107\/302
|-enditem|p2a: Ludicolo|Life Orb|[from] move: Knock Off|[of] p1a: Machamp
|
|-weather|none
|turn|9
|
|move|p2a: Ludicolo|Surf|p1a: Machamp
|-crit|p1a: Machamp
|-damage|p1a: Machamp|6\/364
|move|p1a: Machamp|Close Combat|p2a: Ludicolo
|-damage|p2a: Ludicolo|0 fnt
|-unboost|p1a: Machamp|def|1
|-unboost|p1a: Machamp|spd|1
|faint|p2a: Ludicolo
|
|
|switch|p2a: Liepard|Liepard, M, shiny|332\/332
|turn|10
|
|move|p2a: Liepard|Rain Dance|p2a: Liepard
|-weather|RainDance
|move|p1a: Machamp|Close Combat|p2a: Liepard
|-supereffective|p2a: Liepard
|-damage|p2a: Liepard|0 fnt
|-unboost|p1a: Machamp|def|1
|-unboost|p1a: Machamp|spd|1
|faint|p2a: Liepard
|
|-weather|RainDance|[upkeep]
|c|★kunz even1|thz massacre ^^
|c|★Less than tragic|:p
|
|switch|p2a: Kabutops|Kabutops, F, shiny|262\/262
|turn|11
|
|move|p2a: Kabutops|Aqua Jet|p1a: Machamp
|-damage|p1a: Machamp|0 fnt
|-damage|p2a: Kabutops|236\/262|[from] item: Life Orb
|faint|p1a: Machamp
|
|-weather|RainDance|[upkeep]
|
|switch|p1a: Empoleon|Empoleon, M|371\/371
|turn|12
|c|★kunz even1|gg, no superpower on kabutops
|c|★Less than tragic|gg
|
|move|p2a: Kabutops|Waterfall|p1a: Empoleon
|-resisted|p1a: Empoleon
|-damage|p1a: Empoleon|241\/371
|-damage|p2a: Kabutops|210\/262|[from] item: Life Orb
|cant|p1a: Empoleon|flinch
|
|-weather|RainDance|[upkeep]
|-heal|p1a: Empoleon|264\/371|[from] item: Leftovers
|turn|13
|c|★Less than tragic|im defensive
|c|★Less than tragic|so dont think it would have mattered
|c|★kunz even1|lol
|c|★kunz even1|i hope 4 flinch ^^
|c|★Less than tragic|lol
|c|★Less than tragic|you only need 2 more
|
|move|p2a: Kabutops|Waterfall|p1a: Empoleon
|-resisted|p1a: Empoleon
|-damage|p1a: Empoleon|147\/371
|-damage|p2a: Kabutops|184\/262|[from] item: Life Orb
|move|p1a: Empoleon|Scald|p2a: Kabutops
|-crit|p2a: Kabutops
|-damage|p2a: Kabutops|0 fnt
|faint|p2a: Kabutops
|
|win|Less than tragic
|raw|Ladder updating...
|raw|Less than tragic's rating: 1319 &rarr; <strong>1340<\/strong><br \/>(+21 for winning)
|raw|kunz even1's rating: 1341 &rarr; <strong>1320<\/strong><br \/>(-21 for losing)
|c|★Less than tragic|gg:)
|c|★kunz even1|gg ^^