|join|muk the kid
|join|nintendistagamer
|player|p1|muk the kid|170
|player|p2|nintendistagamer|137
|gametype|singles
|gen|6
|tier|OU
|rated
|clearpoke
|poke|p1|Sceptile, F
|poke|p1|Talonflame, F
|poke|p1|Starmie
|poke|p1|Landorus-Therian, M
|poke|p1|Lucario, F
|poke|p1|Rotom-Wash
|poke|p2|Gyarados, M
|poke|p2|Breloom, M
|poke|p2|Landorus, M
|poke|p2|Thundurus, M
|poke|p2|Jirachi
|poke|p2|Tyranitar, F
|rule|Swagger Clause: Swagger is banned
|rule|Baton Pass Clause: Limit one Pokémon knowing Baton Pass
|rule|Sleep Clause Mod: Limit one foe put to sleep
|rule|Species Clause: Limit one of each Pokémon
|rule|OHKO Clause: OHKO moves are banned
|rule|Moody Clause: Moody is banned
|rule|Evasion Moves Clause: Evasion moves are banned
|rule|Endless Battle Clause: Forcing endless battles is banned
|rule|HP Percentage Mod: HP is shown in percentages
|teampreview
|join|HimitsuFactory
|join|Updated Kanto
|c| HimitsuFactory|FIRST
|c|★nintendistagamer|:D
|
|start
|switch|p1a: Reptar|Sceptile, F|281\/281
|switch|p2a: Breloom|Breloom, M|261\/261
|turn|1
|c| Updated Kanto|watch out c0mp
|c| Updated Kanto|i mean
|
|switch|p2a: Jirachi|Jirachi|341\/341
|detailschange|p1a: Reptar|Sceptile-Mega, F
|-mega|p1a: Reptar|Sceptile|Sceptilite
|move|p1a: Reptar|Dragon Pulse|p2a: Jirachi
|-resisted|p2a: Jirachi
|-damage|p2a: Jirachi|247\/341
|
|turn|2
|c| Updated Kanto|muk
|c|★muk the kid|ok
|
|switch|p1a: Rotardation|Rotom-Wash|303\/303
|move|p2a: Jirachi|U-turn|p1a: Rotardation
|-damage|p1a: Rotardation|256\/303
|c| Updated Kanto|ur facing a
|
|switch|p2a: Breloom|Breloom, M|261\/261
|
|-heal|p1a: Rotardation|274\/303|[from] item: Leftovers
|turn|3
|c| Updated Kanto|somebody from a language room
|c| Updated Kanto|language rooms = good
|c| Updated Kanto|?!????
|
|switch|p1a: Balonflame|Talonflame, F|359\/359
|move|p2a: Breloom|Bullet Seed|p1a: Balonflame
|-resisted|p1a: Balonflame
|-damage|p1a: Balonflame|339\/359
|-resisted|p1a: Balonflame
|-damage|p1a: Balonflame|317\/359
|-resisted|p1a: Balonflame
|-damage|p1a: Balonflame|294\/359
|-hitcount|p1a: Balonflame|3
|
|-heal|p1a: Balonflame|316\/359|[from] item: Leftovers
|turn|4
|
|switch|p1a: DOGE EBINEST|Lucario, F|281\/281
|switch|p2a: Tyranitar|Tyranitar, F|341\/341
|-weather|Sandstorm
|
|-weather|Sandstorm|[upkeep]
|turn|5
|
|move|p2a: Tyranitar|Earthquake|p1a: DOGE EBINEST
|-supereffective|p1a: DOGE EBINEST
|-damage|p1a: DOGE EBINEST|0 fnt
|faint|p1a: DOGE EBINEST
|
|-weather|Sandstorm|[upkeep]
|c| HimitsuFactory|ai
|c|★nintendistagamer|a.a
|c| Updated Kanto|get fukt
|c|★muk the kid|yeah rocks lando the good set!
|
|switch|p1a: Landorus-Therian|Landorus-Therian, M|381\/381
|-ability|p1a: Landorus-Therian|Intimidate|[of] p2a: Tyranitar
|-unboost|p2a: Tyranitar|atk|1
|turn|6
|c| HimitsuFactory|wut
|
|switch|p2a: Landorus|Landorus, M|319\/319
|move|p1a: Landorus-Therian|Stealth Rock|p2a: Landorus
|-sidestart|p2: nintendistagamer|move: Stealth Rock
|
|-weather|Sandstorm|[upkeep]
|turn|7
|join|TOTEMO
|
|switch|p1a: Starmeme|Starmie|323\/323
|move|p2a: Landorus|Stealth Rock|p1a: Starmeme
|-sidestart|p1: muk the kid|move: Stealth Rock
|
|-weather|Sandstorm|[upkeep]
|-damage|p1a: Starmeme|303\/323|[from] sandstorm
|-heal|p1a: Starmeme|323\/323|[from] item: Leftovers
|turn|8
|c|★nintendistagamer|interessante que landorus para landorus a.a
|
|move|p1a: Starmeme|Ice Beam|p2a: Landorus
|-supereffective|p2a: Landorus
|-damage|p2a: Landorus|0 fnt
|faint|p2a: Landorus
|
|-weather|none
|
|switch|p2a: Tyranitar|Tyranitar, F|341\/341
|-damage|p2a: Tyranitar|299\/341|[from] Stealth Rock
|-weather|Sandstorm
|turn|9
|c|★muk the kid|yeah haha!
|
|move|p2a: Tyranitar|Crunch|p1a: Starmeme
|-supereffective|p1a: Starmeme
|-damage|p1a: Starmeme|0 fnt
|faint|p1a: Starmeme
|
|-weather|Sandstorm|[upkeep]
|
|switch|p1a: Landorus-Therian|Landorus-Therian, M|381\/381
|-damage|p1a: Landorus-Therian|334\/381|[from] Stealth Rock
|-ability|p1a: Landorus-Therian|Intimidate|[of] p2a: Tyranitar
|-unboost|p2a: Tyranitar|atk|1
|turn|10
|join|yuy
|
|switch|p2a: Jirachi|Jirachi|247\/341
|-damage|p2a: Jirachi|226\/341|[from] Stealth Rock
|move|p1a: Landorus-Therian|U-turn|p2a: Jirachi
|-damage|p2a: Jirachi|146\/341
|c| HimitsuFactory|hi guys
|
|switch|p1a: Rotardation|Rotom-Wash|274\/303
|-damage|p1a: Rotardation|237\/303|[from] Stealth Rock
|
|-weather|Sandstorm|[upkeep]
|-damage|p1a: Rotardation|219\/303|[from] sandstorm
|-heal|p1a: Rotardation|237\/303|[from] item: Leftovers
|turn|11
|c|★nintendistagamer|finalmente um americano que não é otário ;-;
|c| yuy|https:\/\/www.youtube.com\/watch?v=P8rAuOG2uD0
|c| HimitsuFactory|quem
|
|move|p2a: Jirachi|Zen Headbutt|p1a: Rotardation
|-damage|p1a: Rotardation|152\/303
|move|p1a: Rotardation|Volt Switch|p2a: Jirachi
|-damage|p2a: Jirachi|58\/341
|
|switch|p1a: Balonflame|Talonflame, F|316\/359
|-damage|p1a: Balonflame|137\/359|[from] Stealth Rock
|
|-weather|Sandstorm|[upkeep]
|-damage|p1a: Balonflame|115\/359|[from] sandstorm
|-heal|p1a: Balonflame|137\/359|[from] item: Leftovers
|turn|12
|c|★nintendistagamer|esse cara que tou batalhando
|c|★nintendistagamer|sdds flinch
|
|move|p1a: Balonflame|Roost|p1a: Balonflame
|-heal|p1a: Balonflame|317\/359
|move|p2a: Jirachi|Zen Headbutt|p1a: Balonflame
|-damage|p1a: Balonflame|151\/359
|
|-weather|Sandstorm|[upkeep]
|-damage|p1a: Balonflame|129\/359|[from] sandstorm
|-heal|p1a: Balonflame|151\/359|[from] item: Leftovers
|turn|13
|c| HimitsuFactory|vou enviar meu video pro yt agora
|
|switch|p2a: Tyranitar|Tyranitar, F|299\/341
|-damage|p2a: Tyranitar|257\/341|[from] Stealth Rock
|move|p1a: Balonflame|Bulk Up|p1a: Balonflame
|-boost|p1a: Balonflame|atk|1
|-boost|p1a: Balonflame|def|1
|
|-weather|none
|-heal|p1a: Balonflame|173\/359|[from] item: Leftovers
|turn|14
|c| HimitsuFactory|se demorar é por causa disso
|
|move|p1a: Balonflame|Roost|p1a: Balonflame
|-heal|p1a: Balonflame|353\/359
|move|p2a: Tyranitar|Stone Edge|p1a: Balonflame
|-supereffective|p1a: Balonflame
|-damage|p1a: Balonflame|15\/359
|
|-heal|p1a: Balonflame|37\/359|[from] item: Leftovers
|turn|15
|c|★nintendistagamer|ai
|
|move|p1a: Balonflame|Roost|p1a: Balonflame
|-heal|p1a: Balonflame|217\/359
|move|p2a: Tyranitar|Stone Edge|p1a: Balonflame
|-supereffective|p1a: Balonflame
|-damage|p1a: Balonflame|0 fnt
|faint|p1a: Balonflame
|
|c|★nintendistagamer|mds
|
|switch|p1a: Reptar|Sceptile-Mega, F|281\/281
|-damage|p1a: Reptar|246\/281|[from] Stealth Rock
|turn|16
|c| HimitsuFactory|USA NATURAL GIFT
|c| HimitsuFactory|COM APICOT BERRY
|c|★nintendistagamer|só o meu tyranitar que ta matando aqui
|c| HimitsuFactory|NGM É MELHOR Q EU
|
|switch|p2a: Thundurus|Thundurus, M|299\/299
|-damage|p2a: Thundurus|225\/299|[from] Stealth Rock
|move|p1a: Reptar|Focus Blast|p2a: Thundurus
|-resisted|p2a: Thundurus
|-damage|p2a: Thundurus|122\/299
|
|-heal|p2a: Thundurus|140\/299|[from] item: Leftovers
|turn|17
|c|★nintendistagamer|vdd
|c|★nintendistagamer|a.a
|
|move|p1a: Reptar|Dragon Pulse|p2a: Thundurus
|-damage|p2a: Thundurus|0 fnt
|faint|p2a: Thundurus
|
|c| HimitsuFactory|hp ice
|c| HimitsuFactory|k
|
|switch|p2a: Jirachi|Jirachi|58\/341
|-damage|p2a: Jirachi|37\/341|[from] Stealth Rock
|turn|18
|
|switch|p1a: Landorus-Therian|Landorus-Therian, M|334\/381
|-damage|p1a: Landorus-Therian|287\/381|[from] Stealth Rock
|-ability|p1a: Landorus-Therian|Intimidate|[of] p2a: Jirachi
|-unboost|p2a: Jirachi|atk|1
|move|p2a: Jirachi|U-turn|p1a: Landorus-Therian
|-resisted|p1a: Landorus-Therian
|-damage|p1a: Landorus-Therian|261\/381
|
|switch|p2a: Breloom|Breloom, M|261\/261
|-damage|p2a: Breloom|245\/261|[from] Stealth Rock
|
|-heal|p1a: Landorus-Therian|284\/381|[from] item: Leftovers
|turn|19
|
|move|p2a: Breloom|Bullet Seed|p1a: Landorus-Therian
|-damage|p1a: Landorus-Therian|211\/381
|-damage|p1a: Landorus-Therian|138\/381
|-damage|p1a: Landorus-Therian|65\/381
|-hitcount|p1a: Landorus-Therian|3
|move|p1a: Landorus-Therian|U-turn|p2a: Breloom
|-damage|p2a: Breloom|153\/261
|c|★nintendistagamer|vish
|
|switch|p1a: Reptar|Sceptile-Mega, F|246\/281
|-damage|p1a: Reptar|211\/281|[from] Stealth Rock
|
|turn|20
|c|★nintendistagamer|a.a
|c| HimitsuFactory|staraptor scarf com intimidate é bom?
|
|move|p2a: Breloom|Mach Punch|p1a: Reptar
|-damage|p1a: Reptar|79\/281
|move|p1a: Reptar|Dragon Pulse|p2a: Breloom
|-crit|p2a: Breloom
|-damage|p2a: Breloom|0 fnt
|faint|p2a: Breloom
|
|c| HimitsuFactory|tipo landorus ta ligado
|c|★nintendistagamer|nunca usei e nunca vi
|c| HimitsuFactory|okn
|
|switch|p2a: Jirachi|Jirachi|37\/341
|-damage|p2a: Jirachi|16\/341|[from] Stealth Rock
|turn|21
|
|switch|p1a: Landorus-Therian|Landorus-Therian, M|65\/381
|-damage|p1a: Landorus-Therian|18\/381|[from] Stealth Rock
|-ability|p1a: Landorus-Therian|Intimidate|[of] p2a: Jirachi
|-unboost|p2a: Jirachi|atk|1
|move|p2a: Jirachi|Zen Headbutt|p1a: Landorus-Therian
|-damage|p1a: Landorus-Therian|0 fnt
|faint|p1a: Landorus-Therian
|
|
|switch|p1a: Rotardation|Rotom-Wash|152\/303
|-damage|p1a: Rotardation|115\/303|[from] Stealth Rock
|turn|22
|
|move|p2a: Jirachi|Zen Headbutt|p1a: Rotardation
|-damage|p1a: Rotardation|57\/303
|move|p1a: Rotardation|Volt Switch|p2a: Jirachi
|-damage|p2a: Jirachi|0 fnt
|faint|p2a: Jirachi
|
|switch|p1a: Reptar|Sceptile-Mega, F|79\/281
|-damage|p1a: Reptar|44\/281|[from] Stealth Rock
|
|c|★nintendistagamer|;-;
|c| Updated Kanto|;-;
|
|switch|p2a: hora de dancar|Gyarados, M|331\/331
|-damage|p2a: hora de dancar|249\/331|[from] Stealth Rock
|-ability|p2a: hora de dancar|Intimidate|[of] p1a: Reptar
|-unboost|p1a: Reptar|atk|1
|turn|23
|c| yuy|;=;
|
|move|p1a: Reptar|Leaf Storm|p2a: hora de dancar
|-damage|p2a: hora de dancar|0 fnt
|-unboost|p1a: Reptar|spa|2
|faint|p2a: hora de dancar
|
|join|Apathos
|
|switch|p2a: Tyranitar|Tyranitar, F|257\/341
|-damage|p2a: Tyranitar|215\/341|[from] Stealth Rock
|-weather|Sandstorm
|turn|24
|
|move|p1a: Reptar|Focus Blast|p2a: Tyranitar|[miss]
|-miss|p1a: Reptar|p2a: Tyranitar
|move|p2a: Tyranitar|Crunch|p1a: Reptar
|-crit|p1a: Reptar
|-damage|p1a: Reptar|0 fnt
|faint|p1a: Reptar
|
|-weather|Sandstorm|[upkeep]
|c|★muk the kid|yeah
|c|★muk the kid|of course you would
|c|★nintendistagamer|yep
|c|★nintendistagamer|gg bro
|c|★muk the kid|yeah this was a gg man!
|-message|muk the kid forfeited.
|leave|muk the kid
|
|win|nintendistagamer
|raw|Ladder updating...
|player|p1
|raw|muk the kid's rating: 1688 &rarr; <strong>1668<\/strong><br \/>(-20 for losing)
|raw|nintendistagamer's rating: 1693 &rarr; <strong>1713<\/strong><br \/>(+20 for winning)
|leave|Updated Kanto
|c|★nintendistagamer|1700 ç.ç
|c| HimitsuFactory|k
|c| HimitsuFactory|PQ TODO MUNDO É MELHOR Q EU
|leave|Apathos
|c| HimitsuFactory|e seu landorus tem sand force?
|c|★nintendistagamer|não
|c|★nintendistagamer|tem sheer force