|join|Muk the kid
|join|Pokemon Black 1
|join|Altilt
|player|p1|Muk the kid|256
|player|p2|Pokemon Black 1|169
|gametype|singles
|gen|6
|tier|OU
|rated
|clearpoke
|poke|p1|Diancie
|poke|p1|Azumarill, M
|poke|p1|Talonflame, M
|poke|p1|Ferrothorn, M
|poke|p1|Mew
|poke|p1|Latias, F
|poke|p2|Serperior, M
|poke|p2|Dugtrio, F
|poke|p2|Umbreon, F
|poke|p2|Keldeo
|poke|p2|Entei, shiny
|poke|p2|Scizor, M
|rule|Swagger Clause: Swagger is banned
|rule|Baton Pass Clause: Limit one Pokémon knowing Baton Pass
|rule|Sleep Clause Mod: Limit one foe put to sleep
|rule|Species Clause: Limit one of each Pokémon
|rule|OHKO Clause: OHKO moves are banned
|rule|Moody Clause: Moody is banned
|rule|Evasion Moves Clause: Evasion moves are banned
|rule|Endless Battle Clause: Forcing endless battles is banned
|rule|HP Percentage Mod: HP is shown in percentages
|teampreview
|
|start
|switch|p1a: Talonflame|Talonflame, M|297\/297
|switch|p2a: Entei|Entei, shiny|371\/371
|-ability|p2a: Entei|Pressure
|turn|1
|c| Altilt|things that lose to tran + duggy the team!
|c| Altilt|creativity overload!
|
|switch|p1a: Diancie|Diancie|241\/241
|move|p2a: Entei|Sacred Fire|p1a: Diancie
|-resisted|p1a: Diancie
|-damage|p1a: Diancie|142\/241
|
|turn|2
|c|★Pokemon Black 1|i've beaten diggersrna
|c|★Pokemon Black 1|already
|c|★Muk the kid|<sacred fire
|c|★Muk the kid|Ij
|c|★Muk the kid|OkK
|
|switch|p2a: Dugtrio|Dugtrio, F|211\/211
|detailschange|p1a: Diancie|Diancie-Mega
|-mega|p1a: Diancie|Diancie|Diancite
|move|p1a: Diancie|Diamond Storm|p2a: Dugtrio
|-resisted|p2a: Dugtrio
|-damage|p2a: Dugtrio|69\/211
|
|turn|3
|c|★Muk the kid|The good core
|c|★Muk the kid|ah eys
|c|★Muk the kid|the quality resist
|
|move|p2a: Dugtrio|Earthquake|p1a: Diancie
|-supereffective|p1a: Diancie
|-damage|p1a: Diancie|0 fnt
|faint|p1a: Diancie
|
|
|switch|p1a: Talonflame|Talonflame, M|297\/297
|turn|4
|c| Altilt|nice flying resist
|
|switch|p2a: Umbreon|Umbreon, F|394\/394
|move|p1a: Talonflame|Brave Bird|p2a: Umbreon
|-damage|p2a: Umbreon|243\/394
|-damage|p1a: Talonflame|247\/297|[from] recoil|[of] p2a: Umbreon
|
|-heal|p2a: Umbreon|267\/394|[from] item: Leftovers
|turn|5
|c|★Muk the kid|umbreon is his flying resist
|
|switch|p1a: Azumarill|Azumarill, M|386\/386
|move|p2a: Umbreon|Wish|p2a: Umbreon
|
|-heal|p2a: Umbreon|291\/394|[from] item: Leftovers
|turn|6
|c| Altilt|what does this kid do vs
|
|switch|p1a: Ferrothorn|Ferrothorn, M|352\/352
|move|p2a: Umbreon|Toxic|p1a: Ferrothorn
|-fail|p1a: Ferrothorn
|
|-heal|p2a: Umbreon|394\/394|[from] move: Wish|[wisher] Umbreon
|turn|7
|c| Altilt|pinsir
|c| Altilt|kek
|c|★Muk the kid|notihng
|c|★Pokemon Black 1|entei prob
|c|★Muk the kid|he hopes he doesnt see it
|c|★Muk the kid|!
|c|★Muk the kid|ELELELEL
|c| Altilt|what does entei do
|c|★Pokemon Black 1|assuming I can predict well enough
|c| Altilt|push out an espeed and die
|
|switch|p2a: Entei|Entei, shiny|371\/371
|-ability|p2a: Entei|Pressure
|move|p1a: Ferrothorn|Stealth Rock|p2a: Entei
|-sidestart|p2: Pokemon Black 1|move: Stealth Rock
|
|turn|8
|c| Altilt|thats it
|c| Altilt|nothing else
|
|switch|p1a: Latias|Latias, F|301\/301
|move|p2a: Entei|Sacred Fire|p1a: Latias
|-resisted|p1a: Latias
|-damage|p1a: Latias|165\/301
|
|turn|9
|
|switch|p2a: Scizor|Scizor, M|343\/343
|-damage|p2a: Scizor|301\/343|[from] Stealth Rock
|move|p1a: Latias|Roost|p1a: Latias
|-heal|p1a: Latias|301\/301
|
|turn|10
|c|★Pokemon Black 1|nah it has to set up first
|
|switch|p1a: Talonflame|Talonflame, M|247\/297
|detailschange|p2a: Scizor|Scizor-Mega, M
|-mega|p2a: Scizor|Scizor|Scizorite
|move|p2a: Scizor|Defog|p1a: Talonflame
|-unboost|p1a: Talonflame|evasion|1
|-sideend|p2: Pokemon Black 1|Stealth Rock|[from] move: Defog|[of] p2a: Scizor
|
|turn|11
|c| Altilt|umbreon makes that pretty easy kid...
|
|switch|p1a: Ferrothorn|Ferrothorn, M|352\/352
|switch|p2a: Umbreon|Umbreon, F|394\/394
|
|turn|12
|
|switch|p2a: Entei|Entei, shiny|371\/371
|-ability|p2a: Entei|Pressure
|move|p1a: Ferrothorn|Stealth Rock|p2a: Entei
|-sidestart|p2: Pokemon Black 1|move: Stealth Rock
|
|turn|13
|
|move|p1a: Ferrothorn|Protect|p1a: Ferrothorn
|-singleturn|p1a: Ferrothorn|Protect
|move|p2a: Entei|Sacred Fire|p1a: Ferrothorn
|-activate|p1a: Ferrothorn|Protect
|
|turn|14
|
|switch|p1a: Talonflame|Talonflame, M|247\/297
|move|p2a: Entei|Sacred Fire|p1a: Talonflame
|-resisted|p1a: Talonflame
|-damage|p1a: Talonflame|63\/297
|
|turn|15
|
|move|p1a: Talonflame|Roost|p1a: Talonflame
|-heal|p1a: Talonflame|212\/297
|move|p2a: Entei|Sacred Fire|p1a: Talonflame
|-resisted|p1a: Talonflame
|-damage|p1a: Talonflame|43\/297
|
|turn|16
|
|move|p1a: Talonflame|Roost|p1a: Talonflame
|-heal|p1a: Talonflame|192\/297
|move|p2a: Entei|Sacred Fire|p1a: Talonflame
|-resisted|p1a: Talonflame
|-damage|p1a: Talonflame|0 fnt
|faint|p1a: Talonflame
|
|c|★Pokemon Black 1|OK
|c|★Pokemon Black 1|I think I can do this now
|
|switch|p1a: Azumarill|Azumarill, M|386\/386
|turn|17
|c|★Pokemon Black 1|you know what wrecks me
|c|★Pokemon Black 1|mega venu
|join|Updated Kanto
|
|switch|p2a: Scizor|Scizor-Mega, M|301\/343
|-damage|p2a: Scizor|259\/343|[from] Stealth Rock
|move|p1a: Azumarill|Knock Off|p2a: Scizor
|-damage|p2a: Scizor|202\/343
|
|turn|18
|join|TOTEMO
|
|move|p2a: Scizor|Defog|p1a: Azumarill
|-unboost|p1a: Azumarill|evasion|1
|-sideend|p2: Pokemon Black 1|Stealth Rock|[from] move: Defog|[of] p2a: Scizor
|move|p1a: Azumarill|Belly Drum|p1a: Azumarill
|-damage|p1a: Azumarill|193\/386
|-setboost|p1a: Azumarill|atk|6|[from] move: Belly Drum
|-enditem|p1a: Azumarill|Sitrus Berry|[eat]
|-heal|p1a: Azumarill|289\/386|[from] item: Sitrus Berry
|
|turn|19
|c| Altilt|u have 2 mvenu counters and something that does ok vs non sludge bomb variants
|
|move|p2a: Scizor|Bullet Punch|p1a: Azumarill
|-damage|p1a: Azumarill|171\/386
|move|p1a: Azumarill|Aqua Jet|p2a: Scizor
|-damage|p2a: Scizor|0 fnt
|faint|p2a: Scizor
|
|join|Reud
|c| Altilt|i have literally no idea what ur talking about
|c|★Pokemon Black 1|what are my mega counters?
|c| Altilt|entei and msciz KEK
|
|switch|p2a: Serperior|Serperior, M|291\/291
|turn|20
|c| Altilt|serp doesnt give a shit without sludge either
|c| Updated Kanto|msciz isn't a counter......
|c|★Pokemon Black 1|mega venu with bomb beats entei
|c|★Pokemon Black 1|and msciz loses to hp fire venu
|
|move|p1a: Azumarill|Aqua Jet|p2a: Serperior
|-resisted|p2a: Serperior
|-damage|p2a: Serperior|102\/291
|move|p2a: Serperior|Leaf Storm|p1a: Azumarill
|-supereffective|p1a: Azumarill
|-damage|p1a: Azumarill|0 fnt
|-boost|p2a: Serperior|spa|2
|faint|p1a: Azumarill
|
|join|y4
|
|switch|p1a: Latias|Latias, F|301\/301
|turn|21
|
|move|p2a: Serperior|Dragon Pulse|p1a: Latias
|-supereffective|p1a: Latias
|-damage|p1a: Latias|79\/301
|move|p1a: Latias|Draco Meteor|p2a: Serperior
|-damage|p2a: Serperior|0 fnt
|-unboost|p1a: Latias|spa|2
|-damage|p1a: Latias|49\/301|[from] item: Life Orb
|faint|p2a: Serperior
|
|c| y4|SERP THE GOD
|
|switch|p2a: Dugtrio|Dugtrio, F|69\/211
|turn|22
|
|move|p2a: Dugtrio|Stone Edge|p1a: Latias
|-crit|p1a: Latias
|-damage|p1a: Latias|0 fnt
|faint|p1a: Latias
|
|-message|Muk the kid forfeited.
|leave|Muk the kid
|
|win|Pokemon Black 1
|raw|Ladder updating...
|player|p1
|leave|Reud
|raw|Muk the kid's rating: 1700 &rarr; <strong>1669<\/strong><br \/>(-31 for losing)
|raw|Pokemon Black 1's rating: 1480 &rarr; <strong>1512<\/strong><br \/>(+32 for winning)
|leave|y4