|join|Vorpallord
|join|Muk the kid
|player|p1|Vorpallord|2
|player|p2|Muk the kid|256
|gametype|singles
|gen|6
|tier|OU
|rated
|clearpoke
|poke|p1|Diggersby, M
|poke|p1|Raikou
|poke|p1|Azelf
|poke|p1|Bisharp, F
|poke|p1|Slowbro, F
|poke|p1|Landorus, M
|poke|p2|Porygon2
|poke|p2|Dugtrio, F
|poke|p2|Altaria, M
|poke|p2|Suicune
|poke|p2|Zapdos
|poke|p2|Clefable, F
|rule|Swagger Clause: Swagger is banned
|rule|Baton Pass Clause: Limit one Pokémon knowing Baton Pass
|rule|Sleep Clause Mod: Limit one foe put to sleep
|rule|Species Clause: Limit one of each Pokémon
|rule|OHKO Clause: OHKO moves are banned
|rule|Moody Clause: Moody is banned
|rule|Evasion Moves Clause: Evasion moves are banned
|rule|Endless Battle Clause: Forcing endless battles is banned
|rule|HP Percentage Mod: HP is shown in percentages
|teampreview
|
|start
|switch|p1a: Azelf|Azelf|291\/291
|switch|p2a: Altaria|Altaria, M|354\/354
|turn|1
|
|detailschange|p2a: Altaria|Altaria-Mega, M
|-mega|p2a: Altaria|Altaria|Altarianite
|move|p1a: Azelf|Stealth Rock|p2a: Altaria
|-sidestart|p2: Muk the kid|move: Stealth Rock
|move|p2a: Altaria|Dragon Dance|p2a: Altaria
|-boost|p2a: Altaria|atk|1
|-boost|p2a: Altaria|spe|1
|
|turn|2
|
|move|p1a: Azelf|Taunt|p2a: Altaria
|-start|p2a: Altaria|move: Taunt
|cant|p2a: Altaria|move: Taunt|Dragon Dance
|
|turn|3
|
|move|p1a: Azelf|Explosion|p2a: Altaria
|-damage|p2a: Altaria|135\/354
|faint|p1a: Azelf
|move|p2a: Altaria|Return|p1: Azelf|[notarget]
|-notarget
|
|
|switch|p1a: Bisharp|Bisharp, F|272\/272
|turn|4
|
|move|p1a: Bisharp|Sucker Punch|p2a: Altaria
|-crit|p2a: Altaria
|-resisted|p2a: Altaria
|-damage|p2a: Altaria|48\/354
|move|p2a: Altaria|Return|p1a: Bisharp
|-damage|p1a: Bisharp|5\/272
|
|-end|p2a: Altaria|move: Taunt
|turn|5
|
|move|p2a: Altaria|Return|p1a: Bisharp
|-damage|p1a: Bisharp|0 fnt
|faint|p1a: Bisharp
|
|
|switch|p1a: Diggersby|Diggersby, M|311\/311
|turn|6
|
|move|p1a: Diggersby|Quick Attack|p2a: Altaria
|-damage|p2a: Altaria|0 fnt
|-damage|p1a: Diggersby|280\/311|[from] item: Life Orb
|faint|p2a: Altaria
|
|
|switch|p2a: Suicune|Suicune|404\/404
|-damage|p2a: Suicune|354\/404|[from] Stealth Rock
|-ability|p2a: Suicune|Pressure
|turn|7
|
|switch|p1a: Slowbro|Slowbro, F|394\/394
|move|p2a: Suicune|Scald|p1a: Slowbro
|-resisted|p1a: Slowbro
|-damage|p1a: Slowbro|337\/394
|-status|p1a: Slowbro|brn
|
|-heal|p2a: Suicune|379\/404|[from] item: Leftovers
|-damage|p1a: Slowbro|288\/394 brn|[from] brn
|turn|8
|
|switch|p2a: Clefable|Clefable, F|394\/394
|detailschange|p1a: Slowbro|Slowbro-Mega, F
|-mega|p1a: Slowbro|Slowbro|Slowbronite
|move|p1a: Slowbro|Psyshock|p2a: Clefable
|-damage|p2a: Clefable|241\/394
|
|-heal|p2a: Clefable|265\/394|[from] item: Leftovers
|-damage|p1a: Slowbro|239\/394 brn|[from] brn
|turn|9
|
|move|p2a: Clefable|Stealth Rock|p1a: Slowbro
|-sidestart|p1: Vorpallord|move: Stealth Rock
|move|p1a: Slowbro|Psyshock|p2a: Clefable
|-damage|p2a: Clefable|97\/394
|
|-heal|p2a: Clefable|121\/394|[from] item: Leftovers
|-damage|p1a: Slowbro|190\/394 brn|[from] brn
|turn|10
|
|move|p2a: Clefable|Soft-Boiled|p2a: Clefable
|-heal|p2a: Clefable|318\/394
|move|p1a: Slowbro|Psyshock|p2a: Clefable
|-damage|p2a: Clefable|141\/394
|
|-heal|p2a: Clefable|165\/394|[from] item: Leftovers
|-damage|p1a: Slowbro|141\/394 brn|[from] brn
|turn|11
|join|CFTC DBZ SSJ3 V3
|
|move|p2a: Clefable|Moonblast|p1a: Slowbro
|-damage|p1a: Slowbro|20\/394 brn
|-unboost|p1a: Slowbro|spa|1
|move|p1a: Slowbro|Slack Off|p1a: Slowbro
|-heal|p1a: Slowbro|217\/394 brn
|
|-heal|p2a: Clefable|189\/394|[from] item: Leftovers
|-damage|p1a: Slowbro|168\/394 brn|[from] brn
|turn|12
|
|move|p2a: Clefable|Soft-Boiled|p2a: Clefable
|-heal|p2a: Clefable|386\/394
|move|p1a: Slowbro|Psyshock|p2a: Clefable
|-crit|p2a: Clefable
|-damage|p2a: Clefable|157\/394
|
|-heal|p2a: Clefable|181\/394|[from] item: Leftovers
|-damage|p1a: Slowbro|119\/394 brn|[from] brn
|turn|13
|
|move|p2a: Clefable|Moonblast|p1a: Slowbro
|-damage|p1a: Slowbro|0 fnt
|faint|p1a: Slowbro
|
|-heal|p2a: Clefable|205\/394|[from] item: Leftovers
|
|switch|p1a: Diggersby|Diggersby, M|280\/311
|-damage|p1a: Diggersby|261\/311|[from] Stealth Rock
|turn|14
|
|move|p1a: Diggersby|Frustration|p2a: Clefable
|-damage|p2a: Clefable|0 fnt
|-damage|p1a: Diggersby|230\/311|[from] item: Life Orb
|faint|p2a: Clefable
|
|
|switch|p2a: Suicune|Suicune|379\/404
|-damage|p2a: Suicune|329\/404|[from] Stealth Rock
|-ability|p2a: Suicune|Pressure
|turn|15
|
|switch|p1a: Raikou|Raikou|321\/321
|-damage|p1a: Raikou|281\/321|[from] Stealth Rock
|-ability|p1a: Raikou|Pressure
|move|p2a: Suicune|Scald|p1a: Raikou
|-crit|p1a: Raikou
|-damage|p1a: Raikou|143\/321
|
|-heal|p1a: Raikou|163\/321|[from] item: Leftovers
|-heal|p2a: Suicune|354\/404|[from] item: Leftovers
|turn|16
|
|switch|p2a: Dugtrio|Dugtrio, F|211\/211
|-damage|p2a: Dugtrio|198\/211|[from] Stealth Rock
|move|p1a: Raikou|Hidden Power|p2a: Dugtrio
|-supereffective|p2a: Dugtrio
|-damage|p2a: Dugtrio|12\/211
|
|-heal|p1a: Raikou|183\/321|[from] item: Leftovers
|turn|17
|join|topkektus
|c| CFTC DBZ SSJ3 V3|tanked
|
|move|p2a: Dugtrio|Earthquake|p1a: Raikou
|-supereffective|p1a: Raikou
|-damage|p1a: Raikou|0 fnt
|faint|p1a: Raikou
|
|
|switch|p1a: Landorus|Landorus, M|319\/319
|-damage|p1a: Landorus|280\/319|[from] Stealth Rock
|turn|18
|join|Rock Throw
|
|move|p2a: Dugtrio|Memento|p1a: Landorus
|-unboost|p1a: Landorus|atk|2
|-unboost|p1a: Landorus|spa|2
|faint|p2a: Dugtrio
|move|p1a: Landorus|Rock Polish|p1a: Landorus
|-boost|p1a: Landorus|spe|2
|
|
|switch|p2a: Porygon2|Porygon2|374\/374
|-damage|p2a: Porygon2|328\/374|[from] Stealth Rock
|-ability|p2a: Porygon2|Sheer Force|[from] ability: Trace|[of] p1a: Landorus
|turn|19
|c| CFTC DBZ SSJ3 V3|owned
|
|move|p1a: Landorus|Earth Power|p2a: Porygon2
|-damage|p2a: Porygon2|258\/374
|move|p2a: Porygon2|Ice Beam|p1a: Landorus
|-supereffective|p1a: Landorus
|-damage|p1a: Landorus|0 fnt
|faint|p1a: Landorus
|
|
|switch|p1a: Diggersby|Diggersby, M|230\/311
|-damage|p1a: Diggersby|211\/311|[from] Stealth Rock
|turn|20
|
|move|p1a: Diggersby|Swords Dance|p1a: Diggersby
|-boost|p1a: Diggersby|atk|2
|move|p2a: Porygon2|Ice Beam|p1a: Diggersby
|-supereffective|p1a: Diggersby
|-damage|p1a: Diggersby|0 fnt
|faint|p1a: Diggersby
|
|win|Muk the kid
|raw|Ladder updating...
|raw|Vorpallord's rating: 1220 &rarr; <strong>1197<\/strong><br \/>(-23 for losing)
|raw|Muk the kid's rating: 1237 &rarr; <strong>1261<\/strong><br \/>(+24 for winning)