|join|Muk The Kid
|join|471V3
|player|p1|Muk The Kid|209
|player|p2|471V3|158
|gametype|singles
|gen|6
|tier|OU
|rated
|clearpoke
|poke|p1|Gyarados, M
|poke|p1|Ferrothorn, F
|poke|p1|Latias, F
|poke|p1|Slowbro, F
|poke|p1|Gliscor, F
|poke|p1|Talonflame, M
|poke|p2|Kyurem-Black
|poke|p2|Heracross, F
|poke|p2|Jirachi
|poke|p2|Azumarill, F
|poke|p2|Landorus-Therian, M
|poke|p2|Mew
|rule|Swagger Clause: Swagger is banned
|rule|Baton Pass Clause: Limit one Pokémon knowing Baton Pass
|rule|Sleep Clause Mod: Limit one foe put to sleep
|rule|Species Clause: Limit one of each Pokémon
|rule|OHKO Clause: OHKO moves are banned
|rule|Moody Clause: Moody is banned
|rule|Evasion Moves Clause: Evasion moves are banned
|rule|Endless Battle Clause: Forcing endless battles is banned
|rule|HP Percentage Mod: HP is shown in percentages
|teampreview
|join|DOGE EBINEST
|join|Outrageous Fortune
|
|start
|switch|p1a: Talonflame|Talonflame, M|359\/359
|switch|p2a: Kyurem-Black|Kyurem-Black|417\/417
|-ability|p2a: Kyurem-Black|Teravolt
|turn|1
|join|yuy
|c|★Muk The Kid|I thought you'd lead rachi
|c|★Muk The Kid|predicting latias
|c|★Muk The Kid|hm
|
|move|p1a: Talonflame|Will-O-Wisp|p2a: Kyurem-Black
|-status|p2a: Kyurem-Black|brn
|move|p2a: Kyurem-Black|Fusion Bolt|p1a: Talonflame
|-supereffective|p1a: Talonflame
|-damage|p1a: Talonflame|179\/359
|
|-heal|p1a: Talonflame|201\/359|[from] item: Leftovers
|-damage|p2a: Kyurem-Black|365\/417 brn|[from] brn
|turn|2
|c|★Muk The Kid|:^^^^)
|
|move|p1a: Talonflame|Roost|p1a: Talonflame
|-heal|p1a: Talonflame|359\/359
|move|p2a: Kyurem-Black|Earth Power|p1a: Talonflame
|-supereffective|p1a: Talonflame
|-damage|p1a: Talonflame|169\/359
|
|-heal|p1a: Talonflame|191\/359|[from] item: Leftovers
|-damage|p2a: Kyurem-Black|313\/417 brn|[from] brn
|turn|3
|
|switch|p1a: Slowbro|Slowbro, F|393\/393
|move|p2a: Kyurem-Black|Ice Beam|p1a: Slowbro
|-resisted|p1a: Slowbro
|-damage|p1a: Slowbro|305\/393
|
|-heal|p1a: Slowbro|329\/393|[from] item: Leftovers
|-damage|p2a: Kyurem-Black|261\/417 brn|[from] brn
|turn|4
|
|switch|p2a: Mew|Mew|401\/401
|move|p1a: Slowbro|Slack Off|p1a: Slowbro
|-heal|p1a: Slowbro|393\/393
|
|turn|5
|
|switch|p1a: Talonflame|Talonflame, M|191\/359
|move|p2a: Mew|Knock Off|p1a: Talonflame
|-damage|p1a: Talonflame|88\/359
|-enditem|p1a: Talonflame|Leftovers|[from] move: Knock Off|[of] p2a: Mew
|
|turn|6
|
|switch|p2a: Kyurem-Black|Kyurem-Black|261\/417 brn
|-ability|p2a: Kyurem-Black|Teravolt
|move|p1a: Talonflame|Will-O-Wisp|p2a: Kyurem-Black
|-fail|p2a: Kyurem-Black|brn
|
|-damage|p2a: Kyurem-Black|209\/417 brn|[from] brn
|turn|7
|
|move|p1a: Talonflame|Roost|p1a: Talonflame
|-heal|p1a: Talonflame|268\/359
|move|p2a: Kyurem-Black|Ice Beam|p1a: Talonflame
|-resisted|p1a: Talonflame
|-damage|p1a: Talonflame|192\/359
|
|-damage|p2a: Kyurem-Black|157\/417 brn|[from] brn
|turn|8
|
|move|p1a: Talonflame|Roost|p1a: Talonflame
|-heal|p1a: Talonflame|359\/359
|move|p2a: Kyurem-Black|Ice Beam|p1a: Talonflame
|-crit|p1a: Talonflame
|-resisted|p1a: Talonflame
|-damage|p1a: Talonflame|249\/359
|
|-damage|p2a: Kyurem-Black|105\/417 brn|[from] brn
|turn|9
|
|move|p1a: Talonflame|Brave Bird|p2a: Kyurem-Black
|-crit|p2a: Kyurem-Black
|-damage|p2a: Kyurem-Black|0 fnt
|-damage|p1a: Talonflame|214\/359|[from] recoil|[of] p2a: Kyurem-Black
|faint|p2a: Kyurem-Black
|
|
|switch|p2a: Azumarill|Azumarill, F|389\/389
|turn|10
|
|switch|p1a: Ferrothorn|Ferrothorn, F|352\/352
|move|p2a: Azumarill|Aqua Jet|p1a: Ferrothorn
|-resisted|p1a: Ferrothorn
|-damage|p1a: Ferrothorn|310\/352
|-damage|p2a: Azumarill|341\/389|[from] ability: Iron Barbs|[of] p1a: Ferrothorn
|
|-heal|p1a: Ferrothorn|332\/352|[from] item: Leftovers
|turn|11
|
|switch|p2a: Jirachi|Jirachi|401\/401
|move|p1a: Ferrothorn|Stealth Rock|p2a: Jirachi
|-sidestart|p2: 471V3|move: Stealth Rock
|
|-heal|p1a: Ferrothorn|352\/352|[from] item: Leftovers
|turn|12
|
|switch|p1a: Gliscor|Gliscor, F|352\/352
|move|p2a: Jirachi|Body Slam|p1a: Gliscor
|-damage|p1a: Gliscor|293\/352
|-status|p1a: Gliscor|par
|
|turn|13
|
|move|p2a: Jirachi|Stealth Rock|p1a: Gliscor
|-sidestart|p1: Muk The Kid|move: Stealth Rock
|move|p1a: Gliscor|Knock Off|p2a: Jirachi
|-supereffective|p2a: Jirachi
|-damage|p2a: Jirachi|245\/401
|-enditem|p2a: Jirachi|Leftovers|[from] move: Knock Off|[of] p1a: Gliscor
|
|turn|14
|
|move|p2a: Jirachi|Iron Head|p1a: Gliscor
|-damage|p1a: Gliscor|209\/352 par
|move|p1a: Gliscor|Earthquake|p2a: Jirachi
|-supereffective|p2a: Jirachi
|-damage|p2a: Jirachi|17\/401
|
|turn|15
|
|switch|p1a: Talonflame|Talonflame, M|214\/359
|-damage|p1a: Talonflame|35\/359|[from] Stealth Rock
|move|p2a: Jirachi|Iron Head|p1a: Talonflame
|-resisted|p1a: Talonflame
|-damage|p1a: Talonflame|0 fnt
|faint|p1a: Talonflame
|
|
|switch|p1a: Latias|Latias, F|299\/299
|-damage|p1a: Latias|262\/299|[from] Stealth Rock
|turn|16
|
|move|p1a: Latias|Psyshock|p2a: Jirachi
|-resisted|p2a: Jirachi
|-damage|p2a: Jirachi|0 fnt
|-damage|p1a: Latias|233\/299|[from] item: Life Orb
|faint|p2a: Jirachi
|
|
|switch|p2a: Mew|Mew|401\/401
|-damage|p2a: Mew|351\/401|[from] Stealth Rock
|turn|17
|
|move|p1a: Latias|Defog|p2a: Mew
|-unboost|p2a: Mew|evasion|1
|-sideend|p2: 471V3|Stealth Rock|[from] move: Defog|[of] p2a: Mew
|-sideend|p1: Muk The Kid|Stealth Rock|[from] move: Defog|[of] p1a: Latias
|move|p2a: Mew|Will-O-Wisp|p1a: Latias
|-status|p1a: Latias|brn
|
|-heal|p2a: Mew|376\/401|[from] item: Leftovers
|-damage|p1a: Latias|196\/299 brn|[from] brn
|turn|18
|
|switch|p1a: Gyarados|Gyarados, M|331\/331
|-ability|p1a: Gyarados|Intimidate|[of] p2a: Mew
|-unboost|p2a: Mew|atk|1
|move|p2a: Mew|Knock Off|p1a: Gyarados
|-damage|p1a: Gyarados|289\/331
|
|-heal|p2a: Mew|401\/401|[from] item: Leftovers
|turn|19
|
|detailschange|p1a: Gyarados|Gyarados-Mega, M
|-mega|p1a: Gyarados|Gyarados|Gyaradosite
|-ability|p1a: Gyarados|Mold Breaker
|move|p1a: Gyarados|Crunch|p2a: Mew
|-supereffective|p2a: Mew
|-damage|p2a: Mew|113\/401
|move|p2a: Mew|Will-O-Wisp|p1a: Gyarados|[miss]
|-miss|p2a: Mew|p1a: Gyarados
|
|-heal|p2a: Mew|138\/401|[from] item: Leftovers
|turn|20
|c|★Muk The Kid|EZ
|c|★Muk The Kid|PZ
|c|★471V3|fuck
|
|switch|p2a: Landorus-Therian|Landorus-Therian, M|351\/351
|-ability|p2a: Landorus-Therian|Intimidate|[of] p1a: Gyarados
|-unboost|p1a: Gyarados|atk|1
|move|p1a: Gyarados|Waterfall|p2a: Landorus-Therian
|-supereffective|p2a: Landorus-Therian
|-damage|p2a: Landorus-Therian|81\/351
|
|-heal|p2a: Landorus-Therian|102\/351|[from] item: Leftovers
|turn|21
|c|★Muk The Kid|AYY LMAO
|
|move|p1a: Gyarados|Waterfall|p2a: Landorus-Therian
|-supereffective|p2a: Landorus-Therian
|-damage|p2a: Landorus-Therian|0 fnt
|faint|p2a: Landorus-Therian
|
|c|★Muk The Kid|LRN2SPEED
|
|switch|p2a: Azumarill|Azumarill, F|341\/389
|turn|22
|
|switch|p1a: Ferrothorn|Ferrothorn, F|352\/352
|switch|p2a: Heracross|Heracross, F|301\/301
|
|turn|23
|
|switch|p1a: Slowbro|Slowbro, F|393\/393
|detailschange|p2a: Heracross|Heracross-Mega, F
|-mega|p2a: Heracross|Heracross|Heracronite
|move|p2a: Heracross|Swords Dance|p2a: Heracross
|-boost|p2a: Heracross|atk|2
|
|turn|24
|
|move|p2a: Heracross|Pin Missile|p1a: Slowbro
|-supereffective|p1a: Slowbro
|-damage|p1a: Slowbro|225\/393
|-supereffective|p1a: Slowbro
|-damage|p1a: Slowbro|73\/393
|-supereffective|p1a: Slowbro
|-damage|p1a: Slowbro|0 fnt
|-hitcount|p1a: Slowbro|3
|faint|p1a: Slowbro
|
|
|switch|p1a: Latias|Latias, F|196\/299 brn
|turn|25
|
|switch|p2a: Mew|Mew|138\/401
|move|p1a: Latias|Psyshock|p2a: Mew
|-resisted|p2a: Mew
|-damage|p2a: Mew|72\/401
|-damage|p1a: Latias|167\/299 brn|[from] item: Life Orb
|
|-heal|p2a: Mew|97\/401|[from] item: Leftovers
|-damage|p1a: Latias|130\/299 brn|[from] brn
|turn|26
|
|switch|p1a: Ferrothorn|Ferrothorn, F|352\/352
|switch|p2a: Azumarill|Azumarill, F|341\/389
|
|turn|27
|
|switch|p2a: Mew|Mew|97\/401
|move|p1a: Ferrothorn|Power Whip|p2a: Mew
|-damage|p2a: Mew|0 fnt
|faint|p2a: Mew
|
|
|switch|p2a: Heracross|Heracross-Mega, F|301\/301
|turn|28
|
|switch|p1a: Gliscor|Gliscor, F|209\/352 par
|move|p2a: Heracross|Close Combat|p1a: Gliscor
|-resisted|p1a: Gliscor
|-damage|p1a: Gliscor|91\/352 par
|-unboost|p2a: Heracross|def|1
|-unboost|p2a: Heracross|spd|1
|
|turn|29
|c|★Muk The Kid|ayy lmao...
|
|move|p2a: Heracross|Close Combat|p1a: Gliscor
|-resisted|p1a: Gliscor
|-damage|p1a: Gliscor|0 fnt
|-unboost|p2a: Heracross|def|1
|-unboost|p2a: Heracross|spd|1
|faint|p1a: Gliscor
|
|
|switch|p1a: Latias|Latias, F|130\/299 brn
|turn|30
|
|switch|p2a: Azumarill|Azumarill, F|341\/389
|move|p1a: Latias|Psyshock|p2a: Azumarill
|-damage|p2a: Azumarill|150\/389
|-damage|p1a: Latias|101\/299 brn|[from] item: Life Orb
|
|-damage|p1a: Latias|64\/299 brn|[from] brn
|turn|31
|
|switch|p1a: Gyarados|Gyarados-Mega, M|289\/331
|-ability|p1a: Gyarados|Mold Breaker
|switch|p2a: Heracross|Heracross-Mega, F|301\/301
|
|turn|32
|
|move|p2a: Heracross|Pin Missile|p1a: Gyarados
|-supereffective|p1a: Gyarados
|-damage|p1a: Gyarados|173\/331
|-supereffective|p1a: Gyarados
|-damage|p1a: Gyarados|71\/331
|-supereffective|p1a: Gyarados
|-damage|p1a: Gyarados|0 fnt
|-hitcount|p1a: Gyarados|3
|faint|p1a: Gyarados
|
|
|switch|p1a: Latias|Latias, F|64\/299 brn
|turn|33
|
|switch|p2a: Azumarill|Azumarill, F|150\/389
|move|p1a: Latias|Psyshock|p2a: Azumarill
|-damage|p2a: Azumarill|0 fnt
|-damage|p1a: Latias|35\/299 brn|[from] item: Life Orb
|faint|p2a: Azumarill
|
|-damage|p1a: Latias|0 fnt|[from] brn
|faint|p1a: Latias
|c|★Muk The Kid|shit yo
|c|★Muk The Kid|I canceled
|c|★Muk The Kid|that's bw
|c|★Muk The Kid|bs
|
|switch|p2a: Heracross|Heracross-Mega, F|301\/301
|switch|p1a: Ferrothorn|Ferrothorn, F|352\/352
|turn|34
|c|★471V3|ayyy lmao
|
|move|p2a: Heracross|Close Combat|p1a: Ferrothorn
|-supereffective|p1a: Ferrothorn
|-damage|p1a: Ferrothorn|0 fnt
|-damage|p2a: Heracross|264\/301|[from] ability: Iron Barbs|[of] p1a: Ferrothorn
|-unboost|p2a: Heracross|def|1
|-unboost|p2a: Heracross|spd|1
|faint|p1a: Ferrothorn
|
|win|471V3
|raw|Ladder updating...
|raw|Muk The Kid's rating: 1736 &rarr; <strong>1706<\/strong><br \/>(-30 for losing)
|raw|471V3's rating: 1539 &rarr; <strong>1570<\/strong><br \/>(+31 for winning)
|c|★471V3|tasty
|c|★471V3|huh?
|c|★471V3|:)