|join|naneek
|join|Muk the kid
|player|p1|naneek|46
|player|p2|Muk the kid|256
|gametype|singles
|gen|6
|tier|OU
|rated
|clearpoke
|poke|p1|Manectric, M
|poke|p1|Scizor, F
|poke|p1|Landorus-Therian, M
|poke|p1|Latios, M
|poke|p1|Keldeo
|poke|p1|Bisharp, M
|poke|p2|Diggersby, M
|poke|p2|Rotom-Wash
|poke|p2|Lopunny, F
|poke|p2|Azumarill, F
|poke|p2|Heatran, F
|poke|p2|Gengar, F
|rule|Swagger Clause: Swagger is banned
|rule|Baton Pass Clause: Limit one Pokémon knowing Baton Pass
|rule|Sleep Clause Mod: Limit one foe put to sleep
|rule|Species Clause: Limit one of each Pokémon
|rule|OHKO Clause: OHKO moves are banned
|rule|Moody Clause: Moody is banned
|rule|Evasion Moves Clause: Evasion moves are banned
|rule|Endless Battle Clause: Forcing endless battles is banned
|rule|HP Percentage Mod: HP is shown in percentages
|teampreview
|
|start
|switch|p1a: Landorus-Therian|Landorus-Therian, M|381\/381
|switch|p2a: Rotom-Wash|Rotom-Wash|303\/303
|-ability|p1a: Landorus-Therian|Intimidate|[of] p2a: Rotom-Wash
|-unboost|p2a: Rotom-Wash|atk|1
|turn|1
|
|move|p1a: Landorus-Therian|U-turn|p2a: Rotom-Wash
|-damage|p2a: Rotom-Wash|248\/303
|
|switch|p1a: Latios|Latios, M|301\/301
|move|p2a: Rotom-Wash|Will-O-Wisp|p1a: Latios
|-status|p1a: Latios|brn
|
|-heal|p2a: Rotom-Wash|266\/303|[from] item: Leftovers
|-damage|p1a: Latios|264\/301 brn|[from] brn
|turn|2
|
|move|p1a: Latios|Psyshock|p2a: Rotom-Wash
|-damage|p2a: Rotom-Wash|124\/303
|-damage|p1a: Latios|234\/301 brn|[from] item: Life Orb
|move|p2a: Rotom-Wash|Hydro Pump|p1a: Latios
|-resisted|p1a: Latios
|-damage|p1a: Latios|174\/301 brn
|
|-heal|p2a: Rotom-Wash|142\/303|[from] item: Leftovers
|-damage|p1a: Latios|137\/301 brn|[from] brn
|turn|3
|
|switch|p2a: Heatran|Heatran, F|385\/385
|move|p1a: Latios|Psyshock|p2a: Heatran
|-resisted|p2a: Heatran
|-damage|p2a: Heatran|304\/385
|-damage|p1a: Latios|107\/301 brn|[from] item: Life Orb
|
|-heal|p2a: Heatran|328\/385|[from] item: Leftovers
|-damage|p1a: Latios|70\/301 brn|[from] brn
|turn|4
|
|switch|p1a: Keldeo|Keldeo|323\/323
|move|p2a: Heatran|Stealth Rock|p1a: Keldeo
|-sidestart|p1: naneek|move: Stealth Rock
|
|-heal|p2a: Heatran|352\/385|[from] item: Leftovers
|turn|5
|
|switch|p2a: Rotom-Wash|Rotom-Wash|142\/303
|move|p1a: Keldeo|Substitute|p1a: Keldeo
|-start|p1a: Keldeo|Substitute
|-damage|p1a: Keldeo|243\/323
|
|-heal|p1a: Keldeo|263\/323|[from] item: Leftovers
|-heal|p2a: Rotom-Wash|160\/303|[from] item: Leftovers
|turn|6
|
|move|p1a: Keldeo|Secret Sword|p2a: Rotom-Wash
|-damage|p2a: Rotom-Wash|55\/303
|move|p2a: Rotom-Wash|Volt Switch|p1a: Keldeo
|-supereffective|p1a: Keldeo
|-end|p1a: Keldeo|Substitute
|
|switch|p2a: Lopunny|Lopunny, F|271\/271
|
|-heal|p1a: Keldeo|283\/323|[from] item: Leftovers
|turn|7
|
|switch|p1a: Latios|Latios, M|70\/301 brn
|-damage|p1a: Latios|33\/301 brn|[from] Stealth Rock
|detailschange|p2a: Lopunny|Lopunny-Mega, F
|-mega|p2a: Lopunny|Lopunny|Lopunnite
|move|p2a: Lopunny|Return|p1a: Latios
|-damage|p1a: Latios|0 fnt
|faint|p1a: Latios
|
|
|switch|p1a: Landorus-Therian|Landorus-Therian, M|381\/381
|-damage|p1a: Landorus-Therian|334\/381|[from] Stealth Rock
|-ability|p1a: Landorus-Therian|Intimidate|[of] p2a: Lopunny
|-unboost|p2a: Lopunny|atk|1
|turn|8
|
|switch|p2a: Rotom-Wash|Rotom-Wash|55\/303
|move|p1a: Landorus-Therian|Stealth Rock|p2a: Rotom-Wash
|-sidestart|p2: Muk the kid|move: Stealth Rock
|
|-heal|p1a: Landorus-Therian|357\/381|[from] item: Leftovers
|-heal|p2a: Rotom-Wash|73\/303|[from] item: Leftovers
|turn|9
|
|move|p1a: Landorus-Therian|Smack Down|p2a: Rotom-Wash
|-damage|p2a: Rotom-Wash|38\/303
|-start|p2a: Rotom-Wash|Smack Down
|move|p2a: Rotom-Wash|Pain Split|p1a: Landorus-Therian
|-sethp|p1a: Landorus-Therian|197\/381|p2a: Rotom-Wash|197\/303|[from] move: Pain Split
|
|-heal|p1a: Landorus-Therian|220\/381|[from] item: Leftovers
|-heal|p2a: Rotom-Wash|215\/303|[from] item: Leftovers
|turn|10
|
|switch|p2a: Gengar|Gengar, F|261\/261
|-damage|p2a: Gengar|229\/261|[from] Stealth Rock
|move|p1a: Landorus-Therian|U-turn|p2a: Gengar
|-resisted|p2a: Gengar
|-damage|p2a: Gengar|202\/261
|
|switch|p1a: Bisharp|Bisharp, M|271\/271
|-damage|p1a: Bisharp|255\/271|[from] Stealth Rock
|
|turn|11
|
|move|p2a: Gengar|Substitute|p2a: Gengar
|-start|p2a: Gengar|Substitute
|-damage|p2a: Gengar|137\/261
|move|p1a: Bisharp|Pursuit|p2a: Gengar
|-supereffective|p2a: Gengar
|-end|p2a: Gengar|Substitute
|-damage|p1a: Bisharp|228\/271|[from] item: Life Orb
|
|turn|12
|
|move|p2a: Gengar|Substitute|p2a: Gengar
|-start|p2a: Gengar|Substitute
|-damage|p2a: Gengar|72\/261
|move|p1a: Bisharp|Knock Off|p2a: Gengar
|-supereffective|p2a: Gengar
|-end|p2a: Gengar|Substitute
|-damage|p1a: Bisharp|201\/271|[from] item: Life Orb
|
|turn|13
|
|move|p2a: Gengar|Focus Blast|p1a: Bisharp
|-supereffective|p1a: Bisharp
|-damage|p1a: Bisharp|0 fnt
|-damage|p2a: Gengar|46\/261|[from] item: Life Orb
|faint|p1a: Bisharp
|
|
|switch|p1a: Scizor|Scizor, F|281\/281
|-damage|p1a: Scizor|246\/281|[from] Stealth Rock
|turn|14
|
|switch|p2a: Rotom-Wash|Rotom-Wash|215\/303
|-damage|p2a: Rotom-Wash|178\/303|[from] Stealth Rock
|move|p1a: Scizor|Bullet Punch|p2a: Rotom-Wash
|-resisted|p2a: Rotom-Wash
|-damage|p2a: Rotom-Wash|153\/303
|-damage|p1a: Scizor|218\/281|[from] item: Life Orb
|
|-heal|p2a: Rotom-Wash|171\/303|[from] item: Leftovers
|turn|15
|
|switch|p1a: Manectric|Manectric, M|281\/281
|-damage|p1a: Manectric|246\/281|[from] Stealth Rock
|move|p2a: Rotom-Wash|Will-O-Wisp|p1a: Manectric
|-status|p1a: Manectric|brn
|
|-heal|p2a: Rotom-Wash|189\/303|[from] item: Leftovers
|-damage|p1a: Manectric|211\/281 brn|[from] brn
|turn|16
|
|detailschange|p1a: Manectric|Manectric-Mega, M
|-mega|p1a: Manectric|Manectric|Manectite
|-ability|p1a: Manectric|Intimidate|[of] p2a: Rotom-Wash
|-unboost|p2a: Rotom-Wash|atk|1
|move|p1a: Manectric|Volt Switch|p2a: Rotom-Wash
|-damage|p2a: Rotom-Wash|63\/303
|
|switch|p1a: Landorus-Therian|Landorus-Therian, M|220\/381
|-damage|p1a: Landorus-Therian|173\/381|[from] Stealth Rock
|-ability|p1a: Landorus-Therian|Intimidate|[of] p2a: Rotom-Wash
|-unboost|p2a: Rotom-Wash|atk|1
|move|p2a: Rotom-Wash|Pain Split|p1a: Landorus-Therian
|-sethp|p1a: Landorus-Therian|118\/381|p2a: Rotom-Wash|118\/303|[from] move: Pain Split
|
|-heal|p1a: Landorus-Therian|141\/381|[from] item: Leftovers
|-heal|p2a: Rotom-Wash|136\/303|[from] item: Leftovers
|turn|17
|
|move|p1a: Landorus-Therian|Smack Down|p2a: Rotom-Wash
|-crit|p2a: Rotom-Wash
|-damage|p2a: Rotom-Wash|76\/303
|-start|p2a: Rotom-Wash|Smack Down
|move|p2a: Rotom-Wash|Volt Switch|p1a: Landorus-Therian
|-immune|p1a: Landorus-Therian|[msg]
|
|-heal|p1a: Landorus-Therian|164\/381|[from] item: Leftovers
|-heal|p2a: Rotom-Wash|94\/303|[from] item: Leftovers
|turn|18
|
|switch|p2a: Gengar|Gengar, F|46\/261
|-damage|p2a: Gengar|14\/261|[from] Stealth Rock
|move|p1a: Landorus-Therian|Earthquake|p2a: Gengar
|-immune|p2a: Gengar|[msg]
|
|-heal|p1a: Landorus-Therian|187\/381|[from] item: Leftovers
|turn|19
|
|move|p2a: Gengar|Shadow Ball|p1a: Landorus-Therian
|-damage|p1a: Landorus-Therian|0 fnt
|-damage|p2a: Gengar|0 fnt|[from] item: Life Orb
|faint|p1a: Landorus-Therian
|faint|p2a: Gengar
|
|
|switch|p1a: Manectric|Manectric-Mega, M|211\/281 brn
|switch|p2a: Lopunny|Lopunny-Mega, F|271\/271
|-damage|p2a: Lopunny|255\/271|[from] Stealth Rock
|-damage|p1a: Manectric|176\/281 brn|[from] Stealth Rock
|-ability|p1a: Manectric|Intimidate|[of] p2a: Lopunny
|-unboost|p2a: Lopunny|atk|1
|turn|20
|
|move|p2a: Lopunny|Fake Out|p1a: Manectric
|-damage|p1a: Manectric|113\/281 brn
|cant|p1a: Manectric|flinch
|
|-damage|p1a: Manectric|78\/281 brn|[from] brn
|turn|21
|
|switch|p2a: Diggersby|Diggersby, M|311\/311
|-damage|p2a: Diggersby|292\/311|[from] Stealth Rock
|move|p1a: Manectric|Thunderbolt|p2a: Diggersby
|-immune|p2a: Diggersby|[msg]
|
|-damage|p1a: Manectric|43\/281 brn|[from] brn
|turn|22
|
|move|p2a: Diggersby|Quick Attack|p1a: Manectric
|-damage|p1a: Manectric|0 fnt
|-damage|p2a: Diggersby|261\/311|[from] item: Life Orb
|faint|p1a: Manectric
|
|
|switch|p1a: Keldeo|Keldeo|283\/323
|-damage|p1a: Keldeo|263\/323|[from] Stealth Rock
|turn|23
|
|move|p2a: Diggersby|Quick Attack|p1a: Keldeo
|-damage|p1a: Keldeo|150\/323
|-damage|p2a: Diggersby|230\/311|[from] item: Life Orb
|move|p1a: Keldeo|Scald|p2a: Diggersby
|-supereffective|p2a: Diggersby
|-damage|p2a: Diggersby|0 fnt
|faint|p2a: Diggersby
|
|-heal|p1a: Keldeo|170\/323|[from] item: Leftovers
|
|switch|p2a: Lopunny|Lopunny-Mega, F|255\/271
|-damage|p2a: Lopunny|239\/271|[from] Stealth Rock
|turn|24
|
|move|p2a: Lopunny|Return|p1a: Keldeo
|-damage|p1a: Keldeo|0 fnt
|faint|p1a: Keldeo
|
|
|switch|p1a: Scizor|Scizor, F|218\/281
|-damage|p1a: Scizor|183\/281|[from] Stealth Rock
|turn|25
|
|move|p2a: Lopunny|High Jump Kick|p1a: Scizor
|-damage|p1a: Scizor|0 fnt
|faint|p1a: Scizor
|
|win|Muk the kid
|raw|Ladder updating...