|join|DayLightNight
|join|Muk the kid
|player|p1|DayLightNight|219
|player|p2|Muk the kid|256
|gametype|singles
|gen|6
|tier|OU
|rated
|clearpoke
|poke|p1|Sableye, F
|poke|p1|Ferrothorn, F
|poke|p1|Tentacruel, F
|poke|p1|Gliscor, F
|poke|p1|Clefable, M
|poke|p1|Heatran, F
|poke|p2|Sceptile, F
|poke|p2|Heatran, F
|poke|p2|Keldeo
|poke|p2|Scizor, M
|poke|p2|Landorus-Therian, M
|poke|p2|Gengar, M
|rule|Swagger Clause: Swagger is banned
|rule|Baton Pass Clause: Limit one Pokémon knowing Baton Pass
|rule|Sleep Clause Mod: Limit one foe put to sleep
|rule|Species Clause: Limit one of each Pokémon
|rule|OHKO Clause: OHKO moves are banned
|rule|Moody Clause: Moody is banned
|rule|Evasion Moves Clause: Evasion moves are banned
|rule|Endless Battle Clause: Forcing endless battles is banned
|rule|HP Percentage Mod: HP is shown in percentages
|teampreview
|
|start
|switch|p1a: Heatran|Heatran, F|385\/385
|switch|p2a: Keldeo|Keldeo|323\/323
|turn|1
|
|switch|p1a: Tentacruel|Tentacruel, F|364\/364
|move|p2a: Keldeo|Scald|p1a: Tentacruel
|-resisted|p1a: Tentacruel
|-damage|p1a: Tentacruel|298\/364
|-status|p1a: Tentacruel|brn
|
|-heal|p1a: Tentacruel|320\/364 brn|[from] item: Black Sludge
|-damage|p1a: Tentacruel|275\/364 brn|[from] brn
|turn|2
|
|switch|p2a: Gengar|Gengar, M|268\/268
|move|p1a: Tentacruel|Knock Off|p2a: Gengar
|-supereffective|p2a: Gengar
|-damage|p2a: Gengar|182\/268
|-enditem|p2a: Gengar|Black Sludge|[from] move: Knock Off|[of] p1a: Tentacruel
|
|-heal|p1a: Tentacruel|297\/364 brn|[from] item: Black Sludge
|-damage|p1a: Tentacruel|252\/364 brn|[from] brn
|turn|3
|
|switch|p2a: Keldeo|Keldeo|323\/323
|move|p1a: Tentacruel|Scald|p2a: Keldeo
|-resisted|p2a: Keldeo
|-damage|p2a: Keldeo|278\/323
|
|-heal|p1a: Tentacruel|274\/364 brn|[from] item: Black Sludge
|-damage|p1a: Tentacruel|229\/364 brn|[from] brn
|turn|4
|
|switch|p2a: Heatran|Heatran, F|385\/385
|move|p1a: Tentacruel|Acid Spray|p2a: Heatran
|-immune|p2a: Heatran|[msg]
|
|-heal|p1a: Tentacruel|251\/364 brn|[from] item: Black Sludge
|-damage|p1a: Tentacruel|206\/364 brn|[from] brn
|turn|5
|
|switch|p1a: Gliscor|Gliscor, F|353\/353
|move|p2a: Heatran|Stealth Rock|p1a: Gliscor
|-sidestart|p1: DayLightNight|move: Stealth Rock
|
|-status|p1a: Gliscor|tox|[from] item: Toxic Orb
|turn|6
|
|switch|p2a: Gengar|Gengar, M|182\/268
|move|p1a: Gliscor|Earthquake|p2a: Gengar
|-immune|p2a: Gengar|[msg]
|
|turn|7
|
|switch|p1a: Heatran|Heatran, F|385\/385
|-damage|p1a: Heatran|337\/385|[from] Stealth Rock
|move|p2a: Gengar|Taunt|p1a: Heatran
|-start|p1a: Heatran|move: Taunt
|
|-heal|p1a: Heatran|361\/385|[from] item: Leftovers
|turn|8
|
|switch|p2a: Keldeo|Keldeo|278\/323
|move|p1a: Heatran|Lava Plume|p2a: Keldeo
|-resisted|p2a: Keldeo
|-damage|p2a: Keldeo|209\/323
|
|-heal|p1a: Heatran|385\/385|[from] item: Leftovers
|turn|9
|
|switch|p1a: Ferrothorn|Ferrothorn, F|352\/352
|-damage|p1a: Ferrothorn|330\/352|[from] Stealth Rock
|move|p2a: Keldeo|Scald|p1a: Ferrothorn
|-resisted|p1a: Ferrothorn
|-damage|p1a: Ferrothorn|261\/352
|
|turn|10
|
|move|p2a: Keldeo|Scald|p1a: Ferrothorn
|-resisted|p1a: Ferrothorn
|-damage|p1a: Ferrothorn|187\/352
|-status|p1a: Ferrothorn|brn
|move|p1a: Ferrothorn|Leech Seed|p2a: Keldeo
|-start|p2a: Keldeo|move: Leech Seed
|
|-damage|p2a: Keldeo|169\/323|[from] Leech Seed|[of] p1a: Ferrothorn
|-heal|p1a: Ferrothorn|227\/352 brn|[silent]
|-damage|p1a: Ferrothorn|183\/352 brn|[from] brn
|turn|11
|
|switch|p2a: Sceptile|Sceptile, F|281\/281
|move|p1a: Ferrothorn|Spikes|p2a: Sceptile
|-sidestart|p2: Muk the kid|Spikes
|
|-damage|p1a: Ferrothorn|139\/352 brn|[from] brn
|turn|12
|
|switch|p1a: Heatran|Heatran, F|385\/385
|-damage|p1a: Heatran|337\/385|[from] Stealth Rock
|detailschange|p2a: Sceptile|Sceptile-Mega, F
|-mega|p2a: Sceptile|Sceptile|Sceptilite
|move|p2a: Sceptile|Focus Blast|p1a: Heatran
|-supereffective|p1a: Heatran
|-damage|p1a: Heatran|93\/385
|
|-heal|p1a: Heatran|117\/385|[from] item: Leftovers
|turn|13
|
|switch|p1a: Gliscor|Gliscor, F|353\/353 tox
|-damage|p1a: Gliscor|309\/353 tox|[from] Stealth Rock
|move|p2a: Sceptile|Focus Blast|p1a: Gliscor
|-resisted|p1a: Gliscor
|-damage|p1a: Gliscor|236\/353 tox
|-unboost|p1a: Gliscor|spd|1
|
|-heal|p1a: Gliscor|280\/353 tox|[from] ability: Poison Heal
|turn|14
|
|move|p2a: Sceptile|Leaf Storm|p1a: Gliscor
|-damage|p1a: Gliscor|0 fnt
|-unboost|p2a: Sceptile|spa|2
|faint|p1a: Gliscor
|
|-message|DayLightNight forfeited.
|
|win|Muk the kid
|raw|Ladder updating...
|leave|DayLightNight
|player|p1
|raw|DayLightNight's rating: 1153 &rarr; <strong>1128<\/strong><br \/>(-25 for losing)
|raw|Muk the kid's rating: 1156 &rarr; <strong>1181<\/strong><br \/>(+25 for winning)