|join|Meruu
|join|morgan threeman
|player|p1|Meruu|174
|player|p2|morgan threeman|10
|gametype|singles
|gen|6
|tier|UU
|rated
|rule|Sleep Clause Mod: Limit one foe put to sleep
|rule|Species Clause: Limit one of each Pokémon
|rule|OHKO Clause: OHKO moves are banned
|rule|Moody Clause: Moody is banned
|rule|Evasion Moves Clause: Evasion moves are banned
|rule|Endless Battle Clause: Forcing endless battles is banned
|rule|HP Percentage Mod: HP is shown in percentages
|clearpoke
|poke|p1|Bronzong
|poke|p1|Florges, F
|poke|p1|Entei, shiny
|poke|p1|Chesnaught, M
|poke|p1|Starmie
|poke|p1|Pidgeot, M
|poke|p2|Alakazam, F
|poke|p2|Crobat, F
|poke|p2|Raikou
|poke|p2|Jirachi
|poke|p2|Mienshao, M
|poke|p2|Swampert, M
|rule|Swagger Clause: Swagger is banned
|rule|Baton Pass Clause: Limit one Pokémon knowing Baton Pass
|teampreview
|c|★morgan threeman|oh gl man
|
|start
|switch|p1a: Entei|Entei, shiny|371\/371
|switch|p2a: Raikou|Raikou|321\/321
|-ability|p2a: Raikou|Pressure
|-ability|p1a: Entei|Pressure
|turn|1
|
|move|p1a: Entei|Extreme Speed|p2a: Raikou
|-damage|p2a: Raikou|151\/321
|move|p2a: Raikou|Volt Switch|p1a: Entei
|-damage|p1a: Entei|229\/371
|
|switch|p2a: Swampert|Swampert, M|404\/404
|
|turn|2
|
|switch|p1a: Pidgeot|Pidgeot, M|317\/317
|move|p2a: Swampert|Stealth Rock|p1a: Pidgeot
|-sidestart|p1: Meruu|move: Stealth Rock
|
|turn|3
|
|detailschange|p1a: Pidgeot|Pidgeot-Mega, M
|message|Pidgeot has Mega Evolved into Mega Pidgeot!
|move|p1a: Pidgeot|Hurricane|p2a: Swampert
|-damage|p2a: Swampert|169\/404
|move|p2a: Swampert|Ice Punch|p1a: Pidgeot
|-supereffective|p1a: Pidgeot
|-damage|p1a: Pidgeot|165\/317
|
|-heal|p2a: Swampert|194\/404|[from] item: Leftovers
|turn|4
|
|switch|p2a: Raikou|Raikou|151\/321
|-ability|p2a: Raikou|Pressure
|move|p1a: Pidgeot|Substitute|p1a: Pidgeot
|-start|p1a: Pidgeot|Substitute
|-damage|p1a: Pidgeot|86\/317
|
|turn|5
|
|move|p1a: Pidgeot|Hurricane|p2a: Raikou
|-resisted|p2a: Raikou
|-damage|p2a: Raikou|43\/321
|move|p2a: Raikou|Volt Switch|p1a: Pidgeot
|-supereffective|p1a: Pidgeot
|-end|p1a: Pidgeot|Substitute
|
|switch|p2a: Jirachi|Jirachi|341\/341
|
|turn|6
|
|switch|p1a: Starmie|Starmie|271\/271
|-damage|p1a: Starmie|238\/271|[from] Stealth Rock
|move|p2a: Jirachi|Iron Head|p1a: Starmie
|-resisted|p1a: Starmie
|-damage|p1a: Starmie|168\/271
|
|-heal|p1a: Starmie|184\/271|[from] item: Leftovers
|turn|7
|
|switch|p2a: Alakazam|Alakazam, F|252\/252
|move|p1a: Starmie|Rapid Spin|p2a: Alakazam
|-damage|p2a: Alakazam|234\/252
|-sideend|p1: Meruu|Stealth Rock|[from] move: Rapid Spin|[of] p1a: Starmie
|
|-heal|p1a: Starmie|200\/271|[from] item: Leftovers
|turn|8
|
|switch|p1a: Florges|Florges, F|360\/360
|detailschange|p2a: Alakazam|Alakazam-Mega, F
|message|Alakazam has Mega Evolved into Mega Alakazam!
|-ability|p2a: Alakazam|Flower Veil|[from] ability: Trace|[of] p1a: Florges
|move|p2a: Alakazam|Calm Mind|p2a: Alakazam
|-boost|p2a: Alakazam|spa|1
|-boost|p2a: Alakazam|spd|1
|
|turn|9
|
|move|p2a: Alakazam|Calm Mind|p2a: Alakazam
|-boost|p2a: Alakazam|spa|1
|-boost|p2a: Alakazam|spd|1
|move|p1a: Florges|Moonblast|p2a: Alakazam
|-damage|p2a: Alakazam|167\/252
|-unboost|p2a: Alakazam|spa|1
|
|turn|10
|
|switch|p1a: Entei|Entei, shiny|229\/371
|-ability|p1a: Entei|Pressure
|move|p2a: Alakazam|Psychic|p1a: Entei
|-damage|p1a: Entei|0 fnt
|faint|p1a: Entei
|
|
|switch|p1a: Bronzong|Bronzong|338\/338
|turn|11
|
|switch|p2a: Swampert|Swampert, M|194\/404
|move|p1a: Bronzong|Gyro Ball|p2a: Swampert
|-resisted|p2a: Swampert
|-damage|p2a: Swampert|174\/404
|
|-heal|p2a: Swampert|199\/404|[from] item: Leftovers
|turn|12
|join|omegaW
|
|switch|p1a: Starmie|Starmie|200\/271
|move|p2a: Swampert|Stealth Rock|p1a: Starmie
|-sidestart|p1: Meruu|move: Stealth Rock
|
|-heal|p1a: Starmie|216\/271|[from] item: Leftovers
|-heal|p2a: Swampert|224\/404|[from] item: Leftovers
|turn|13
|
|move|p1a: Starmie|Scald|p2a: Swampert
|-crit|p2a: Swampert
|-damage|p2a: Swampert|34\/404
|-status|p2a: Swampert|brn
|move|p2a: Swampert|Earthquake|p1a: Starmie
|-damage|p1a: Starmie|138\/271
|
|-heal|p1a: Starmie|154\/271|[from] item: Leftovers
|-heal|p2a: Swampert|59\/404 brn|[from] item: Leftovers
|-damage|p2a: Swampert|9\/404 brn|[from] brn
|turn|14
|
|move|p1a: Starmie|Rapid Spin|p2a: Swampert
|-damage|p2a: Swampert|1\/404 brn
|-sideend|p1: Meruu|Stealth Rock|[from] move: Rapid Spin|[of] p1a: Starmie
|move|p2a: Swampert|Stealth Rock|p1a: Starmie
|-sidestart|p1: Meruu|move: Stealth Rock
|
|-heal|p1a: Starmie|170\/271|[from] item: Leftovers
|-heal|p2a: Swampert|26\/404 brn|[from] item: Leftovers
|-damage|p2a: Swampert|0 fnt|[from] brn
|faint|p2a: Swampert
|
|switch|p2a: Alakazam|Alakazam-Mega, F|167\/252
|-ability|p2a: Alakazam|Natural Cure|[from] ability: Trace|[of] p1a: Starmie
|turn|15
|
|move|p2a: Alakazam|Shadow Ball|p1a: Starmie
|-supereffective|p1a: Starmie
|-damage|p1a: Starmie|0 fnt
|faint|p1a: Starmie
|
|c|★Meruu|lolll
|c|★Meruu|o well
|-message|Meruu forfeited.
|
|win|morgan threeman
|raw|Ladder updating...
|c|★morgan threeman|:]
|leave|Meruu
|player|p1
|raw|Meruu's rating: 1613 &rarr; <strong>1580<\/strong><br \/>(-33 for losing)
|raw|morgan threeman's rating: 1336 &rarr; <strong>1369<\/strong><br \/>(+33 for winning)