|join|Morgan ThreeMan
|join|Pheonixmaster
|player|p1|Morgan ThreeMan|10
|player|p2|Pheonixmaster|248
|gametype|singles
|gen|6
|tier|UU
|rated
|rule|Sleep Clause Mod: Limit one foe put to sleep
|rule|Species Clause: Limit one of each Pokémon
|rule|OHKO Clause: OHKO moves are banned
|rule|Moody Clause: Moody is banned
|rule|Evasion Moves Clause: Evasion moves are banned
|rule|Endless Battle Clause: Forcing endless battles is banned
|rule|HP Percentage Mod: HP is shown in percentages
|clearpoke
|poke|p1|Krookodile, M
|poke|p1|Victini
|poke|p1|Ampharos, M
|poke|p1|Crobat, F
|poke|p1|Nidoqueen, F
|poke|p1|Hydreigon, F
|poke|p2|Empoleon, M
|poke|p2|Houndoom, M
|poke|p2|Haxorus, F
|poke|p2|Whimsicott, M
|poke|p2|Jirachi
|poke|p2|Alakazam, M
|rule|Swagger Clause: Swagger is banned
|rule|Baton Pass Clause: Limit one Pokémon knowing Baton Pass
|teampreview
|
|start
|switch|p1a: Nidoqueen|Nidoqueen, F|352\/352
|switch|p2a: Empoleon|Empoleon, M|309\/309
|turn|1
|
|move|p2a: Empoleon|Hydro Pump|p1a: Nidoqueen
|-supereffective|p1a: Nidoqueen
|-damage|p1a: Nidoqueen|0 fnt
|faint|p1a: Nidoqueen
|
|
|switch|p1a: Ampharos|Ampharos, M|374\/374
|turn|2
|
|detailschange|p1a: Ampharos|Ampharos-Mega, M
|message|Ampharos has Mega Evolved into Mega Ampharos!
|-ability|p1a: Ampharos|Mold Breaker
|move|p2a: Empoleon|Stealth Rock|p1a: Ampharos
|-sidestart|p1: Morgan ThreeMan|move: Stealth Rock
|move|p1a: Ampharos|Volt Switch|p2a: Empoleon
|-supereffective|p2a: Empoleon
|-enditem|p2a: Empoleon|Focus Sash
|-damage|p2a: Empoleon|1\/309
|
|switch|p1a: Hydreigon|Hydreigon, F|325\/325
|-damage|p1a: Hydreigon|285\/325|[from] Stealth Rock
|
|turn|3
|
|move|p1a: Hydreigon|U-turn|p2a: Empoleon
|-crit|p2a: Empoleon
|-resisted|p2a: Empoleon
|-damage|p2a: Empoleon|0 fnt
|faint|p2a: Empoleon
|
|switch|p1a: Victini|Victini|341\/341
|-damage|p1a: Victini|256\/341|[from] Stealth Rock
|
|
|switch|p2a: Houndoom|Houndoom, M|291\/291
|turn|4
|
|detailschange|p2a: Houndoom|Houndoom-Mega, M
|message|Houndoom has Mega Evolved into Mega Houndoom!
|move|p1a: Victini|U-turn|p2a: Houndoom
|-damage|p2a: Houndoom|170\/291
|
|switch|p1a: Hydreigon|Hydreigon, F|285\/325
|-damage|p1a: Hydreigon|245\/325|[from] Stealth Rock
|move|p2a: Houndoom|Dark Pulse|p1a: Hydreigon
|-resisted|p1a: Hydreigon
|-damage|p1a: Hydreigon|164\/325
|
|turn|5
|
|move|p1a: Hydreigon|U-turn|p2a: Houndoom
|-damage|p2a: Houndoom|119\/291
|
|switch|p1a: Ampharos|Ampharos-Mega, M|374\/374
|-damage|p1a: Ampharos|328\/374|[from] Stealth Rock
|-ability|p1a: Ampharos|Mold Breaker
|move|p2a: Houndoom|Dark Pulse|p1a: Ampharos
|-damage|p1a: Ampharos|198\/374
|
|turn|6
|
|move|p2a: Houndoom|Dark Pulse|p1a: Ampharos
|-damage|p1a: Ampharos|47\/374
|move|p1a: Ampharos|Volt Switch|p2a: Houndoom
|-damage|p2a: Houndoom|0 fnt
|faint|p2a: Houndoom
|
|switch|p1a: Victini|Victini|256\/341
|-damage|p1a: Victini|171\/341|[from] Stealth Rock
|
|
|switch|p2a: Alakazam|Alakazam, M|252\/252
|turn|7
|
|switch|p1a: Ampharos|Ampharos-Mega, M|47\/374
|-damage|p1a: Ampharos|1\/374|[from] Stealth Rock
|-ability|p1a: Ampharos|Mold Breaker
|move|p2a: Alakazam|Shadow Ball|p1a: Ampharos
|-damage|p1a: Ampharos|0 fnt
|faint|p1a: Ampharos
|
|
|switch|p1a: Crobat|Crobat, F|323\/323
|-damage|p1a: Crobat|243\/323|[from] Stealth Rock
|turn|8
|
|move|p1a: Crobat|U-turn|p2a: Alakazam
|-supereffective|p2a: Alakazam
|-damage|p2a: Alakazam|12\/252
|
|switch|p1a: Hydreigon|Hydreigon, F|164\/325
|-damage|p1a: Hydreigon|124\/325|[from] Stealth Rock
|move|p2a: Alakazam|Psyshock|p1a: Hydreigon
|-immune|p1a: Hydreigon|[msg]
|
|turn|9
|
|switch|p2a: Jirachi|Jirachi|341\/341
|move|p1a: Hydreigon|Dark Pulse|p2a: Jirachi
|-supereffective|p2a: Jirachi
|-damage|p2a: Jirachi|41\/341
|
|turn|10
|
|switch|p1a: Krookodile|Krookodile, M|331\/331
|-damage|p1a: Krookodile|311\/331|[from] Stealth Rock
|-ability|p1a: Krookodile|Intimidate|[of] p2a: Jirachi
|-unboost|p2a: Jirachi|atk|1
|move|p2a: Jirachi|U-turn|p1a: Krookodile
|-supereffective|p1a: Krookodile
|-damage|p1a: Krookodile|191\/331
|
|switch|p2a: Alakazam|Alakazam, M|12\/252
|
|turn|11
|
|move|p2a: Alakazam|Dazzling Gleam|p1a: Krookodile
|-supereffective|p1a: Krookodile
|-damage|p1a: Krookodile|0 fnt
|faint|p1a: Krookodile
|
|
|switch|p1a: Crobat|Crobat, F|243\/323
|-damage|p1a: Crobat|163\/323|[from] Stealth Rock
|turn|12
|
|move|p1a: Crobat|Brave Bird|p2a: Alakazam
|-crit|p2a: Alakazam
|-damage|p2a: Alakazam|0 fnt
|-damage|p1a: Crobat|159\/323|[from] recoil|[of] p2a: Alakazam
|faint|p2a: Alakazam
|
|
|switch|p2a: Whimsicott|Whimsicott, M|319\/319
|turn|13
|
|move|p2a: Whimsicott|Tailwind|p2a: Whimsicott
|-sidestart|p2: Pheonixmaster|move: Tailwind
|move|p1a: Crobat|Roost|p1a: Crobat
|-heal|p1a: Crobat|321\/323
|
|turn|14
|
|move|p2a: Whimsicott|Encore|p1a: Crobat
|-start|p1a: Crobat|Encore
|move|p1a: Crobat|Roost|p1a: Crobat
|-heal|p1a: Crobat|323\/323
|
|turn|15
|
|switch|p1a: Victini|Victini|171\/341
|-damage|p1a: Victini|86\/341|[from] Stealth Rock
|move|p2a: Whimsicott|U-turn|p1a: Victini
|-damage|p1a: Victini|52\/341
|
|switch|p2a: Jirachi|Jirachi|41\/341
|
|turn|16
|
|move|p2a: Jirachi|U-turn|p1a: Victini
|-damage|p1a: Victini|0 fnt
|faint|p1a: Victini
|
|switch|p2a: Whimsicott|Whimsicott, M|319\/319
|
|-sideend|p2: Pheonixmaster|move: Tailwind
|
|switch|p1a: Crobat|Crobat, F|323\/323
|-damage|p1a: Crobat|243\/323|[from] Stealth Rock
|turn|17
|
|move|p2a: Whimsicott|Tailwind|p2a: Whimsicott
|-sidestart|p2: Pheonixmaster|move: Tailwind
|move|p1a: Crobat|Brave Bird|p2a: Whimsicott
|-supereffective|p2a: Whimsicott
|-damage|p2a: Whimsicott|5\/319
|-damage|p1a: Crobat|139\/323|[from] recoil|[of] p2a: Whimsicott
|
|-heal|p2a: Whimsicott|24\/319|[from] item: Leftovers
|turn|18
|
|move|p2a: Whimsicott|Encore|p1a: Crobat
|-start|p1a: Crobat|Encore
|move|p1a: Crobat|Brave Bird|p2a: Whimsicott
|-supereffective|p2a: Whimsicott
|-damage|p2a: Whimsicott|0 fnt
|-damage|p1a: Crobat|131\/323|[from] recoil|[of] p2a: Whimsicott
|faint|p2a: Whimsicott
|
|
|switch|p2a: Haxorus|Haxorus, F|302\/302
|-ability|p2a: Haxorus|Mold Breaker
|turn|19
|
|move|p2a: Haxorus|Outrage|p1a: Crobat
|-damage|p1a: Crobat|0 fnt
|faint|p1a: Crobat
|
|c|★Pheonixmaster|gg
|
|switch|p1a: Hydreigon|Hydreigon, F|124\/325
|-damage|p1a: Hydreigon|84\/325|[from] Stealth Rock
|turn|20
|
|move|p2a: Haxorus|Outrage|p1a: Hydreigon
|-supereffective|p1a: Hydreigon
|-damage|p1a: Hydreigon|0 fnt
|faint|p1a: Hydreigon
|
|win|Pheonixmaster
|raw|Ladder updating...
|raw|Morgan ThreeMan's rating: 1488 &rarr; <strong>1470<\/strong><br \/>(-18 for losing)
|raw|Pheonixmaster's rating: 1524 &rarr; <strong>1542<\/strong><br \/>(+18 for winning)
|c|★Morgan ThreeMan|gg
|leave|Morgan ThreeMan
|player|p1