|join|wing hero kris
|join|Morgan Threeman
|player|p1|wing hero kris|43
|player|p2|Morgan Threeman|10
|gametype|singles
|gen|6
|tier|UU
|rated
|rule|Sleep Clause Mod: Limit one foe put to sleep
|rule|Species Clause: Limit one of each Pokémon
|rule|OHKO Clause: OHKO moves are banned
|rule|Moody Clause: Moody is banned
|rule|Evasion Moves Clause: Evasion moves are banned
|rule|Endless Battle Clause: Forcing endless battles is banned
|rule|HP Percentage Mod: HP is reported as percentages
|clearpoke
|poke|p1|Toxicroak, M
|poke|p1|Sableye, M
|poke|p1|Raikou
|poke|p1|Darmanitan, F
|poke|p1|Donphan, F
|poke|p1|Hydreigon, F
|poke|p2|Hippowdon, F
|poke|p2|Blastoise, M
|poke|p2|Florges, F
|poke|p2|Hydreigon, F
|poke|p2|Toxicroak, F
|poke|p2|Victini
|rule|Swagger Clause: Swagger is banned
|rule|Baton Pass Clause: Limit one Pokémon knowing Baton Pass
|teampreview
|
|start
|switch|p1a: Sableye|Sableye, M|304\/304
|switch|p2a: Victini|Victini|341\/341
|turn|1
|
|switch|p1a: Donphan|Donphan, F|342\/342
|move|p2a: Victini|U-turn|p1a: Donphan
|-damage|p1a: Donphan|289\/342
|
|switch|p2a: Hydreigon|Hydreigon, F|325\/325
|
|-heal|p1a: Donphan|310\/342|[from] item: Leftovers
|turn|2
|
|move|p2a: Hydreigon|Draco Meteor|p1a: Donphan
|-damage|p1a: Donphan|0 fnt
|-unboost|p2a: Hydreigon|spa|2
|-damage|p2a: Hydreigon|293\/325|[from] item: Life Orb
|faint|p1a: Donphan
|
|
|switch|p1a: Hydreigon|Hydreigon, F|325\/325
|turn|3
|
|switch|p2a: Florges|Florges, F|360\/360
|move|p1a: Hydreigon|Flash Cannon|p2a: Florges
|-supereffective|p2a: Florges
|-damage|p2a: Florges|170\/360
|
|-heal|p2a: Florges|192\/360|[from] item: Leftovers
|turn|4
|
|move|p2a: Florges|Protect|p2a: Florges
|-singleturn|p2a: Florges|Protect
|move|p1a: Hydreigon|Flash Cannon|p2a: Florges
|-activate|p2a: Florges|Protect
|
|-heal|p2a: Florges|214\/360|[from] item: Leftovers
|turn|5
|
|switch|p1a: Toxicroak|Toxicroak, M|370\/370
|move|p2a: Florges|Moonblast|p1a: Toxicroak
|-damage|p1a: Toxicroak|261\/370
|-unboost|p1a: Toxicroak|spa|1
|
|-heal|p2a: Florges|236\/360|[from] item: Leftovers
|turn|6
|
|switch|p2a: Hippowdon|Hippowdon, F|420\/420
|-weather|Sandstorm
|move|p1a: Toxicroak|Gunk Shot|p2a: Hippowdon
|-resisted|p2a: Hippowdon
|-damage|p2a: Hippowdon|357\/420
|
|-weather|Sandstorm|[upkeep]
|-damage|p1a: Toxicroak|238\/370|[from] sandstorm
|-heal|p2a: Hippowdon|383\/420|[from] item: Leftovers
|turn|7
|
|switch|p1a: Hydreigon|Hydreigon, F|325\/325
|move|p2a: Hippowdon|Stealth Rock|p1a: Hydreigon
|-sidestart|p1: wing hero kris|move: Stealth Rock
|
|-weather|Sandstorm|[upkeep]
|-damage|p1a: Hydreigon|305\/325|[from] sandstorm
|-heal|p2a: Hippowdon|409\/420|[from] item: Leftovers
|turn|8
|
|switch|p2a: Florges|Florges, F|236\/360
|move|p1a: Hydreigon|Draco Meteor|p2a: Florges
|-immune|p2a: Florges|[msg]
|
|-weather|Sandstorm|[upkeep]
|-damage|p1a: Hydreigon|285\/325|[from] sandstorm
|-damage|p2a: Florges|214\/360|[from] sandstorm
|-heal|p2a: Florges|236\/360|[from] item: Leftovers
|turn|9
|
|switch|p1a: Darmanitan|Darmanitan, F|372\/372
|-damage|p1a: Darmanitan|279\/372|[from] Stealth Rock
|move|p2a: Florges|Moonblast|p1a: Darmanitan
|-resisted|p1a: Darmanitan
|-damage|p1a: Darmanitan|192\/372
|
|-weather|Sandstorm|[upkeep]
|-damage|p1a: Darmanitan|169\/372|[from] sandstorm
|-damage|p2a: Florges|214\/360|[from] sandstorm
|-heal|p2a: Florges|236\/360|[from] item: Leftovers
|turn|10
|
|move|p2a: Florges|Protect|p2a: Florges
|-singleturn|p2a: Florges|Protect
|move|p1a: Darmanitan|U-turn|p2a: Florges
|-activate|p2a: Florges|Protect
|
|-weather|none
|-heal|p2a: Florges|258\/360|[from] item: Leftovers
|turn|11
|
|move|p1a: Darmanitan|U-turn|p2a: Florges
|-resisted|p2a: Florges
|-damage|p2a: Florges|224\/360
|
|switch|p1a: Toxicroak|Toxicroak, M|238\/370
|-damage|p1a: Toxicroak|215\/370|[from] Stealth Rock
|move|p2a: Florges|Wish|p2a: Florges
|
|-heal|p2a: Florges|246\/360|[from] item: Leftovers
|turn|12
|
|switch|p2a: Hippowdon|Hippowdon, F|409\/420
|-weather|Sandstorm
|move|p1a: Toxicroak|Gunk Shot|p2a: Hippowdon
|-resisted|p2a: Hippowdon
|-damage|p2a: Hippowdon|341\/420
|
|-weather|Sandstorm|[upkeep]
|-damage|p1a: Toxicroak|192\/370|[from] sandstorm
|-heal|p2a: Hippowdon|420\/420|[from] move: Wish|[wisher] Florges
|turn|13
|
|switch|p1a: Sableye|Sableye, M|304\/304
|-damage|p1a: Sableye|266\/304|[from] Stealth Rock
|move|p2a: Hippowdon|Toxic|p1a: Sableye
|-status|p1a: Sableye|tox
|
|-weather|Sandstorm|[upkeep]
|-damage|p1a: Sableye|247\/304 tox|[from] sandstorm
|-heal|p1a: Sableye|266\/304 tox|[from] item: Leftovers
|-damage|p1a: Sableye|247\/304 tox|[from] psn
|turn|14
|
|switch|p2a: Hydreigon|Hydreigon, F|293\/325
|move|p1a: Sableye|Will-O-Wisp|p2a: Hydreigon
|-status|p2a: Hydreigon|brn
|
|-weather|Sandstorm|[upkeep]
|-damage|p2a: Hydreigon|273\/325 brn|[from] sandstorm
|-damage|p1a: Sableye|228\/304 tox|[from] sandstorm
|-heal|p1a: Sableye|247\/304 tox|[from] item: Leftovers
|-damage|p2a: Hydreigon|233\/325 brn|[from] brn
|-damage|p1a: Sableye|209\/304 tox|[from] psn
|turn|15
|
|switch|p1a: Toxicroak|Toxicroak, M|192\/370
|-damage|p1a: Toxicroak|169\/370|[from] Stealth Rock
|move|p2a: Hydreigon|Draco Meteor|p1a: Toxicroak
|-damage|p1a: Toxicroak|0 fnt
|-unboost|p2a: Hydreigon|spa|2
|-damage|p2a: Hydreigon|201\/325 brn|[from] item: Life Orb
|faint|p1a: Toxicroak
|
|-weather|Sandstorm|[upkeep]
|-damage|p2a: Hydreigon|181\/325 brn|[from] sandstorm
|-damage|p2a: Hydreigon|141\/325 brn|[from] brn
|
|switch|p1a: Hydreigon|Hydreigon, F|285\/325
|-damage|p1a: Hydreigon|245\/325|[from] Stealth Rock
|turn|16
|
|switch|p2a: Blastoise|Blastoise, M|362\/362
|move|p1a: Hydreigon|Flash Cannon|p2a: Blastoise
|-resisted|p2a: Blastoise
|-damage|p2a: Blastoise|300\/362
|
|-weather|none
|turn|17
|
|switch|p1a: Sableye|Sableye, M|209\/304 tox
|-damage|p1a: Sableye|171\/304 tox|[from] Stealth Rock
|detailschange|p2a: Blastoise|Blastoise-Mega, M
|message|Blastoise has Mega Evolved into Mega Blastoise!
|move|p2a: Blastoise|Scald|p1a: Sableye
|-damage|p1a: Sableye|30\/304 tox
|
|-heal|p1a: Sableye|49\/304 tox|[from] item: Leftovers
|-damage|p1a: Sableye|30\/304 tox|[from] psn
|turn|18
|
|move|p2a: Blastoise|Scald|p1a: Sableye
|-damage|p1a: Sableye|0 fnt
|faint|p1a: Sableye
|
|-message|wing hero kris forfeited.
|
|win|Morgan Threeman
|raw|Ladder updating...
|leave|wing hero kris
|player|p1
|raw|wing hero kris's rating: 1040 &rarr; <strong>1026<\/strong><br \/>(-14 for losing)
|raw|Morgan Threeman's rating: 1085 &rarr; <strong>1109<\/strong><br \/>(+24 for winning)