|join|purrl
|join|opbot
|c|★opbot|glhf
|c|★purrl|thanks
|player|p1|purrl|8
|player|p2|opbot|83
|gametype|singles
|gen|6
|tier|UU
|rated
|rule|Sleep Clause Mod: Limit one foe put to sleep
|rule|Species Clause: Limit one of each Pokémon
|rule|OHKO Clause: OHKO moves are banned
|rule|Moody Clause: Moody is banned
|rule|Evasion Moves Clause: Evasion moves are banned
|rule|Endless Battle Clause: Forcing endless battles is banned
|rule|HP Percentage Mod: HP is shown in percentages
|clearpoke
|poke|p1|Sharpedo, M
|poke|p1|Entei, shiny
|poke|p1|Jirachi
|poke|p1|Crobat, F, shiny
|poke|p1|Swampert, M
|poke|p1|Toxicroak, M
|poke|p2|Amoonguss, F
|poke|p2|Alomomola, M
|poke|p2|Florges, F
|poke|p2|Aggron, F
|poke|p2|Cresselia, F
|poke|p2|Donphan, M
|rule|Swagger Clause: Swagger is banned
|rule|Baton Pass Clause: Limit one Pokémon knowing Baton Pass
|teampreview
|c|★opbot|hopefully showdown lets me battle this time...
|c|★opbot|last battle it never gave me the chance to choose my pokemon
|c|★purrl|yeah it's rly laggy
|c|★opbot|dammit it gave me the wrong team
|c|★opbot|oh well
|
|start
|switch|p1a: Swampert|Swampert, M|401\/401
|switch|p2a: Aggron|Aggron, F|344\/344
|turn|1
|
|detailschange|p2a: Aggron|Aggron-Mega, F
|-mega|p2a: Aggron|Aggron|Aggronite
|move|p1a: Swampert|Scald|p2a: Aggron
|-damage|p2a: Aggron|263\/344
|move|p2a: Aggron|Stealth Rock|p1a: Swampert
|-sidestart|p1: purrl|move: Stealth Rock
|
|turn|2
|
|switch|p2a: Amoonguss|Amoonguss, F|432\/432
|move|p1a: Swampert|Stealth Rock|p2a: Amoonguss
|-sidestart|p2: opbot|move: Stealth Rock
|
|turn|3
|
|move|p1a: Swampert|Earthquake|p2a: Amoonguss
|-damage|p2a: Amoonguss|293\/432
|move|p2a: Amoonguss|Spore|p1a: Swampert
|-status|p1a: Swampert|slp
|
|-heal|p2a: Amoonguss|320\/432|[from] item: Black Sludge
|turn|4
|
|switch|p1a: Crobat|Crobat, F, shiny|373\/373
|-damage|p1a: Crobat|280\/373|[from] Stealth Rock
|switch|p2a: Alomomola|Alomomola, M|529\/529
|-damage|p2a: Alomomola|463\/529|[from] Stealth Rock
|
|-heal|p1a: Crobat|303\/373|[from] item: Black Sludge
|-heal|p2a: Alomomola|496\/529|[from] item: Leftovers
|turn|5
|
|move|p1a: Crobat|Toxic|p2a: Alomomola
|-status|p2a: Alomomola|tox
|move|p2a: Alomomola|Scald|p1a: Crobat
|-damage|p1a: Crobat|251\/373
|
|-heal|p1a: Crobat|274\/373|[from] item: Black Sludge
|-heal|p2a: Alomomola|529\/529 tox|[from] item: Leftovers
|-damage|p2a: Alomomola|496\/529 tox|[from] psn
|turn|6
|
|move|p1a: Crobat|Defog|p2a: Alomomola
|-unboost|p2a: Alomomola|evasion|1
|-sideend|p2: opbot|Stealth Rock|[from] move: Defog|[of] p2a: Alomomola
|-sideend|p1: purrl|Stealth Rock|[from] move: Defog|[of] p1a: Crobat
|move|p2a: Alomomola|Wish|p2a: Alomomola
|
|-heal|p1a: Crobat|297\/373|[from] item: Black Sludge
|-heal|p2a: Alomomola|529\/529 tox|[from] item: Leftovers
|-damage|p2a: Alomomola|463\/529 tox|[from] psn
|turn|7
|
|switch|p1a: Entei|Entei, shiny|371\/371
|-ability|p1a: Entei|Pressure
|switch|p2a: Aggron|Aggron-Mega, F|263\/344
|
|-heal|p2a: Aggron|344\/344|[from] move: Wish|[wisher] Alomomola
|turn|8
|
|move|p1a: Entei|Sacred Fire|p2a: Aggron
|-supereffective|p2a: Aggron
|-damage|p2a: Aggron|194\/344
|-status|p2a: Aggron|brn
|move|p2a: Aggron|Earthquake|p1a: Entei
|-supereffective|p1a: Entei
|-damage|p1a: Entei|259\/371
|
|-damage|p2a: Aggron|151\/344 brn|[from] brn
|turn|9
|
|switch|p1a: Toxicroak|Toxicroak, M|307\/307
|switch|p2a: Alomomola|Alomomola, M|529\/529 tox
|
|-damage|p2a: Alomomola|496\/529 tox|[from] psn
|turn|10
|
|switch|p2a: Amoonguss|Amoonguss, F|432\/432
|move|p1a: Toxicroak|Swords Dance|p1a: Toxicroak
|-boost|p1a: Toxicroak|atk|2
|
|turn|11
|
|move|p1a: Toxicroak|Gunk Shot|p2a: Amoonguss
|-crit|p2a: Amoonguss
|-damage|p2a: Amoonguss|0 fnt
|-damage|p1a: Toxicroak|277\/307|[from] item: Life Orb
|faint|p2a: Amoonguss
|
|c|★opbot|ouch
|c|★purrl|don't think
|c|★purrl|that mattered
|c|★purrl|lemme calc
|c|★opbot|didnt matter
|
|switch|p2a: Donphan|Donphan, M|364\/364
|turn|12
|c|★purrl|y
|c|★opbot|even max def amoonguss takes over 50% from unboosted
|
|switch|p1a: Swampert|Swampert, M|401\/401 slp
|move|p2a: Donphan|Earthquake|p1a: Swampert
|-damage|p1a: Swampert|253\/401 slp
|
|-heal|p1a: Swampert|278\/401 slp|[from] item: Leftovers
|turn|13
|
|move|p2a: Donphan|Earthquake|p1a: Swampert
|-damage|p1a: Swampert|134\/401 slp
|cant|p1a: Swampert|slp
|
|-heal|p1a: Swampert|159\/401 slp|[from] item: Leftovers
|turn|14
|
|move|p2a: Donphan|Earthquake|p1a: Swampert
|-damage|p1a: Swampert|18\/401 slp
|cant|p1a: Swampert|slp
|
|-heal|p1a: Swampert|43\/401 slp|[from] item: Leftovers
|turn|15
|
|switch|p1a: Crobat|Crobat, F, shiny|297\/373
|move|p2a: Donphan|Knock Off|p1a: Crobat
|-damage|p1a: Crobat|143\/373
|-enditem|p1a: Crobat|Black Sludge|[from] move: Knock Off|[of] p2a: Donphan
|
|turn|16
|c|★opbot|sleep hax
|
|move|p1a: Crobat|Toxic|p2a: Donphan
|-status|p2a: Donphan|tox
|move|p2a: Donphan|Earthquake|p1a: Crobat
|-immune|p1a: Crobat|[msg]
|
|-damage|p2a: Donphan|342\/364 tox|[from] psn
|turn|17
|
|move|p2a: Donphan|Ice Shard|p1a: Crobat
|-supereffective|p1a: Crobat
|-damage|p1a: Crobat|15\/373
|move|p1a: Crobat|Roost|p1a: Crobat
|-heal|p1a: Crobat|202\/373
|
|-damage|p2a: Donphan|298\/364 tox|[from] psn
|turn|18
|
|switch|p2a: Florges|Florges, F|360\/360
|move|p1a: Crobat|Brave Bird|p2a: Florges
|-damage|p2a: Florges|209\/360
|-damage|p1a: Crobat|152\/373|[from] recoil|[of] p2a: Florges
|
|-heal|p2a: Florges|231\/360|[from] item: Leftovers
|turn|19
|
|move|p1a: Crobat|Brave Bird|p2a: Florges
|-damage|p2a: Florges|86\/360
|-damage|p1a: Crobat|104\/373|[from] recoil|[of] p2a: Florges
|move|p2a: Florges|Aromatherapy|p2a: Florges
|-cureteam|p2a: Florges|[from] move: Aromatherapy
|
|-heal|p2a: Florges|108\/360|[from] item: Leftovers
|turn|20
|
|switch|p2a: Cresselia|Cresselia, F|402\/402
|move|p1a: Crobat|Brave Bird|p2a: Cresselia
|-crit|p2a: Cresselia
|-damage|p2a: Cresselia|227\/402
|-damage|p1a: Crobat|46\/373|[from] recoil|[of] p2a: Cresselia
|
|-heal|p2a: Cresselia|252\/402|[from] item: Leftovers
|turn|21
|
|move|p1a: Crobat|Toxic|p2a: Cresselia
|-status|p2a: Cresselia|tox
|move|p2a: Cresselia|Moonblast|p1a: Crobat
|-resisted|p1a: Crobat
|-damage|p1a: Crobat|5\/373
|
|-heal|p2a: Cresselia|277\/402 tox|[from] item: Leftovers
|-damage|p2a: Cresselia|252\/402 tox|[from] psn
|turn|22
|
|move|p1a: Crobat|Roost|p1a: Crobat
|-heal|p1a: Crobat|192\/373
|move|p2a: Cresselia|Rest|p2a: Cresselia
|-status|p2a: Cresselia|slp
|-heal|p2a: Cresselia|402\/402 slp|[silent]
|-status|p2a: Cresselia|slp|[from] move: Rest
|
|turn|23
|
|switch|p2a: Alomomola|Alomomola, M|529\/529
|move|p1a: Crobat|Roost|p1a: Crobat
|-heal|p1a: Crobat|373\/373
|
|turn|24
|
|move|p1a: Crobat|Toxic|p2a: Alomomola
|-status|p2a: Alomomola|tox
|move|p2a: Alomomola|Wish|p2a: Alomomola
|
|-damage|p2a: Alomomola|496\/529 tox|[from] psn
|turn|25
|
|switch|p2a: Aggron|Aggron-Mega, F|151\/344
|move|p1a: Crobat|Brave Bird|p2a: Aggron
|-resisted|p2a: Aggron
|-damage|p2a: Aggron|122\/344
|-damage|p1a: Crobat|363\/373|[from] recoil|[of] p2a: Aggron
|
|-heal|p2a: Aggron|344\/344|[from] move: Wish|[wisher] Alomomola
|turn|26
|
|switch|p1a: Jirachi|Jirachi|341\/341
|move|p2a: Aggron|Stealth Rock|p1a: Jirachi
|-sidestart|p1: purrl|move: Stealth Rock
|
|turn|27
|
|switch|p2a: Alomomola|Alomomola, M|529\/529 tox
|move|p1a: Jirachi|Healing Wish|p1a: Jirachi
|faint|p1a: Jirachi
|
|-damage|p2a: Alomomola|496\/529 tox|[from] psn
|join|IheartMagikarp
|
|switch|p1a: Swampert|Swampert, M|43\/401 slp
|-heal|p1a: Swampert|401\/401|[from] move: Healing Wish
|-damage|p1a: Swampert|376\/401|[from] Stealth Rock
|turn|28
|
|move|p2a: Alomomola|Toxic|p1a: Swampert
|-status|p1a: Swampert|tox
|move|p1a: Swampert|Stealth Rock|p2a: Alomomola
|-sidestart|p2: opbot|move: Stealth Rock
|
|-heal|p2a: Alomomola|529\/529 tox|[from] item: Leftovers
|-heal|p1a: Swampert|401\/401 tox|[from] item: Leftovers
|-damage|p2a: Alomomola|463\/529 tox|[from] psn
|-damage|p1a: Swampert|376\/401 tox|[from] psn
|turn|29
|
|move|p2a: Alomomola|Wish|p2a: Alomomola
|move|p1a: Swampert|Earthquake|p2a: Alomomola
|-damage|p2a: Alomomola|352\/529 tox
|
|-heal|p2a: Alomomola|385\/529 tox|[from] item: Leftovers
|-heal|p1a: Swampert|401\/401 tox|[from] item: Leftovers
|-damage|p2a: Alomomola|286\/529 tox|[from] psn
|-damage|p1a: Swampert|351\/401 tox|[from] psn
|turn|30
|
|switch|p2a: Cresselia|Cresselia, F|402\/402 slp
|-damage|p2a: Cresselia|352\/402 slp|[from] Stealth Rock
|move|p1a: Swampert|Earthquake|p2a: Cresselia
|-immune|p2a: Cresselia|[msg]
|
|-heal|p2a: Cresselia|402\/402 slp|[from] move: Wish|[wisher] Alomomola
|-heal|p1a: Swampert|376\/401 tox|[from] item: Leftovers
|-damage|p1a: Swampert|301\/401 tox|[from] psn
|turn|31
|
|cant|p2a: Cresselia|slp
|move|p2a: Cresselia|Sleep Talk|p2a: Cresselia
|move|p2a: Cresselia|Rest|p2a: Cresselia|[from]Sleep Talk
|-fail|p2a: Cresselia
|move|p1a: Swampert|Roar|p2a: Cresselia
|drag|p2a: Donphan|Donphan, M|298\/364
|-damage|p2a: Donphan|276\/364|[from] Stealth Rock
|
|-heal|p1a: Swampert|326\/401 tox|[from] item: Leftovers
|-damage|p1a: Swampert|226\/401 tox|[from] psn
|turn|32
|
|switch|p2a: Aggron|Aggron-Mega, F|344\/344
|-damage|p2a: Aggron|323\/344|[from] Stealth Rock
|move|p1a: Swampert|Scald|p2a: Aggron
|-damage|p2a: Aggron|241\/344
|
|-heal|p1a: Swampert|251\/401 tox|[from] item: Leftovers
|-damage|p1a: Swampert|126\/401 tox|[from] psn
|turn|33
|
|move|p1a: Swampert|Scald|p2a: Aggron
|-damage|p2a: Aggron|153\/344
|-status|p2a: Aggron|brn
|move|p2a: Aggron|Earthquake|p1a: Swampert
|-damage|p1a: Swampert|86\/401 tox
|
|-heal|p1a: Swampert|111\/401 tox|[from] item: Leftovers
|-damage|p1a: Swampert|0 fnt|[from] psn
|-damage|p2a: Aggron|110\/344 brn|[from] brn
|faint|p1a: Swampert
|
|switch|p1a: Sharpedo|Sharpedo, M|281\/281
|-damage|p1a: Sharpedo|246\/281|[from] Stealth Rock
|turn|34
|
|switch|p2a: Alomomola|Alomomola, M|462\/529 tox
|-damage|p2a: Alomomola|396\/529 tox|[from] Stealth Rock
|detailschange|p1a: Sharpedo|Sharpedo-Mega, M
|-mega|p1a: Sharpedo|Sharpedo|Sharpedonite
|move|p1a: Sharpedo|Crunch|p2a: Alomomola
|-damage|p2a: Alomomola|203\/529 tox
|
|-heal|p2a: Alomomola|236\/529 tox|[from] item: Leftovers
|-damage|p2a: Alomomola|203\/529 tox|[from] psn
|turn|35
|
|move|p1a: Sharpedo|Crunch|p2a: Alomomola
|-damage|p2a: Alomomola|0 fnt
|faint|p2a: Alomomola
|
|
|switch|p2a: Cresselia|Cresselia, F|402\/402 slp
|-damage|p2a: Cresselia|352\/402 slp|[from] Stealth Rock
|turn|36
|
|move|p1a: Sharpedo|Crunch|p2a: Cresselia
|-supereffective|p2a: Cresselia
|-damage|p2a: Cresselia|0 fnt
|faint|p2a: Cresselia
|
|
|switch|p2a: Donphan|Donphan, M|276\/364
|-damage|p2a: Donphan|254\/364|[from] Stealth Rock
|turn|37
|c|★opbot|im pretty much done now
|
|move|p2a: Donphan|Ice Shard|p1a: Sharpedo
|-resisted|p1a: Sharpedo
|-damage|p1a: Sharpedo|215\/281
|move|p1a: Sharpedo|Waterfall|p2a: Donphan
|-supereffective|p2a: Donphan
|-damage|p2a: Donphan|0 fnt
|faint|p2a: Donphan
|
|
|switch|p2a: Aggron|Aggron-Mega, F|110\/344 brn
|-damage|p2a: Aggron|89\/344 brn|[from] Stealth Rock
|turn|38
|c|★purrl|gg
|c|★opbot|gg
|
|move|p1a: Sharpedo|Crunch|p2a: Aggron
|-damage|p2a: Aggron|0 fnt
|faint|p2a: Aggron
|
|
|switch|p2a: Florges|Florges, F|108\/360
|-damage|p2a: Florges|63\/360|[from] Stealth Rock
|turn|39
|
|move|p1a: Sharpedo|Crunch|p2a: Florges
|-resisted|p2a: Florges
|-damage|p2a: Florges|0 fnt
|faint|p2a: Florges
|
|win|purrl
|raw|Ladder updating...
|raw|purrl's rating: 1638 &rarr; <strong>1644<\/strong><br \/>(+6 for winning)
|raw|opbot's rating: 1360 &rarr; <strong>1354<\/strong><br \/>(-6 for losing)
|leave|purrl
|player|p1