|join|WarriorBlast
|join|Albtest
|player|p1|WarriorBlast|265
|player|p2|Albtest|210
|gametype|singles
|gen|6
|tier|OU
|rated
|clearpoke
|poke|p1|Scolipede, F, shiny
|poke|p1|Espeon, M, shiny
|poke|p1|Latios, M, shiny
|poke|p1|Terrakion, shiny
|poke|p1|Charizard, F, shiny
|poke|p1|Wobbuffet, F, shiny
|poke|p2|Heracross, F
|poke|p2|Clefable, M
|poke|p2|Tyranitar, M
|poke|p2|Serperior, F
|poke|p2|Heatran, M
|poke|p2|Mew
|rule|Swagger Clause: Swagger is banned
|rule|Baton Pass Clause: Limit one Pokémon knowing Baton Pass
|rule|Sleep Clause Mod: Limit one foe put to sleep
|rule|Species Clause: Limit one of each Pokémon
|rule|OHKO Clause: OHKO moves are banned
|rule|Moody Clause: Moody is banned
|rule|Evasion Moves Clause: Evasion moves are banned
|rule|Endless Battle Clause: Forcing endless battles is banned
|rule|HP Percentage Mod: HP is shown in percentages
|teampreview
|c|★Albtest|gl hf
|
|start
|switch|p1a: Latios|Latios, M, shiny|364\/364
|switch|p2a: Heracross|Heracross, F|309\/309
|turn|1
|c|★WarriorBlast|u2
|
|detailschange|p2a: Heracross|Heracross-Mega, F
|-mega|p2a: Heracross|Heracross|Heracronite
|move|p1a: Latios|Reflect|p1a: Latios
|-sidestart|p1: WarriorBlast|Reflect
|move|p2a: Heracross|Pin Missile|p1a: Latios
|-supereffective|p1a: Latios
|-damage|p1a: Latios|297\/364
|-crit|p1a: Latios
|-supereffective|p1a: Latios
|-damage|p1a: Latios|67\/364
|-supereffective|p1a: Latios
|-damage|p1a: Latios|0 fnt
|-hitcount|p1a: Latios|3
|faint|p1a: Latios
|
|
|switch|p1a: Scolipede|Scolipede, F, shiny|323\/323
|turn|2
|
|switch|p2a: Clefable|Clefable, M|394\/394
|move|p1a: Scolipede|Iron Defense|p1a: Scolipede
|-boost|p1a: Scolipede|def|2
|
|-boost|p1a: Scolipede|spe|1|[from] ability: Speed Boost
|turn|3
|
|move|p1a: Scolipede|Substitute|p1a: Scolipede
|-start|p1a: Scolipede|Substitute
|-damage|p1a: Scolipede|243\/323
|move|p2a: Clefable|Calm Mind|p2a: Clefable
|-boost|p2a: Clefable|spa|1
|-boost|p2a: Clefable|spd|1
|
|-boost|p1a: Scolipede|spe|1|[from] ability: Speed Boost
|turn|4
|
|move|p1a: Scolipede|Baton Pass|p1a: Scolipede
|
|switch|p1a: Espeon|Espeon, M, shiny|334\/334
|move|p2a: Clefable|Calm Mind|p2a: Clefable
|-boost|p2a: Clefable|spa|1
|-boost|p2a: Clefable|spd|1
|
|turn|5
|
|move|p1a: Espeon|Calm Mind|p1a: Espeon
|-boost|p1a: Espeon|spa|1
|-boost|p1a: Espeon|spd|1
|move|p2a: Clefable|Moonblast|p1a: Espeon
|-end|p1a: Espeon|Substitute
|
|turn|6
|
|move|p1a: Espeon|Calm Mind|p1a: Espeon
|-boost|p1a: Espeon|spa|1
|-boost|p1a: Espeon|spd|1
|move|p2a: Clefable|Moonblast|p1a: Espeon
|-damage|p1a: Espeon|94\/334
|-unboost|p1a: Espeon|spa|1
|
|-heal|p1a: Espeon|114\/334|[from] item: Leftovers
|turn|7
|
|move|p1a: Espeon|Stored Power|p2a: Clefable
|-damage|p2a: Clefable|273\/394
|move|p2a: Clefable|Moonblast|p1a: Espeon
|-damage|p1a: Espeon|0 fnt
|faint|p1a: Espeon
|
|-heal|p2a: Clefable|297\/394|[from] item: Leftovers
|
|switch|p1a: Scolipede|Scolipede, F, shiny|243\/323
|turn|8
|
|move|p1a: Scolipede|Protect|p1a: Scolipede
|-singleturn|p1a: Scolipede|Protect
|move|p2a: Clefable|Flamethrower|p1a: Scolipede
|-activate|p1a: Scolipede|Protect
|
|-heal|p2a: Clefable|321\/394|[from] item: Leftovers
|-sideend|p1: WarriorBlast|Reflect
|-boost|p1a: Scolipede|spe|1|[from] ability: Speed Boost
|turn|9
|
|move|p1a: Scolipede|Substitute|p1a: Scolipede
|-start|p1a: Scolipede|Substitute
|-damage|p1a: Scolipede|163\/323
|move|p2a: Clefable|Moonblast|p1a: Scolipede
|-resisted|p1a: Scolipede
|-end|p1a: Scolipede|Substitute
|
|-heal|p2a: Clefable|345\/394|[from] item: Leftovers
|-boost|p1a: Scolipede|spe|1|[from] ability: Speed Boost
|turn|10
|
|move|p1a: Scolipede|Baton Pass|p1a: Scolipede
|
|switch|p1a: Charizard-Y|Charizard, F, shiny|359\/359
|move|p2a: Clefable|Moonblast|p1a: Charizard-Y
|-resisted|p1a: Charizard-Y
|-damage|p1a: Charizard-Y|233\/359
|
|-heal|p2a: Clefable|369\/394|[from] item: Leftovers
|turn|11
|
|detailschange|p1a: Charizard-Y|Charizard-Mega-X, F, shiny
|-mega|p1a: Charizard-Y|Charizard|Charizardite X
|move|p1a: Charizard-Y|Swords Dance|p1a: Charizard-Y
|-boost|p1a: Charizard-Y|atk|2
|move|p2a: Clefable|Moonblast|p1a: Charizard-Y
|-damage|p1a: Charizard-Y|0 fnt
|faint|p1a: Charizard-Y
|
|-heal|p2a: Clefable|393\/394|[from] item: Leftovers
|-message|WarriorBlast forfeited.
|
|win|Albtest
|raw|Ladder updating...
|leave|WarriorBlast
|player|p1
|raw|WarriorBlast's rating: 1592 &rarr; <strong>1567<\/strong><br \/>(-25 for losing)
|raw|Albtest's rating: 1493 &rarr; <strong>1518<\/strong><br \/>(+25 for winning)