|join|purpz35
|join|Avatar Karin
|player|p1|purpz35|1
|player|p2|Avatar Karin|249
|gametype|singles
|gen|6
|tier|OU
|rated
|clearpoke
|poke|p1|Raikou
|poke|p1|Kyurem-Black
|poke|p1|Heatran, F
|poke|p1|Heracross, F
|poke|p1|Landorus-Therian, M
|poke|p1|Latias, F
|poke|p2|Hippowdon, M
|poke|p2|Stoutland, M
|poke|p2|Zygarde
|poke|p2|Azumarill, M
|poke|p2|Keldeo
|poke|p2|Aerodactyl, F
|rule|Swagger Clause: Swagger is banned
|rule|Baton Pass Clause: Limit one Pokémon knowing Baton Pass
|rule|Sleep Clause Mod: Limit one foe put to sleep
|rule|Species Clause: Limit one of each Pokémon
|rule|OHKO Clause: OHKO moves are banned
|rule|Moody Clause: Moody is banned
|rule|Evasion Moves Clause: Evasion moves are banned
|rule|Endless Battle Clause: Forcing endless battles is banned
|rule|HP Percentage Mod: HP is reported as percentages
|teampreview
|join|Ghost010
|join|mbt4
|
|start
|switch|p1a: Landorus-Therian|Landorus-Therian, M|320\/320
|switch|p2a: Azumarill|Azumarill, M|404\/404
|-ability|p1a: Landorus-Therian|Intimidate|[of] p2a: Azumarill
|-unboost|p2a: Azumarill|atk|1
|turn|1
|
|move|p1a: Landorus-Therian|U-turn|p2a: Azumarill
|-resisted|p2a: Azumarill
|-damage|p2a: Azumarill|352\/404
|
|switch|p1a: Heatran|Heatran, F|386\/386
|move|p2a: Azumarill|Waterfall|p1a: Heatran
|-crit|p1a: Heatran
|-supereffective|p1a: Heatran
|-damage|p1a: Heatran|0 fnt
|faint|p1a: Heatran
|
|
|switch|p1a: Kyurem-Black|Kyurem-Black|391\/391
|-ability|p1a: Kyurem-Black|Teravolt
|turn|2
|
|move|p1a: Kyurem-Black|Substitute|p1a: Kyurem-Black
|-start|p1a: Kyurem-Black|Substitute
|-damage|p1a: Kyurem-Black|294\/391
|move|p2a: Azumarill|Play Rough|p1a: Kyurem-Black
|-supereffective|p1a: Kyurem-Black
|-end|p1a: Kyurem-Black|Substitute
|
|-heal|p1a: Kyurem-Black|318\/391|[from] item: Leftovers
|turn|3
|
|move|p1a: Kyurem-Black|Fusion Bolt|p2a: Azumarill
|-supereffective|p2a: Azumarill
|-damage|p2a: Azumarill|28\/404
|move|p2a: Azumarill|Play Rough|p1a: Kyurem-Black
|-supereffective|p1a: Kyurem-Black
|-damage|p1a: Kyurem-Black|48\/391
|
|-heal|p1a: Kyurem-Black|72\/391|[from] item: Leftovers
|turn|4
|
|switch|p2a: Keldeo|Keldeo|322\/322
|move|p1a: Kyurem-Black|Ice Beam|p2a: Keldeo
|-resisted|p2a: Keldeo
|-damage|p2a: Keldeo|237\/322
|
|-heal|p1a: Kyurem-Black|96\/391|[from] item: Leftovers
|turn|5
|leave|Ghost010
|
|switch|p1a: Latias|Latias, F|364\/364
|move|p2a: Keldeo|Icy Wind|p1a: Latias
|-supereffective|p1a: Latias
|-damage|p1a: Latias|218\/364
|-unboost|p1a: Latias|spe|1
|
|-heal|p1a: Latias|240\/364|[from] item: Leftovers
|turn|6
|
|move|p2a: Keldeo|Icy Wind|p1a: Latias
|-supereffective|p1a: Latias
|-damage|p1a: Latias|78\/364
|-unboost|p1a: Latias|spe|1
|move|p1a: Latias|Recover|p1a: Latias
|-heal|p1a: Latias|260\/364
|
|-heal|p1a: Latias|282\/364|[from] item: Leftovers
|turn|7
|
|switch|p2a: Azumarill|Azumarill, M|28\/404
|switch|p1a: Heracross|Heracross, F|301\/301
|
|turn|8
|
|detailschange|p1a: Heracross|Heracross-Mega, F
|message|Heracross has Mega Evolved into Mega Heracross!
|move|p2a: Azumarill|Aqua Jet|p1a: Heracross
|-damage|p1a: Heracross|219\/301
|move|p1a: Heracross|Bullet Seed|p2a: Azumarill
|-supereffective|p2a: Azumarill
|-damage|p2a: Azumarill|0 fnt
|-hitcount|p2a: Azumarill|1
|faint|p2a: Azumarill
|
|
|switch|p2a: Keldeo|Keldeo|237\/322
|turn|9
|
|switch|p2a: Aerodactyl|Aerodactyl, F|301\/301
|move|p1a: Heracross|Bullet Seed|p2a: Aerodactyl
|-damage|p2a: Aerodactyl|245\/301
|-damage|p2a: Aerodactyl|187\/301
|-damage|p2a: Aerodactyl|126\/301
|-damage|p2a: Aerodactyl|62\/301
|-damage|p2a: Aerodactyl|6\/301
|-hitcount|p2a: Aerodactyl|5
|
|turn|10
|
|switch|p1a: Landorus-Therian|Landorus-Therian, M|320\/320
|-ability|p1a: Landorus-Therian|Intimidate|[of] p2a: Aerodactyl
|-unboost|p2a: Aerodactyl|atk|1
|detailschange|p2a: Aerodactyl|Aerodactyl-Mega, F
|message|Aerodactyl has Mega Evolved into Mega Aerodactyl!
|move|p2a: Aerodactyl|Fire Fang|p1a: Landorus-Therian
|-damage|p1a: Landorus-Therian|235\/320
|
|turn|11
|
|move|p1a: Landorus-Therian|U-turn|p2a: Aerodactyl
|-resisted|p2a: Aerodactyl
|-damage|p2a: Aerodactyl|0 fnt
|faint|p2a: Aerodactyl
|
|switch|p1a: Heracross|Heracross-Mega, F|219\/301
|
|
|switch|p2a: Keldeo|Keldeo|237\/322
|turn|12
|
|switch|p1a: Latias|Latias, F|282\/364
|move|p2a: Keldeo|Hidden Power|p1a: Latias
|-damage|p1a: Latias|190\/364
|
|-heal|p1a: Latias|212\/364|[from] item: Leftovers
|turn|13
|
|switch|p2a: Hippowdon|Hippowdon, M|420\/420
|-weather|Sandstorm
|move|p1a: Latias|Recover|p1a: Latias
|-heal|p1a: Latias|364\/364
|
|-weather|Sandstorm|[upkeep]
|-damage|p1a: Latias|342\/364|[from] sandstorm
|-heal|p1a: Latias|364\/364|[from] item: Leftovers
|turn|14
|
|switch|p1a: Heracross|Heracross-Mega, F|219\/301
|move|p2a: Hippowdon|Stealth Rock|p1a: Heracross
|-sidestart|p1: purpz35|move: Stealth Rock
|
|-weather|Sandstorm|[upkeep]
|-damage|p1a: Heracross|201\/301|[from] sandstorm
|turn|15
|
|move|p1a: Heracross|Bullet Seed|p2a: Hippowdon
|-supereffective|p2a: Hippowdon
|-damage|p2a: Hippowdon|344\/420
|-supereffective|p2a: Hippowdon
|-damage|p2a: Hippowdon|272\/420
|-supereffective|p2a: Hippowdon
|-damage|p2a: Hippowdon|200\/420
|-supereffective|p2a: Hippowdon
|-damage|p2a: Hippowdon|132\/420
|-supereffective|p2a: Hippowdon
|-damage|p2a: Hippowdon|62\/420
|-hitcount|p2a: Hippowdon|5
|move|p2a: Hippowdon|Whirlwind|p1a: Heracross
|drag|p1a: Landorus-Therian|Landorus-Therian, M|235\/320
|-damage|p1a: Landorus-Therian|195\/320|[from] Stealth Rock
|-ability|p1a: Landorus-Therian|Intimidate|[of] p2a: Hippowdon
|-unboost|p2a: Hippowdon|atk|1
|
|-weather|Sandstorm|[upkeep]
|turn|16
|
|move|p1a: Landorus-Therian|Earthquake|p2a: Hippowdon
|-damage|p2a: Hippowdon|0 fnt
|faint|p2a: Hippowdon
|
|-weather|Sandstorm|[upkeep]
|
|switch|p2a: Zygarde|Zygarde|404\/404
|-ability|p2a: Zygarde|Aura Break
|turn|17
|
|move|p1a: Landorus-Therian|Earthquake|p2a: Zygarde
|-crit|p2a: Zygarde
|-damage|p2a: Zygarde|176\/404
|move|p2a: Zygarde|Substitute|p2a: Zygarde
|-start|p2a: Zygarde|Substitute
|-damage|p2a: Zygarde|75\/404
|
|-weather|Sandstorm|[upkeep]
|-heal|p2a: Zygarde|100\/404|[from] item: Leftovers
|turn|18
|
|move|p1a: Landorus-Therian|Earthquake|p2a: Zygarde
|-end|p2a: Zygarde|Substitute
|move|p2a: Zygarde|Coil|p2a: Zygarde
|-boost|p2a: Zygarde|atk|1
|-boost|p2a: Zygarde|def|1
|-boost|p2a: Zygarde|accuracy|1
|
|-weather|Sandstorm|[upkeep]
|-heal|p2a: Zygarde|125\/404|[from] item: Leftovers
|turn|19
|
|move|p1a: Landorus-Therian|Earthquake|p2a: Zygarde
|-damage|p2a: Zygarde|17\/404
|move|p2a: Zygarde|Dragon Tail|p1a: Landorus-Therian
|-damage|p1a: Landorus-Therian|39\/320
|drag|p1a: Raikou|Raikou|321\/321
|-damage|p1a: Raikou|281\/321|[from] Stealth Rock
|-ability|p1a: Raikou|Pressure
|
|-weather|Sandstorm|[upkeep]
|-damage|p1a: Raikou|261\/321|[from] sandstorm
|-heal|p1a: Raikou|281\/321|[from] item: Leftovers
|-heal|p2a: Zygarde|42\/404|[from] item: Leftovers
|turn|20
|
|move|p2a: Zygarde|Extreme Speed|p1a: Raikou
|-damage|p1a: Raikou|114\/321
|move|p1a: Raikou|Shadow Ball|p2a: Zygarde
|-damage|p2a: Zygarde|0 fnt
|faint|p2a: Zygarde
|
|-weather|none
|-heal|p1a: Raikou|134\/321|[from] item: Leftovers
|
|switch|p2a: Stoutland|Stoutland, M|311\/311
|turn|21
|
|move|p2a: Stoutland|Pursuit|p1a: Raikou|[from]Pursuit
|-damage|p1a: Raikou|0 fnt
|faint|p1a: Raikou
|
|
|switch|p1a: Heracross|Heracross-Mega, F|201\/301
|-damage|p1a: Heracross|164\/301|[from] Stealth Rock
|turn|22
|
|switch|p2a: Keldeo|Keldeo|237\/322
|move|p1a: Heracross|Close Combat|p2a: Keldeo
|-damage|p2a: Keldeo|0 fnt
|-unboost|p1a: Heracross|def|1
|-unboost|p1a: Heracross|spd|1
|faint|p2a: Keldeo
|
|
|switch|p2a: Stoutland|Stoutland, M|311\/311
|turn|23
|
|move|p2a: Stoutland|Frustration|p1a: Heracross
|-damage|p1a: Heracross|0 fnt
|faint|p1a: Heracross
|
|
|switch|p1a: Landorus-Therian|Landorus-Therian, M|39\/320
|-damage|p1a: Landorus-Therian|0 fnt|[from] Stealth Rock
|faint|p1a: Landorus-Therian
|
|switch|p1a: Kyurem-Black|Kyurem-Black|96\/391
|-damage|p1a: Kyurem-Black|0 fnt|[from] Stealth Rock
|faint|p1a: Kyurem-Black
|
|switch|p1a: Latias|Latias, F|364\/364
|-damage|p1a: Latias|319\/364|[from] Stealth Rock
|turn|24
|chat|purpz35|i might have mental issues
|
|move|p1a: Latias|Hidden Power|p2a: Stoutland
|-supereffective|p2a: Stoutland
|-damage|p2a: Stoutland|203\/311
|move|p2a: Stoutland|Frustration|p1a: Latias
|-damage|p1a: Latias|22\/364
|
|-heal|p1a: Latias|44\/364|[from] item: Leftovers
|turn|25
|
|move|p1a: Latias|Hidden Power|p2a: Stoutland
|-supereffective|p2a: Stoutland
|-damage|p2a: Stoutland|83\/311
|move|p2a: Stoutland|Frustration|p1a: Latias
|-damage|p1a: Latias|0 fnt
|faint|p1a: Latias
|
|win|Avatar Karin
|raw|Ladder updating...
|raw|purpz35's rating: 1789 &rarr; <strong>1769<\/strong><br \/>(-20 for losing)
|raw|Avatar Karin's rating: 1799 &rarr; <strong>1818<\/strong><br \/>(+19 for winning)
|leave|purpz35
|player|p1
|leave|mbt4