|join|Turducken64
|join|Pagoose
|player|p1|Turducken64|10
|player|p2|Pagoose|141
|gametype|singles
|gen|6
|tier|OU
|rated
|clearpoke
|poke|p1|Heracross, M
|poke|p1|Weavile, F
|poke|p1|Celebi
|poke|p1|Heatran, F
|poke|p1|Empoleon, F
|poke|p1|Landorus, M
|poke|p2|Charizard, F
|poke|p2|Bisharp, M
|poke|p2|Venusaur, F
|poke|p2|Landorus-Therian, M
|poke|p2|Latios, M
|poke|p2|Terrakion
|rule|Swagger Clause: Swagger is banned
|rule|Baton Pass Clause: Limit one Pokémon knowing Baton Pass
|rule|Sleep Clause Mod: Limit one foe put to sleep
|rule|Species Clause: Limit one of each Pokémon
|rule|OHKO Clause: OHKO moves are banned
|rule|Moody Clause: Moody is banned
|rule|Evasion Moves Clause: Evasion moves are banned
|rule|Endless Battle Clause: Forcing endless battles is banned
|rule|HP Percentage Mod: HP is shown in percentages
|teampreview
|
|start
|switch|p1a: Heracross|Heracross, M|305\/305
|switch|p2a: Charizard|Charizard, F|360\/360
|turn|1
|
|switch|p1a: Heatran|Heatran, F|333\/333
|detailschange|p2a: Charizard|Charizard-Mega-Y, F
|message|Charizard has Mega Evolved into Mega Charizard!
|-weather|SunnyDay
|move|p2a: Charizard|Fire Blast|p1a: Heatran
|-start|p1a: Heatran|ability: Flash Fire
|
|-weather|SunnyDay|[upkeep]
|turn|2
|
|move|p1a: Heatran|Ancient Power|p2a: Charizard
|-supereffective|p2a: Charizard
|-damage|p2a: Charizard|96\/360
|move|p2a: Charizard|Focus Blast|p1a: Heatran
|-supereffective|p1a: Heatran
|-damage|p1a: Heatran|0 fnt
|faint|p1a: Heatran
|
|-weather|SunnyDay|[upkeep]
|
|switch|p1a: Weavile|Weavile, F|281\/281
|-ability|p1a: Weavile|Pressure
|turn|3
|
|switch|p2a: Bisharp|Bisharp, M|272\/272
|move|p1a: Weavile|Ice Punch|p2a: Bisharp
|-resisted|p2a: Bisharp
|-damage|p2a: Bisharp|186\/272
|-damage|p1a: Weavile|253\/281|[from] item: Life Orb
|
|-weather|SunnyDay|[upkeep]
|turn|4
|
|switch|p2a: Venusaur|Venusaur, F|302\/302
|move|p1a: Weavile|Low Kick|p2a: Venusaur
|-resisted|p2a: Venusaur
|-damage|p2a: Venusaur|212\/302
|-damage|p1a: Weavile|225\/281|[from] item: Life Orb
|
|-weather|SunnyDay|[upkeep]
|turn|5
|
|switch|p1a: Empoleon|Empoleon, F|371\/371
|move|p2a: Venusaur|Hidden Power|p1a: Empoleon
|-damage|p1a: Empoleon|280\/371
|-damage|p2a: Venusaur|182\/302|[from] item: Life Orb
|
|-weather|none
|-heal|p1a: Empoleon|303\/371|[from] item: Leftovers
|turn|6
|
|switch|p2a: Terrakion|Terrakion|323\/323
|move|p1a: Empoleon|Ice Beam|p2a: Terrakion
|-damage|p2a: Terrakion|234\/323
|
|-heal|p1a: Empoleon|326\/371|[from] item: Leftovers
|turn|7
|
|switch|p1a: Celebi|Celebi|403\/403
|move|p2a: Terrakion|Stealth Rock|p1a: Celebi
|-sidestart|p1: Turducken64|move: Stealth Rock
|
|turn|8
|
|move|p2a: Terrakion|Taunt|p1a: Celebi
|-start|p1a: Celebi|move: Taunt
|move|p1a: Celebi|Psychic|p2a: Terrakion
|-supereffective|p2a: Terrakion
|-damage|p2a: Terrakion|0 fnt
|faint|p2a: Terrakion
|
|
|switch|p2a: Charizard|Charizard-Mega-Y, F|96\/360
|-weather|SunnyDay
|turn|9
|
|switch|p1a: Empoleon|Empoleon, F|326\/371
|-damage|p1a: Empoleon|303\/371|[from] Stealth Rock
|move|p2a: Charizard|Fire Blast|p1a: Empoleon
|-damage|p1a: Empoleon|44\/371
|-status|p1a: Empoleon|brn
|
|-weather|SunnyDay|[upkeep]
|-heal|p1a: Empoleon|67\/371 brn|[from] item: Leftovers
|-damage|p1a: Empoleon|21\/371 brn|[from] brn
|turn|10
|
|move|p2a: Charizard|Solar Beam|p1a: Empoleon|[still]
|-prepare|p2a: Charizard|Solar Beam|p1a: Empoleon
|-anim|p2a: Charizard|Solar Beam|p1a: Empoleon
|-crit|p1a: Empoleon
|-damage|p1a: Empoleon|0 fnt
|faint|p1a: Empoleon
|
|-weather|SunnyDay|[upkeep]
|
|switch|p1a: Landorus|Landorus, M|319\/319
|-damage|p1a: Landorus|280\/319|[from] Stealth Rock
|turn|11
|
|switch|p2a: Latios|Latios, M|301\/301
|move|p1a: Landorus|Stealth Rock|p2a: Latios
|-sidestart|p2: Pagoose|move: Stealth Rock
|
|-weather|SunnyDay|[upkeep]
|turn|12
|
|move|p2a: Latios|Defog|p1a: Landorus
|-unboost|p1a: Landorus|evasion|1
|-sideend|p1: Turducken64|Stealth Rock|[from] move: Defog|[of] p1a: Landorus
|-sideend|p2: Pagoose|Stealth Rock|[from] move: Defog|[of] p2a: Latios
|move|p1a: Landorus|Sludge Wave|p2a: Latios
|-damage|p2a: Latios|116\/301
|
|-weather|SunnyDay|[upkeep]
|turn|13
|
|move|p2a: Latios|Draco Meteor|p1a: Landorus
|-damage|p1a: Landorus|0 fnt
|-unboost|p2a: Latios|spa|2
|-damage|p2a: Latios|86\/301|[from] item: Life Orb
|faint|p1a: Landorus
|
|-weather|none
|
|switch|p1a: Weavile|Weavile, F|225\/281
|-ability|p1a: Weavile|Pressure
|turn|14
|
|move|p1a: Weavile|Ice Punch|p2a: Latios
|-crit|p2a: Latios
|-supereffective|p2a: Latios
|-damage|p2a: Latios|0 fnt
|-damage|p1a: Weavile|197\/281|[from] item: Life Orb
|faint|p2a: Latios
|
|
|switch|p2a: Landorus-Therian|Landorus-Therian, M|321\/321
|-ability|p2a: Landorus-Therian|Intimidate|[of] p1a: Weavile
|-unboost|p1a: Weavile|atk|1
|turn|15
|
|switch|p1a: Celebi|Celebi|403\/403
|move|p2a: Landorus-Therian|U-turn|p1a: Celebi
|-supereffective|p1a: Celebi
|-damage|p1a: Celebi|99\/403
|
|switch|p2a: Charizard|Charizard-Mega-Y, F|96\/360
|-weather|SunnyDay
|
|-weather|SunnyDay|[upkeep]
|-heal|p1a: Celebi|124\/403|[from] item: Leftovers
|turn|16
|
|move|p1a: Celebi|Psychic|p2a: Charizard
|-damage|p2a: Charizard|8\/360
|move|p2a: Charizard|Fire Blast|p1a: Celebi
|-supereffective|p1a: Celebi
|-damage|p1a: Celebi|0 fnt
|faint|p1a: Celebi
|
|-weather|SunnyDay|[upkeep]
|
|switch|p1a: Weavile|Weavile, F|197\/281
|-ability|p1a: Weavile|Pressure
|turn|17
|
|switch|p2a: Bisharp|Bisharp, M|186\/272
|move|p1a: Weavile|Knock Off|p2a: Bisharp
|-resisted|p2a: Bisharp
|-damage|p2a: Bisharp|77\/272
|-enditem|p2a: Bisharp|Life Orb|[from] move: Knock Off|[of] p1a: Weavile
|-damage|p1a: Weavile|169\/281|[from] item: Life Orb
|
|-weather|SunnyDay|[upkeep]
|turn|18
|
|move|p1a: Weavile|Low Kick|p2a: Bisharp
|-supereffective|p2a: Bisharp
|-damage|p2a: Bisharp|0 fnt
|-damage|p1a: Weavile|141\/281|[from] item: Life Orb
|faint|p2a: Bisharp
|
|-weather|SunnyDay|[upkeep]
|
|switch|p2a: Landorus-Therian|Landorus-Therian, M|321\/321
|-ability|p2a: Landorus-Therian|Intimidate|[of] p1a: Weavile
|-unboost|p1a: Weavile|atk|1
|turn|19
|
|move|p1a: Weavile|Ice Shard|p2a: Landorus-Therian
|-supereffective|p2a: Landorus-Therian
|-damage|p2a: Landorus-Therian|82\/321
|-damage|p1a: Weavile|113\/281|[from] item: Life Orb
|move|p2a: Landorus-Therian|U-turn|p1a: Weavile
|-supereffective|p1a: Weavile
|-damage|p1a: Weavile|0 fnt
|faint|p1a: Weavile
|
|switch|p2a: Venusaur|Venusaur, F|182\/302
|
|-weather|none
|
|switch|p1a: Heracross|Heracross, M|305\/305
|turn|20
|
|detailschange|p1a: Heracross|Heracross-Mega, M
|message|Heracross has Mega Evolved into Mega Heracross!
|move|p1a: Heracross|Pin Missile|p2a: Venusaur
|-damage|p2a: Venusaur|110\/302
|-damage|p2a: Venusaur|31\/302
|-damage|p2a: Venusaur|0 fnt
|-hitcount|p2a: Venusaur|3
|faint|p2a: Venusaur
|
|
|switch|p2a: Charizard|Charizard-Mega-Y, F|8\/360
|-weather|SunnyDay
|turn|21
|c|★Pagoose|dont miss plz
|
|move|p1a: Heracross|Rock Blast|p2a: Charizard
|-supereffective|p2a: Charizard
|-damage|p2a: Charizard|0 fnt
|-hitcount|p2a: Charizard|1
|faint|p2a: Charizard
|
|-weather|SunnyDay|[upkeep]
|c|★Pagoose|huh
|c|★Pagoose|omg
|c|★Pagoose|I have the wrong evs
|c|★Pagoose|lol
|
|switch|p2a: Landorus-Therian|Landorus-Therian, M|82\/321
|-ability|p2a: Landorus-Therian|Intimidate|[of] p1a: Heracross
|-unboost|p1a: Heracross|atk|1
|turn|22
|c|★Pagoose|gg
|c|★Turducken64|gg
|c|★Turducken64|sorry to hear that
|
|move|p2a: Landorus-Therian|Stone Edge|p1a: Heracross
|-damage|p1a: Heracross|199\/305
|move|p1a: Heracross|Bullet Seed|p2a: Landorus-Therian
|-damage|p2a: Landorus-Therian|49\/321
|-damage|p2a: Landorus-Therian|18\/321
|-damage|p2a: Landorus-Therian|0 fnt
|-hitcount|p2a: Landorus-Therian|3
|faint|p2a: Landorus-Therian
|
|win|Turducken64
|raw|Ladder updating...
|raw|Turducken64's rating: 1688 &rarr; <strong>1715<\/strong><br \/>(+27 for winning)
|raw|Pagoose's rating: 1799 &rarr; <strong>1773<\/strong><br \/>(-26 for losing)
|leave|Pagoose
|player|p2