|join|Pagoose
|join|Scangel
|player|p1|Pagoose|141
|player|p2|Scangel|230
|gametype|singles
|gen|6
|tier|OU
|rated
|clearpoke
|poke|p1|Bisharp, F
|poke|p1|Gardevoir, F
|poke|p1|Greninja, M
|poke|p1|Thundurus, M
|poke|p1|Latias, F
|poke|p1|Garchomp, M
|poke|p2|Charizard, M
|poke|p2|Keldeo-Resolute
|poke|p2|Latias, F
|poke|p2|Clefable, F
|poke|p2|Landorus-Therian, M
|poke|p2|Ferrothorn, F
|rule|Swagger Clause: Swagger is banned
|rule|Baton Pass Clause: Limit one Pokémon knowing Baton Pass
|rule|Sleep Clause Mod: Limit one foe put to sleep
|rule|Species Clause: Limit one of each Pokémon
|rule|OHKO Clause: OHKO moves are banned
|rule|Moody Clause: Moody is banned
|rule|Evasion Moves Clause: Evasion moves are banned
|rule|Endless Battle Clause: Forcing endless battles is banned
|rule|HP Percentage Mod: HP is shown in percentages
|teampreview
|
|start
|switch|p1a: Greninja|Greninja, M|286\/286
|switch|p2a: Landorus-Therian|Landorus-Therian, M|319\/319
|-ability|p2a: Landorus-Therian|Intimidate|[of] p1a: Greninja
|-unboost|p1a: Greninja|atk|1
|turn|1
|
|move|p2a: Landorus-Therian|U-turn|p1a: Greninja
|-supereffective|p1a: Greninja
|-damage|p1a: Greninja|48\/286
|
|switch|p2a: Ferrothorn|Ferrothorn, F|352\/352
|move|p1a: Greninja|Ice Beam|p2a: Ferrothorn
|-start|p1a: Greninja|typechange|Ice|[from] Protean
|-damage|p2a: Ferrothorn|227\/352
|-damage|p1a: Greninja|20\/286|[from] item: Life Orb
|
|-heal|p2a: Ferrothorn|249\/352|[from] item: Leftovers
|turn|2
|
|switch|p1a: Thundurus|Thundurus, M|299\/299
|move|p2a: Ferrothorn|Stealth Rock|p1a: Thundurus
|-sidestart|p1: Pagoose|move: Stealth Rock
|
|-heal|p2a: Ferrothorn|271\/352|[from] item: Leftovers
|turn|3
|
|move|p1a: Thundurus|Focus Blast|p2a: Ferrothorn
|-supereffective|p2a: Ferrothorn
|-damage|p2a: Ferrothorn|16\/352
|-damage|p1a: Thundurus|270\/299|[from] item: Life Orb
|move|p2a: Ferrothorn|Leech Seed|p1a: Thundurus
|-start|p1a: Thundurus|move: Leech Seed
|
|-heal|p2a: Ferrothorn|38\/352|[from] item: Leftovers
|-damage|p1a: Thundurus|233\/299|[from] Leech Seed|[of] p2a: Ferrothorn
|-heal|p2a: Ferrothorn|75\/352|[silent]
|turn|4
|
|switch|p1a: Latias|Latias, F|302\/302
|-damage|p1a: Latias|265\/302|[from] Stealth Rock
|switch|p2a: Clefable|Clefable, F|394\/394
|
|turn|5
|
|switch|p1a: Gardevoir|Gardevoir, F|277\/277
|-damage|p1a: Gardevoir|243\/277|[from] Stealth Rock
|-ability|p1a: Gardevoir|Magic Guard|[from] ability: Trace|[of] p2a: Clefable
|move|p2a: Clefable|Moonblast|p1a: Gardevoir
|-damage|p1a: Gardevoir|156\/277
|-unboost|p1a: Gardevoir|spa|1
|
|turn|6
|
|detailschange|p1a: Gardevoir|Gardevoir-Mega, F
|message|Gardevoir has Mega Evolved into Mega Gardevoir!
|move|p1a: Gardevoir|Hyper Voice|p2a: Clefable
|-damage|p2a: Clefable|198\/394
|move|p2a: Clefable|Calm Mind|p2a: Clefable
|-boost|p2a: Clefable|spa|1
|-boost|p2a: Clefable|spd|1
|
|-heal|p2a: Clefable|222\/394|[from] item: Leftovers
|turn|7
|
|move|p1a: Gardevoir|Taunt|p2a: Clefable
|-start|p2a: Clefable|move: Taunt
|cant|p2a: Clefable|move: Taunt|Soft-Boiled
|
|-heal|p2a: Clefable|246\/394|[from] item: Leftovers
|turn|8
|
|move|p1a: Gardevoir|Psyshock|p2a: Clefable
|-damage|p2a: Clefable|126\/394
|move|p2a: Clefable|Moonblast|p1a: Gardevoir
|-damage|p1a: Gardevoir|35\/277
|
|-heal|p2a: Clefable|150\/394|[from] item: Leftovers
|turn|9
|
|switch|p1a: Greninja|Greninja, M|20\/286
|-damage|p1a: Greninja|0 fnt|[from] Stealth Rock
|faint|p1a: Greninja
|move|p2a: Clefable|Moonblast|p1: Greninja|[notarget]
|-notarget
|
|-heal|p2a: Clefable|174\/394|[from] item: Leftovers
|-end|p2a: Clefable|move: Taunt
|
|switch|p1a: Bisharp|Bisharp, F|271\/271
|-damage|p1a: Bisharp|255\/271|[from] Stealth Rock
|turn|10
|
|switch|p2a: Ferrothorn|Ferrothorn, F|75\/352
|move|p1a: Bisharp|Iron Head|p2a: Ferrothorn
|-resisted|p2a: Ferrothorn
|-damage|p2a: Ferrothorn|21\/352
|-damage|p1a: Bisharp|222\/271|[from] ability: Iron Barbs|[of] p2a: Ferrothorn
|
|-heal|p2a: Ferrothorn|43\/352|[from] item: Leftovers
|turn|11
|
|move|p1a: Bisharp|Knock Off|p2a: Ferrothorn
|-damage|p2a: Ferrothorn|0 fnt
|-damage|p1a: Bisharp|189\/271|[from] ability: Iron Barbs|[of] p2a: Ferrothorn
|-enditem|p2a: Ferrothorn|Leftovers|[from] move: Knock Off|[of] p1a: Bisharp
|faint|p2a: Ferrothorn
|
|
|switch|p2a: Keldeo-Resolute|Keldeo-Resolute|323\/323
|turn|12
|
|switch|p1a: Latias|Latias, F|265\/302
|-damage|p1a: Latias|228\/302|[from] Stealth Rock
|move|p2a: Keldeo-Resolute|Icy Wind|p1a: Latias
|-supereffective|p1a: Latias
|-damage|p1a: Latias|98\/302
|-unboost|p1a: Latias|spe|1
|-damage|p2a: Keldeo-Resolute|291\/323|[from] item: Life Orb
|
|turn|13
|
|switch|p1a: Bisharp|Bisharp, F|189\/271
|-damage|p1a: Bisharp|173\/271|[from] Stealth Rock
|move|p2a: Keldeo-Resolute|Icy Wind|p1a: Bisharp
|-resisted|p1a: Bisharp
|-damage|p1a: Bisharp|112\/271
|-unboost|p1a: Bisharp|spe|1
|-boost|p1a: Bisharp|atk|2|[from] ability: Defiant
|-damage|p2a: Keldeo-Resolute|259\/323|[from] item: Life Orb
|
|turn|14
|
|move|p2a: Keldeo-Resolute|Secret Sword|p1a: Bisharp
|-supereffective|p1a: Bisharp
|-damage|p1a: Bisharp|0 fnt
|-damage|p2a: Keldeo-Resolute|227\/323|[from] item: Life Orb
|faint|p1a: Bisharp
|
|-message|Pagoose forfeited.
|
|win|Scangel
|raw|Ladder updating...
|leave|Pagoose
|player|p1
|raw|Pagoose's rating: 1715 &rarr; <strong>1689<\/strong><br \/>(-26 for losing)
|raw|Scangel's rating: 1601 &rarr; <strong>1628<\/strong><br \/>(+27 for winning)