|join|Chocolove
|join|Pagoose
|player|p1|Chocolove|3
|player|p2|Pagoose|141
|gametype|singles
|gen|6
|tier|OU
|rated
|clearpoke
|poke|p1|Meloetta
|poke|p1|Rotom-Wash
|poke|p1|Latios, M
|poke|p1|Landorus-Therian, M
|poke|p1|Charizard, M
|poke|p1|Sylveon, M
|poke|p2|Heatran, F
|poke|p2|Slowbro, F
|poke|p2|Ferrothorn, F
|poke|p2|Heracross, M
|poke|p2|Latios, M
|poke|p2|Landorus, M
|rule|Swagger Clause: Swagger is banned
|rule|Baton Pass Clause: Limit one Pokémon knowing Baton Pass
|rule|Sleep Clause Mod: Limit one foe put to sleep
|rule|Species Clause: Limit one of each Pokémon
|rule|OHKO Clause: OHKO moves are banned
|rule|Moody Clause: Moody is banned
|rule|Evasion Moves Clause: Evasion moves are banned
|rule|Endless Battle Clause: Forcing endless battles is banned
|rule|HP Percentage Mod: HP is shown in percentages
|teampreview
|
|start
|switch|p1a: Spicy Girls|Rotom-Wash|304\/304
|switch|p2a: Latios|Latios, M|302\/302
|turn|1
|
|move|p2a: Latios|Psyshock|p1a: Spicy Girls
|-damage|p1a: Spicy Girls|174\/304
|-damage|p2a: Latios|272\/302|[from] item: Life Orb
|move|p1a: Spicy Girls|Will-O-Wisp|p2a: Latios
|-status|p2a: Latios|brn
|
|-heal|p1a: Spicy Girls|193\/304|[from] item: Leftovers
|-damage|p2a: Latios|235\/302 brn|[from] brn
|turn|2
|
|switch|p1a: Destiny's Child|Sylveon, M|394\/394
|move|p2a: Latios|Psyshock|p1a: Destiny's Child
|-damage|p1a: Destiny's Child|211\/394
|-damage|p2a: Latios|205\/302 brn|[from] item: Life Orb
|
|-heal|p1a: Destiny's Child|235\/394|[from] item: Leftovers
|-damage|p2a: Latios|168\/302 brn|[from] brn
|turn|3
|
|switch|p2a: Heatran|Heatran, F|323\/323
|move|p1a: Destiny's Child|Wish|p1a: Destiny's Child
|
|-heal|p1a: Destiny's Child|259\/394|[from] item: Leftovers
|turn|4
|
|switch|p1a: N.E.R.D.|Charizard, M|298\/298
|move|p2a: Heatran|Flash Cannon|p1a: N.E.R.D.
|-resisted|p1a: N.E.R.D.
|-damage|p1a: N.E.R.D.|220\/298
|
|-heal|p1a: N.E.R.D.|298\/298|[from] move: Wish|[wisher] Destiny's Child
|turn|5
|
|switch|p2a: Slowbro|Slowbro, F|394\/394
|detailschange|p1a: N.E.R.D.|Charizard-Mega-X, M
|message|Charizard has Mega Evolved into Mega Charizard!
|move|p1a: N.E.R.D.|Dragon Dance|p1a: N.E.R.D.
|-boost|p1a: N.E.R.D.|atk|1
|-boost|p1a: N.E.R.D.|spe|1
|
|turn|6
|
|switch|p1a: Spicy Girls|Rotom-Wash|193\/304
|move|p2a: Slowbro|Thunder Wave|p1a: Spicy Girls
|-fail|p1a: Spicy Girls
|
|-heal|p1a: Spicy Girls|212\/304|[from] item: Leftovers
|turn|7
|
|move|p1a: Spicy Girls|Volt Switch|p2a: Slowbro
|-crit|p2a: Slowbro
|-supereffective|p2a: Slowbro
|-damage|p2a: Slowbro|68\/394
|
|switch|p1a: B2K|Landorus-Therian, M|382\/382
|-ability|p1a: B2K|Intimidate|[of] p2a: Slowbro
|-unboost|p2a: Slowbro|atk|1
|move|p2a: Slowbro|Thunder Wave|p1a: B2K
|-immune|p1a: B2K|[msg]
|
|-heal|p2a: Slowbro|92\/394|[from] item: Leftovers
|turn|8
|
|switch|p2a: Ferrothorn|Ferrothorn, F|352\/352
|move|p1a: B2K|Stealth Rock|p2a: Ferrothorn
|-sidestart|p2: Pagoose|move: Stealth Rock
|
|turn|9
|
|switch|p1a: N.E.R.D.|Charizard-Mega-X, M|298\/298
|move|p2a: Ferrothorn|Leech Seed|p1a: N.E.R.D.
|-start|p1a: N.E.R.D.|move: Leech Seed
|
|-damage|p1a: N.E.R.D.|261\/298|[from] Leech Seed|[of] p2a: Ferrothorn
|turn|10
|
|switch|p2a: Slowbro|Slowbro, F|223\/394
|-damage|p2a: Slowbro|174\/394|[from] Stealth Rock
|move|p1a: N.E.R.D.|Dragon Dance|p1a: N.E.R.D.
|-boost|p1a: N.E.R.D.|atk|1
|-boost|p1a: N.E.R.D.|spe|1
|
|-heal|p2a: Slowbro|198\/394|[from] item: Leftovers
|-damage|p1a: N.E.R.D.|224\/298|[from] Leech Seed|[of] p2a: Slowbro
|-heal|p2a: Slowbro|235\/394|[silent]
|turn|11
|
|switch|p2a: Heatran|Heatran, F|323\/323
|-damage|p2a: Heatran|283\/323|[from] Stealth Rock
|move|p1a: N.E.R.D.|Dragon Claw|p2a: Heatran
|-crit|p2a: Heatran
|-resisted|p2a: Heatran
|-damage|p2a: Heatran|57\/323
|
|-damage|p1a: N.E.R.D.|187\/298|[from] Leech Seed|[of] p2a: Heatran
|-heal|p2a: Heatran|94\/323|[silent]
|turn|12
|
|move|p1a: N.E.R.D.|Dragon Claw|p2a: Heatran
|-resisted|p2a: Heatran
|-damage|p2a: Heatran|0 fnt
|faint|p2a: Heatran
|
|
|switch|p2a: Slowbro|Slowbro, F|366\/394
|-damage|p2a: Slowbro|317\/394|[from] Stealth Rock
|turn|13
|
|switch|p1a: Britney|Meloetta|404\/404
|move|p2a: Slowbro|Thunder Wave|p1a: Britney
|-status|p1a: Britney|par
|
|-heal|p2a: Slowbro|341\/394|[from] item: Leftovers
|turn|14
|
|switch|p2a: Heracross|Heracross, M|311\/311
|-damage|p2a: Heracross|273\/311|[from] Stealth Rock
|move|p1a: Britney|Shadow Ball|p2a: Heracross
|-damage|p2a: Heracross|161\/311
|
|turn|15
|
|switch|p1a: B2K|Landorus-Therian, M|382\/382
|-ability|p1a: B2K|Intimidate|[of] p2a: Heracross
|-unboost|p2a: Heracross|atk|1
|detailschange|p2a: Heracross|Heracross-Mega, M
|message|Heracross has Mega Evolved into Mega Heracross!
|move|p2a: Heracross|Rock Blast|p1a: B2K
|-damage|p1a: B2K|361\/382
|-damage|p1a: B2K|338\/382
|-damage|p1a: B2K|317\/382
|-crit|p1a: B2K
|-damage|p1a: B2K|265\/382
|-damage|p1a: B2K|243\/382
|-hitcount|p1a: B2K|5
|
|-heal|p1a: B2K|266\/382|[from] item: Leftovers
|turn|16
|
|move|p2a: Heracross|Rock Blast|p1a: B2K
|-damage|p1a: B2K|242\/382
|-damage|p1a: B2K|218\/382
|-damage|p1a: B2K|194\/382
|-damage|p1a: B2K|170\/382
|-damage|p1a: B2K|149\/382
|-hitcount|p1a: B2K|5
|move|p1a: B2K|Stone Edge|p2a: Heracross
|-damage|p2a: Heracross|61\/311
|
|-heal|p1a: B2K|172\/382|[from] item: Leftovers
|turn|17
|
|move|p2a: Heracross|Rock Blast|p1a: B2K
|-damage|p1a: B2K|148\/382
|-damage|p1a: B2K|126\/382
|-crit|p1a: B2K
|-damage|p1a: B2K|79\/382
|-damage|p1a: B2K|56\/382
|-damage|p1a: B2K|34\/382
|-hitcount|p1a: B2K|5
|move|p1a: B2K|U-turn|p2a: Heracross
|-resisted|p2a: Heracross
|-damage|p2a: Heracross|23\/311
|
|switch|p1a: N.E.R.D.|Charizard-Mega-X, M|187\/298
|
|turn|18
|
|switch|p2a: Slowbro|Slowbro, F|394\/394
|-damage|p2a: Slowbro|345\/394|[from] Stealth Rock
|move|p1a: N.E.R.D.|Fire Punch|p2a: Slowbro
|-resisted|p2a: Slowbro
|-damage|p2a: Slowbro|284\/394
|
|-heal|p2a: Slowbro|308\/394|[from] item: Leftovers
|turn|19
|
|switch|p1a: Destiny's Child|Sylveon, M|259\/394
|move|p2a: Slowbro|Scald|p1a: Destiny's Child
|-damage|p1a: Destiny's Child|187\/394
|
|-heal|p1a: Destiny's Child|211\/394|[from] item: Leftovers
|-heal|p2a: Slowbro|332\/394|[from] item: Leftovers
|turn|20
|
|switch|p2a: Ferrothorn|Ferrothorn, F|352\/352
|-damage|p2a: Ferrothorn|330\/352|[from] Stealth Rock
|move|p1a: Destiny's Child|Wish|p1a: Destiny's Child
|
|-heal|p1a: Destiny's Child|235\/394|[from] item: Leftovers
|-heal|p2a: Ferrothorn|352\/352|[from] item: Leftovers
|turn|21
|
|switch|p1a: N.E.R.D.|Charizard-Mega-X, M|187\/298
|move|p2a: Ferrothorn|Gyro Ball|p1a: N.E.R.D.
|-crit|p1a: N.E.R.D.
|-resisted|p1a: N.E.R.D.
|-damage|p1a: N.E.R.D.|68\/298
|
|-heal|p1a: N.E.R.D.|265\/298|[from] move: Wish|[wisher] Destiny's Child
|turn|22
|
|switch|p2a: Slowbro|Slowbro, F|394\/394
|-damage|p2a: Slowbro|345\/394|[from] Stealth Rock
|move|p1a: N.E.R.D.|Dragon Dance|p1a: N.E.R.D.
|-boost|p1a: N.E.R.D.|atk|1
|-boost|p1a: N.E.R.D.|spe|1
|
|-heal|p2a: Slowbro|369\/394|[from] item: Leftovers
|turn|23
|
|switch|p1a: Spicy Girls|Rotom-Wash|212\/304
|move|p2a: Slowbro|Thunder Wave|p1a: Spicy Girls
|-fail|p1a: Spicy Girls
|
|-heal|p1a: Spicy Girls|231\/304|[from] item: Leftovers
|-heal|p2a: Slowbro|393\/394|[from] item: Leftovers
|turn|24
|
|switch|p2a: Heracross|Heracross-Mega, M|23\/311
|-damage|p2a: Heracross|0 fnt|[from] Stealth Rock
|faint|p2a: Heracross
|move|p1a: Spicy Girls|Will-O-Wisp|p2: Heracross|[notarget]
|-notarget
|
|-heal|p1a: Spicy Girls|250\/304|[from] item: Leftovers
|
|switch|p2a: Latios|Latios, M|168\/302 brn
|-damage|p2a: Latios|131\/302 brn|[from] Stealth Rock
|turn|25
|
|switch|p1a: Britney|Meloetta|404\/404 par
|move|p2a: Latios|Roost|p2a: Latios
|-heal|p2a: Latios|282\/302 brn
|
|-damage|p2a: Latios|245\/302 brn|[from] brn
|turn|26
|
|move|p2a: Latios|Draco Meteor|p1a: Britney
|-damage|p1a: Britney|227\/404 par
|-unboost|p2a: Latios|spa|2
|-damage|p2a: Latios|215\/302 brn|[from] item: Life Orb
|move|p1a: Britney|Shadow Ball|p2a: Latios
|-supereffective|p2a: Latios
|-damage|p2a: Latios|31\/302 brn
|-unboost|p2a: Latios|spd|1
|
|-damage|p2a: Latios|0 fnt|[from] brn
|faint|p2a: Latios
|
|switch|p2a: Landorus|Landorus, M|319\/319
|-damage|p2a: Landorus|280\/319|[from] Stealth Rock
|turn|27
|
|switch|p1a: B2K|Landorus-Therian, M|34\/382
|-ability|p1a: B2K|Intimidate|[of] p2a: Landorus
|-unboost|p2a: Landorus|atk|1
|move|p2a: Landorus|Rock Polish|p2a: Landorus
|-boost|p2a: Landorus|spe|2
|
|-heal|p1a: B2K|57\/382|[from] item: Leftovers
|turn|28
|
|move|p2a: Landorus|Knock Off|p1a: B2K
|-damage|p1a: B2K|0 fnt
|-enditem|p1a: B2K|Leftovers|[from] move: Knock Off|[of] p2a: Landorus
|-damage|p2a: Landorus|249\/319|[from] item: Life Orb
|faint|p1a: B2K
|
|
|switch|p1a: Destiny's Child|Sylveon, M|235\/394
|turn|29
|
|move|p2a: Landorus|Earth Power|p1a: Destiny's Child
|-damage|p1a: Destiny's Child|40\/394
|move|p1a: Destiny's Child|Hyper Voice|p2a: Landorus
|-damage|p2a: Landorus|56\/319
|
|-heal|p1a: Destiny's Child|64\/394|[from] item: Leftovers
|turn|30
|
|move|p2a: Landorus|Earth Power|p1a: Destiny's Child
|-damage|p1a: Destiny's Child|0 fnt
|faint|p1a: Destiny's Child
|
|
|switch|p1a: Backstreet Boys|Latios, M|301\/301
|turn|31
|
|switch|p2a: Ferrothorn|Ferrothorn, F|352\/352
|-damage|p2a: Ferrothorn|330\/352|[from] Stealth Rock
|move|p1a: Backstreet Boys|Psyshock|p2a: Ferrothorn
|-resisted|p2a: Ferrothorn
|-damage|p2a: Ferrothorn|272\/352
|-damage|p1a: Backstreet Boys|271\/301|[from] item: Life Orb
|
|-heal|p2a: Ferrothorn|294\/352|[from] item: Leftovers
|turn|32
|
|switch|p1a: N.E.R.D.|Charizard-Mega-X, M|265\/298
|move|p2a: Ferrothorn|Leech Seed|p1a: N.E.R.D.
|-start|p1a: N.E.R.D.|move: Leech Seed
|
|-heal|p2a: Ferrothorn|316\/352|[from] item: Leftovers
|-damage|p1a: N.E.R.D.|228\/298|[from] Leech Seed|[of] p2a: Ferrothorn
|-heal|p2a: Ferrothorn|352\/352|[silent]
|turn|33
|
|switch|p2a: Slowbro|Slowbro, F|394\/394
|-damage|p2a: Slowbro|345\/394|[from] Stealth Rock
|move|p1a: N.E.R.D.|Dragon Dance|p1a: N.E.R.D.
|-boost|p1a: N.E.R.D.|atk|1
|-boost|p1a: N.E.R.D.|spe|1
|
|-heal|p2a: Slowbro|369\/394|[from] item: Leftovers
|-damage|p1a: N.E.R.D.|191\/298|[from] Leech Seed|[of] p2a: Slowbro
|-heal|p2a: Slowbro|394\/394|[silent]
|turn|34
|
|switch|p1a: Britney|Meloetta|227\/404 par
|move|p2a: Slowbro|Scald|p1a: Britney
|-damage|p1a: Britney|179\/404 par
|
|turn|35
|
|switch|p2a: Ferrothorn|Ferrothorn, F|352\/352
|-damage|p2a: Ferrothorn|330\/352|[from] Stealth Rock
|cant|p1a: Britney|par
|
|-heal|p2a: Ferrothorn|352\/352|[from] item: Leftovers
|turn|36
|
|move|p1a: Britney|Focus Blast|p2a: Ferrothorn
|-supereffective|p2a: Ferrothorn
|-damage|p2a: Ferrothorn|130\/352
|move|p2a: Ferrothorn|Leech Seed|p1a: Britney
|-start|p1a: Britney|move: Leech Seed
|
|-heal|p2a: Ferrothorn|152\/352|[from] item: Leftovers
|-damage|p1a: Britney|129\/404 par|[from] Leech Seed|[of] p2a: Ferrothorn
|-heal|p2a: Ferrothorn|202\/352|[silent]
|turn|37
|
|switch|p1a: N.E.R.D.|Charizard-Mega-X, M|191\/298
|move|p2a: Ferrothorn|Protect|p2a: Ferrothorn
|-fail|p2a: Ferrothorn
|
|-heal|p2a: Ferrothorn|224\/352|[from] item: Leftovers
|turn|38
|
|switch|p2a: Slowbro|Slowbro, F|394\/394
|-damage|p2a: Slowbro|345\/394|[from] Stealth Rock
|move|p1a: N.E.R.D.|Fire Punch|p2a: Slowbro
|-resisted|p2a: Slowbro
|-damage|p2a: Slowbro|282\/394
|
|-heal|p2a: Slowbro|306\/394|[from] item: Leftovers
|turn|39
|
|switch|p1a: Spicy Girls|Rotom-Wash|250\/304
|move|p2a: Slowbro|Scald|p1a: Spicy Girls
|-resisted|p1a: Spicy Girls
|-damage|p1a: Spicy Girls|205\/304
|
|-heal|p1a: Spicy Girls|224\/304|[from] item: Leftovers
|-heal|p2a: Slowbro|330\/394|[from] item: Leftovers
|turn|40
|
|move|p1a: Spicy Girls|Will-O-Wisp|p2a: Slowbro
|-status|p2a: Slowbro|brn
|move|p2a: Slowbro|Scald|p1a: Spicy Girls
|-resisted|p1a: Spicy Girls
|-damage|p1a: Spicy Girls|176\/304
|
|-heal|p1a: Spicy Girls|195\/304|[from] item: Leftovers
|-heal|p2a: Slowbro|354\/394 brn|[from] item: Leftovers
|-damage|p2a: Slowbro|305\/394 brn|[from] brn
|turn|41
|
|switch|p2a: Landorus|Landorus, M|56\/319
|-damage|p2a: Landorus|17\/319|[from] Stealth Rock
|move|p1a: Spicy Girls|Pain Split|p2a: Landorus
|-sethp|p2a: Landorus|106\/319|p1a: Spicy Girls|106\/304|[from] move: Pain Split
|
|-heal|p1a: Spicy Girls|125\/304|[from] item: Leftovers
|turn|42
|c|★Pagoose|lol
|
|move|p2a: Landorus|Focus Blast|p1a: Spicy Girls
|-damage|p1a: Spicy Girls|0 fnt
|faint|p1a: Spicy Girls
|
|
|switch|p1a: Backstreet Boys|Latios, M|271\/301
|turn|43
|
|switch|p2a: Ferrothorn|Ferrothorn, F|224\/352
|-damage|p2a: Ferrothorn|202\/352|[from] Stealth Rock
|move|p1a: Backstreet Boys|Psyshock|p2a: Ferrothorn
|-resisted|p2a: Ferrothorn
|-damage|p2a: Ferrothorn|141\/352
|-damage|p1a: Backstreet Boys|241\/301|[from] item: Life Orb
|
|-heal|p2a: Ferrothorn|163\/352|[from] item: Leftovers
|turn|44
|
|switch|p1a: N.E.R.D.|Charizard-Mega-X, M|191\/298
|move|p2a: Ferrothorn|Leech Seed|p1a: N.E.R.D.
|-start|p1a: N.E.R.D.|move: Leech Seed
|
|-heal|p2a: Ferrothorn|185\/352|[from] item: Leftovers
|-damage|p1a: N.E.R.D.|154\/298|[from] Leech Seed|[of] p2a: Ferrothorn
|-heal|p2a: Ferrothorn|222\/352|[silent]
|turn|45
|
|switch|p2a: Slowbro|Slowbro, F|394\/394 brn
|-damage|p2a: Slowbro|345\/394 brn|[from] Stealth Rock
|move|p1a: N.E.R.D.|Dragon Dance|p1a: N.E.R.D.
|-boost|p1a: N.E.R.D.|atk|1
|-boost|p1a: N.E.R.D.|spe|1
|
|-heal|p2a: Slowbro|369\/394 brn|[from] item: Leftovers
|-damage|p1a: N.E.R.D.|117\/298|[from] Leech Seed|[of] p2a: Slowbro
|-heal|p2a: Slowbro|394\/394 brn|[silent]
|-damage|p2a: Slowbro|345\/394 brn|[from] brn
|turn|46
|
|switch|p1a: Britney|Meloetta|129\/404 par
|move|p2a: Slowbro|Scald|p1a: Britney
|-damage|p1a: Britney|74\/404 par
|
|-heal|p2a: Slowbro|369\/394 brn|[from] item: Leftovers
|-damage|p2a: Slowbro|320\/394 brn|[from] brn
|turn|47
|
|move|p2a: Slowbro|Scald|p1a: Britney
|-damage|p1a: Britney|25\/404 par
|move|p1a: Britney|Shadow Ball|p2a: Slowbro
|-supereffective|p2a: Slowbro
|-damage|p2a: Slowbro|92\/394 brn
|
|-heal|p2a: Slowbro|116\/394 brn|[from] item: Leftovers
|-damage|p2a: Slowbro|67\/394 brn|[from] brn
|turn|48
|
|switch|p2a: Ferrothorn|Ferrothorn, F|222\/352
|-damage|p2a: Ferrothorn|200\/352|[from] Stealth Rock
|move|p1a: Britney|Shadow Ball|p2a: Ferrothorn
|-damage|p2a: Ferrothorn|120\/352
|
|-heal|p2a: Ferrothorn|142\/352|[from] item: Leftovers
|turn|49
|
|switch|p2a: Slowbro|Slowbro, F|198\/394 brn
|-damage|p2a: Slowbro|149\/394 brn|[from] Stealth Rock
|cant|p1a: Britney|par
|
|-heal|p2a: Slowbro|173\/394 brn|[from] item: Leftovers
|-damage|p2a: Slowbro|124\/394 brn|[from] brn
|turn|50
|c|★Chocolove|finally
|
|switch|p2a: Landorus|Landorus, M|106\/319
|-damage|p2a: Landorus|67\/319|[from] Stealth Rock
|move|p1a: Britney|Shadow Ball|p2a: Landorus
|-damage|p2a: Landorus|0 fnt
|faint|p2a: Landorus
|
|
|switch|p2a: Slowbro|Slowbro, F|255\/394 brn
|-damage|p2a: Slowbro|206\/394 brn|[from] Stealth Rock
|turn|51
|
|move|p2a: Slowbro|Scald|p1a: Britney
|-damage|p1a: Britney|0 fnt
|faint|p1a: Britney
|
|-heal|p2a: Slowbro|230\/394 brn|[from] item: Leftovers
|-damage|p2a: Slowbro|181\/394 brn|[from] brn
|c|★Pagoose|finally?
|
|switch|p1a: Backstreet Boys|Latios, M|241\/301
|turn|52
|
|switch|p2a: Ferrothorn|Ferrothorn, F|142\/352
|-damage|p2a: Ferrothorn|120\/352|[from] Stealth Rock
|move|p1a: Backstreet Boys|Earthquake|p2a: Ferrothorn
|-damage|p2a: Ferrothorn|56\/352
|-damage|p1a: Backstreet Boys|211\/301|[from] item: Life Orb
|
|-heal|p2a: Ferrothorn|78\/352|[from] item: Leftovers
|turn|53
|
|move|p2a: Ferrothorn|Protect|p2a: Ferrothorn
|-singleturn|p2a: Ferrothorn|Protect
|move|p1a: Backstreet Boys|Draco Meteor|p2a: Ferrothorn
|-activate|p2a: Ferrothorn|Protect
|
|-heal|p2a: Ferrothorn|100\/352|[from] item: Leftovers
|turn|54
|
|switch|p1a: N.E.R.D.|Charizard-Mega-X, M|117\/298
|move|p2a: Ferrothorn|Protect|p2a: Ferrothorn
|-fail|p2a: Ferrothorn
|
|-heal|p2a: Ferrothorn|122\/352|[from] item: Leftovers
|turn|55
|
|switch|p2a: Slowbro|Slowbro, F|312\/394 brn
|-damage|p2a: Slowbro|263\/394 brn|[from] Stealth Rock
|move|p1a: N.E.R.D.|Dragon Dance|p1a: N.E.R.D.
|-boost|p1a: N.E.R.D.|atk|1
|-boost|p1a: N.E.R.D.|spe|1
|
|-heal|p2a: Slowbro|287\/394 brn|[from] item: Leftovers
|-damage|p2a: Slowbro|238\/394 brn|[from] brn
|turn|56
|
|move|p1a: N.E.R.D.|Dragon Claw|p2a: Slowbro
|-damage|p2a: Slowbro|45\/394 brn
|move|p2a: Slowbro|Thunder Wave|p1a: N.E.R.D.
|-status|p1a: N.E.R.D.|par
|
|-heal|p2a: Slowbro|69\/394 brn|[from] item: Leftovers
|-damage|p2a: Slowbro|20\/394 brn|[from] brn
|turn|57
|
|switch|p2a: Ferrothorn|Ferrothorn, F|122\/352
|-damage|p2a: Ferrothorn|100\/352|[from] Stealth Rock
|cant|p1a: N.E.R.D.|par
|
|-heal|p2a: Ferrothorn|122\/352|[from] item: Leftovers
|turn|58
|
|move|p1a: N.E.R.D.|Fire Punch|p2a: Ferrothorn
|-crit|p2a: Ferrothorn
|-supereffective|p2a: Ferrothorn
|-damage|p2a: Ferrothorn|0 fnt
|-damage|p1a: N.E.R.D.|80\/298 par|[from] ability: Iron Barbs|[of] p2a: Ferrothorn
|faint|p2a: Ferrothorn
|
|
|switch|p2a: Slowbro|Slowbro, F|151\/394 brn
|-damage|p2a: Slowbro|102\/394 brn|[from] Stealth Rock
|turn|59
|
|move|p1a: N.E.R.D.|Dragon Claw|p2a: Slowbro
|-damage|p2a: Slowbro|0 fnt
|faint|p2a: Slowbro
|
|win|Chocolove
|raw|Ladder updating...
|raw|Chocolove's rating: 1597 &rarr; <strong>1616<\/strong><br \/>(+19 for winning)
|raw|Pagoose's rating: 1586 &rarr; <strong>1567<\/strong><br \/>(-19 for losing)
|c|★Pagoose|gg
|c|★Chocolove|a match as exciting as granny porn
|leave|Pagoose
|player|p2
|c|★Chocolove|gg