|join|Paul Gilbert
|join|Pagoose
|player|p1|Paul Gilbert|267
|player|p2|Pagoose|141
|gametype|singles
|gen|6
|tier|OU
|rated
|clearpoke
|poke|p1|Landorus-Therian, M
|poke|p1|Conkeldurr, M
|poke|p1|Magnezone
|poke|p1|Azumarill, M
|poke|p1|Pinsir, M
|poke|p1|Empoleon, F
|poke|p2|Charizard, F
|poke|p2|Bisharp, F
|poke|p2|Venusaur, F
|poke|p2|Landorus-Therian, M
|poke|p2|Latios, M
|poke|p2|Terrakion
|rule|Swagger Clause: Swagger is banned
|rule|Baton Pass Clause: Limit one Pokémon knowing Baton Pass
|rule|Sleep Clause Mod: Limit one foe put to sleep
|rule|Species Clause: Limit one of each Pokémon
|rule|OHKO Clause: OHKO moves are banned
|rule|Moody Clause: Moody is banned
|rule|Evasion Moves Clause: Evasion moves are banned
|rule|Endless Battle Clause: Forcing endless battles is banned
|rule|HP Percentage Mod: HP is shown in percentages
|teampreview
|
|start
|switch|p1a: Azumarill|Azumarill, M|349\/349
|switch|p2a: Terrakion|Terrakion|323\/323
|turn|1
|
|switch|p2a: Venusaur|Venusaur, F|313\/313
|move|p1a: Azumarill|Aqua Jet|p2a: Venusaur
|-resisted|p2a: Venusaur
|-damage|p2a: Venusaur|241\/313
|
|turn|2
|
|switch|p2a: Terrakion|Terrakion|323\/323
|switch|p1a: Empoleon|Empoleon, F|371\/371
|
|turn|3
|
|switch|p1a: Landorus-Therian|Landorus-Therian, M|328\/328
|-ability|p1a: Landorus-Therian|Intimidate|[of] p2a: Terrakion
|-unboost|p2a: Terrakion|atk|1
|move|p2a: Terrakion|Close Combat|p1a: Landorus-Therian
|-resisted|p1a: Landorus-Therian
|-damage|p1a: Landorus-Therian|249\/328
|-unboost|p2a: Terrakion|def|1
|-unboost|p2a: Terrakion|spd|1
|
|turn|4
|join|asdfCookie
|
|move|p1a: Landorus-Therian|U-turn|p2a: Terrakion
|-resisted|p2a: Terrakion
|-damage|p2a: Terrakion|251\/323
|
|switch|p1a: Azumarill|Azumarill, M|349\/349
|move|p2a: Terrakion|Stealth Rock|p1a: Azumarill
|-sidestart|p1: Paul Gilbert|move: Stealth Rock
|
|turn|5
|
|move|p2a: Terrakion|Stone Edge|p1a: Azumarill
|-damage|p1a: Azumarill|214\/349
|move|p1a: Azumarill|Play Rough|p2a: Terrakion
|-supereffective|p2a: Terrakion
|-damage|p2a: Terrakion|0 fnt
|faint|p2a: Terrakion
|
|
|switch|p2a: Venusaur|Venusaur, F|241\/313
|turn|6
|
|switch|p1a: Empoleon|Empoleon, F|371\/371
|-damage|p1a: Empoleon|348\/371|[from] Stealth Rock
|move|p2a: Venusaur|Sludge Bomb|p1a: Empoleon
|-immune|p1a: Empoleon|[msg]
|
|-heal|p1a: Empoleon|371\/371|[from] item: Leftovers
|turn|7
|
|switch|p2a: Charizard|Charizard, F|297\/297
|move|p1a: Empoleon|Scald|p2a: Charizard
|-supereffective|p2a: Charizard
|-damage|p2a: Charizard|61\/297
|
|turn|8
|
|detailschange|p2a: Charizard|Charizard-Mega-Y, F
|message|Charizard has Mega Evolved into Mega Charizard!
|-weather|SunnyDay
|move|p2a: Charizard|Roost|p2a: Charizard
|-heal|p2a: Charizard|210\/297
|move|p1a: Empoleon|Defog|p2a: Charizard
|-unboost|p2a: Charizard|evasion|1
|-sideend|p1: Paul Gilbert|Stealth Rock|[from] move: Defog|[of] p1a: Empoleon
|
|-weather|SunnyDay|[upkeep]
|turn|9
|
|move|p2a: Charizard|Fire Blast|p1a: Empoleon
|-damage|p1a: Empoleon|8\/371
|move|p1a: Empoleon|Stealth Rock|p2a: Charizard
|-sidestart|p2: Pagoose|move: Stealth Rock
|
|-weather|SunnyDay|[upkeep]
|-heal|p1a: Empoleon|31\/371|[from] item: Leftovers
|turn|10
|
|move|p2a: Charizard|Solar Beam|p1a: Empoleon|[still]
|-prepare|p2a: Charizard|Solar Beam|p1a: Empoleon
|-anim|p2a: Charizard|Solar Beam|p1a: Empoleon
|-damage|p1a: Empoleon|0 fnt
|faint|p1a: Empoleon
|
|-weather|SunnyDay|[upkeep]
|
|switch|p1a: Landorus-Therian|Landorus-Therian, M|249\/328
|-ability|p1a: Landorus-Therian|Intimidate|[of] p2a: Charizard
|-unboost|p2a: Charizard|atk|1
|turn|11
|
|switch|p2a: Landorus-Therian|Landorus-Therian, M|321\/321
|-damage|p2a: Landorus-Therian|281\/321|[from] Stealth Rock
|-ability|p2a: Landorus-Therian|Intimidate|[of] p1a: Landorus-Therian
|-unboost|p1a: Landorus-Therian|atk|1
|move|p1a: Landorus-Therian|Stone Edge|p2a: Landorus-Therian
|-damage|p2a: Landorus-Therian|188\/321
|
|-weather|SunnyDay|[upkeep]
|turn|12
|
|switch|p1a: Magnezone|Magnezone|299\/299
|move|p2a: Landorus-Therian|U-turn|p1a: Magnezone
|-resisted|p1a: Magnezone
|-damage|p1a: Magnezone|259\/299
|
|switch|p2a: Latios|Latios, M|301\/301
|-damage|p2a: Latios|264\/301|[from] Stealth Rock
|
|-weather|none
|turn|13
|
|move|p2a: Latios|Defog|p1a: Magnezone
|-unboost|p1a: Magnezone|evasion|1
|-sideend|p2: Pagoose|Stealth Rock|[from] move: Defog|[of] p2a: Latios
|move|p1a: Magnezone|Volt Switch|p2a: Latios
|-resisted|p2a: Latios
|-damage|p2a: Latios|156\/301
|
|switch|p1a: Landorus-Therian|Landorus-Therian, M|249\/328
|-ability|p1a: Landorus-Therian|Intimidate|[of] p2a: Latios
|-unboost|p2a: Latios|atk|1
|
|turn|14
|
|switch|p2a: Bisharp|Bisharp, F|272\/272
|move|p1a: Landorus-Therian|U-turn|p2a: Bisharp
|-crit|p2a: Bisharp
|-damage|p2a: Bisharp|148\/272
|
|switch|p1a: Pinsir|Pinsir, M|271\/271
|
|turn|15
|
|detailschange|p1a: Pinsir|Pinsir-Mega, M
|message|Pinsir has Mega Evolved into Mega Pinsir!
|move|p1a: Pinsir|Substitute|p1a: Pinsir
|-start|p1a: Pinsir|Substitute
|-damage|p1a: Pinsir|204\/271
|move|p2a: Bisharp|Iron Head|p1a: Pinsir
|-end|p1a: Pinsir|Substitute
|-damage|p2a: Bisharp|121\/272|[from] item: Life Orb
|
|turn|16
|
|move|p1a: Pinsir|Return|p2a: Bisharp
|-resisted|p2a: Bisharp
|-damage|p2a: Bisharp|0 fnt
|faint|p2a: Bisharp
|
|
|switch|p2a: Landorus-Therian|Landorus-Therian, M|188\/321
|-ability|p2a: Landorus-Therian|Intimidate|[of] p1a: Pinsir
|-unboost|p1a: Pinsir|atk|1
|turn|17
|
|switch|p1a: Landorus-Therian|Landorus-Therian, M|249\/328
|-ability|p1a: Landorus-Therian|Intimidate|[of] p2a: Landorus-Therian
|-unboost|p2a: Landorus-Therian|atk|1
|move|p2a: Landorus-Therian|U-turn|p1a: Landorus-Therian
|-resisted|p1a: Landorus-Therian
|-damage|p1a: Landorus-Therian|217\/328
|
|switch|p2a: Venusaur|Venusaur, F|241\/313
|
|turn|18
|
|move|p1a: Landorus-Therian|U-turn|p2a: Venusaur
|-damage|p2a: Venusaur|144\/313
|
|switch|p1a: Conkeldurr|Conkeldurr, M|365\/365
|move|p2a: Venusaur|Sludge Bomb|p1a: Conkeldurr
|-damage|p1a: Conkeldurr|217\/365
|-damage|p2a: Venusaur|113\/313|[from] item: Life Orb
|
|turn|19
|
|switch|p2a: Charizard|Charizard-Mega-Y, F|210\/297
|-weather|SunnyDay
|move|p1a: Conkeldurr|Knock Off|p2a: Charizard
|-damage|p2a: Charizard|94\/297
|
|-weather|SunnyDay|[upkeep]
|turn|20
|
|move|p2a: Charizard|Fire Blast|p1a: Conkeldurr
|-damage|p1a: Conkeldurr|0 fnt
|faint|p1a: Conkeldurr
|
|-weather|SunnyDay|[upkeep]
|
|switch|p1a: Pinsir|Pinsir-Mega, M|204\/271
|turn|21
|
|move|p1a: Pinsir|Return|p2a: Charizard
|-damage|p2a: Charizard|0 fnt
|faint|p2a: Charizard
|
|-weather|SunnyDay|[upkeep]
|
|switch|p2a: Landorus-Therian|Landorus-Therian, M|188\/321
|-ability|p2a: Landorus-Therian|Intimidate|[of] p1a: Pinsir
|-unboost|p1a: Pinsir|atk|1
|turn|22
|
|switch|p1a: Landorus-Therian|Landorus-Therian, M|217\/328
|-ability|p1a: Landorus-Therian|Intimidate|[of] p2a: Landorus-Therian
|-unboost|p2a: Landorus-Therian|atk|1
|move|p2a: Landorus-Therian|Stone Edge|p1a: Landorus-Therian
|-damage|p1a: Landorus-Therian|119\/328
|
|-weather|SunnyDay|[upkeep]
|turn|23
|
|switch|p2a: Latios|Latios, M|156\/301
|move|p1a: Landorus-Therian|U-turn|p2a: Latios
|-supereffective|p2a: Latios
|-damage|p2a: Latios|0 fnt
|faint|p2a: Latios
|
|switch|p1a: Magnezone|Magnezone|259\/299
|
|-weather|none
|
|switch|p2a: Landorus-Therian|Landorus-Therian, M|188\/321
|-ability|p2a: Landorus-Therian|Intimidate|[of] p1a: Magnezone
|-unboost|p1a: Magnezone|atk|1
|turn|24
|
|move|p2a: Landorus-Therian|Earthquake|p1a: Magnezone
|-supereffective|p1a: Magnezone
|-damage|p1a: Magnezone|0 fnt
|faint|p1a: Magnezone
|
|
|switch|p1a: Pinsir|Pinsir-Mega, M|204\/271
|turn|25
|
|switch|p2a: Venusaur|Venusaur, F|113\/313
|move|p1a: Pinsir|Substitute|p1a: Pinsir
|-start|p1a: Pinsir|Substitute
|-damage|p1a: Pinsir|137\/271
|
|turn|26
|c|★Paul Gilbert|gg
|c|★Pagoose|gg
|
|move|p1a: Pinsir|Return|p2a: Venusaur
|-crit|p2a: Venusaur
|-supereffective|p2a: Venusaur
|-damage|p2a: Venusaur|0 fnt
|faint|p2a: Venusaur
|
|
|switch|p2a: Landorus-Therian|Landorus-Therian, M|188\/321
|-activate|p1a: Pinsir|Substitute|ability: Intimidate|[of] p2a: Landorus-Therian
|turn|27
|
|move|p2a: Landorus-Therian|Stone Edge|p1a: Pinsir
|-supereffective|p1a: Pinsir
|-end|p1a: Pinsir|Substitute
|move|p1a: Pinsir|Return|p2a: Landorus-Therian
|-damage|p2a: Landorus-Therian|0 fnt
|faint|p2a: Landorus-Therian
|
|win|Paul Gilbert
|raw|Ladder updating...
|raw|Paul Gilbert's rating: 1797 &rarr; <strong>1815<\/strong><br \/>(+18 for winning)
|raw|Pagoose's rating: 1759 &rarr; <strong>1741<\/strong><br \/>(-18 for losing)