|join|cedr
|join|Adri989898
|player|p1|cedr|163
|player|p2|Adri989898|99
|gametype|singles
|gen|6
|tier|OU
|rated
|clearpoke
|poke|p1|Gyarados, F
|poke|p1|Breloom, M
|poke|p1|Excadrill, F
|poke|p1|Thundurus, M
|poke|p1|Latios, M
|poke|p1|Landorus-Therian, M
|poke|p2|Metagross, shiny
|poke|p2|Zapdos
|poke|p2|Manaphy
|poke|p2|Heatran, M
|poke|p2|Rotom-Wash
|poke|p2|Landorus-Therian, M
|rule|Swagger Clause: Swagger is banned
|rule|Baton Pass Clause: Limit one Pokémon knowing Baton Pass
|rule|Sleep Clause Mod: Limit one foe put to sleep
|rule|Species Clause: Limit one of each Pokémon
|rule|OHKO Clause: OHKO moves are banned
|rule|Moody Clause: Moody is banned
|rule|Evasion Moves Clause: Evasion moves are banned
|rule|Endless Battle Clause: Forcing endless battles is banned
|rule|HP Percentage Mod: HP is shown in percentages
|teampreview
|
|start
|switch|p1a: Breloom|Breloom, M|261\/261
|switch|p2a: Landorus-Therian|Landorus-Therian, M|320\/320
|-ability|p2a: Landorus-Therian|Intimidate|[of] p1a: Breloom
|-unboost|p1a: Breloom|atk|1
|turn|1
|
|move|p2a: Landorus-Therian|U-turn|p1a: Breloom
|-damage|p1a: Breloom|146\/261
|
|switch|p2a: Heatran|Heatran, M|386\/386
|move|p1a: Breloom|Spore|p2a: Heatran
|-status|p2a: Heatran|slp
|
|turn|2
|
|switch|p1a: Gyarados|Gyarados, F|331\/331
|-ability|p1a: Gyarados|Intimidate|[of] p2a: Heatran
|-unboost|p2a: Heatran|atk|1
|switch|p2a: Zapdos|Zapdos|384\/384
|-ability|p2a: Zapdos|Pressure
|
|turn|3
|
|switch|p1a: Excadrill|Excadrill, F|361\/361
|-ability|p1a: Excadrill|Mold Breaker
|switch|p2a: Rotom-Wash|Rotom-Wash|304\/304
|
|turn|4
|
|move|p1a: Excadrill|Earthquake|p2a: Rotom-Wash
|-supereffective|p2a: Rotom-Wash
|-damage|p2a: Rotom-Wash|14\/304
|move|p2a: Rotom-Wash|Hydro Pump|p1a: Excadrill
|-supereffective|p1a: Excadrill
|-damage|p1a: Excadrill|7\/361
|
|-heal|p2a: Rotom-Wash|33\/304|[from] item: Leftovers
|turn|5
|
|switch|p1a: Latios|Latios, M|301\/301
|switch|p2a: Landorus-Therian|Landorus-Therian, M|320\/320
|-ability|p2a: Landorus-Therian|Intimidate|[of] p1a: Latios
|-unboost|p1a: Latios|atk|1
|
|turn|6
|
|move|p2a: Landorus-Therian|U-turn|p1a: Latios
|-supereffective|p1a: Latios
|-damage|p1a: Latios|81\/301
|
|switch|p2a: Metagross|Metagross, shiny|302\/302
|move|p1a: Latios|Draco Meteor|p2a: Metagross
|-resisted|p2a: Metagross
|-damage|p2a: Metagross|102\/302
|-unboost|p1a: Latios|spa|2
|
|turn|7
|
|detailschange|p2a: Metagross|Metagross-Mega, shiny
|-mega|p2a: Metagross|Metagross|Metagrossite
|move|p2a: Metagross|Bullet Punch|p1a: Latios
|-damage|p1a: Latios|0 fnt
|faint|p1a: Latios
|
|
|switch|p1a: Landorus-Therian|Landorus-Therian, M|382\/382
|-ability|p1a: Landorus-Therian|Intimidate|[of] p2a: Metagross
|-unboost|p2a: Metagross|atk|1
|turn|8
|
|switch|p2a: Rotom-Wash|Rotom-Wash|33\/304
|move|p1a: Landorus-Therian|Knock Off|p2a: Rotom-Wash
|-damage|p2a: Rotom-Wash|0 fnt
|-enditem|p2a: Rotom-Wash|Leftovers|[from] move: Knock Off|[of] p1a: Landorus-Therian
|faint|p2a: Rotom-Wash
|
|
|switch|p2a: Landorus-Therian|Landorus-Therian, M|320\/320
|-ability|p2a: Landorus-Therian|Intimidate|[of] p1a: Landorus-Therian
|-unboost|p1a: Landorus-Therian|atk|1
|turn|9
|
|move|p2a: Landorus-Therian|Knock Off|p1a: Landorus-Therian
|-damage|p1a: Landorus-Therian|237\/382
|-enditem|p1a: Landorus-Therian|Leftovers|[from] move: Knock Off|[of] p2a: Landorus-Therian
|move|p1a: Landorus-Therian|Stealth Rock|p2a: Landorus-Therian
|-sidestart|p2: Adri989898|move: Stealth Rock
|
|turn|10
|
|switch|p2a: Zapdos|Zapdos|384\/384
|-damage|p2a: Zapdos|288\/384|[from] Stealth Rock
|-ability|p2a: Zapdos|Pressure
|move|p1a: Landorus-Therian|Knock Off|p2a: Zapdos
|-damage|p2a: Zapdos|212\/384
|-enditem|p2a: Zapdos|Leftovers|[from] move: Knock Off|[of] p1a: Landorus-Therian
|
|turn|11
|
|move|p2a: Zapdos|Roost|p2a: Zapdos
|-heal|p2a: Zapdos|384\/384
|move|p1a: Landorus-Therian|U-turn|p2a: Zapdos
|-damage|p2a: Zapdos|328\/384
|
|switch|p1a: Excadrill|Excadrill, F|7\/361
|-ability|p1a: Excadrill|Mold Breaker
|
|turn|12
|
|move|p1a: Excadrill|Rock Slide|p2a: Zapdos
|-crit|p2a: Zapdos
|-supereffective|p2a: Zapdos
|-damage|p2a: Zapdos|66\/384
|cant|p2a: Zapdos|flinch
|
|turn|13
|
|move|p1a: Excadrill|Rock Slide|p2a: Zapdos
|-crit|p2a: Zapdos
|-supereffective|p2a: Zapdos
|-damage|p2a: Zapdos|0 fnt
|faint|p2a: Zapdos
|
|
|switch|p2a: Metagross|Metagross-Mega, shiny|102\/302
|-damage|p2a: Metagross|84\/302|[from] Stealth Rock
|turn|14
|
|switch|p1a: Gyarados|Gyarados, F|331\/331
|-ability|p1a: Gyarados|Intimidate|[of] p2a: Metagross
|-unboost|p2a: Metagross|atk|1
|move|p2a: Metagross|Meteor Mash|p1a: Gyarados
|-resisted|p1a: Gyarados
|-damage|p1a: Gyarados|243\/331
|
|turn|15
|
|switch|p2a: Heatran|Heatran, M|386\/386 slp
|-damage|p2a: Heatran|338\/386 slp|[from] Stealth Rock
|detailschange|p1a: Gyarados|Gyarados-Mega, F
|-mega|p1a: Gyarados|Gyarados|Gyaradosite
|-ability|p1a: Gyarados|Mold Breaker
|move|p1a: Gyarados|Dragon Dance|p1a: Gyarados
|-boost|p1a: Gyarados|atk|1
|-boost|p1a: Gyarados|spe|1
|
|-heal|p2a: Heatran|362\/386 slp|[from] item: Leftovers
|turn|16
|
|move|p1a: Gyarados|Waterfall|p2a: Heatran
|-supereffective|p2a: Heatran
|-damage|p2a: Heatran|0 fnt
|faint|p2a: Heatran
|
|
|switch|p2a: Landorus-Therian|Landorus-Therian, M|320\/320
|-damage|p2a: Landorus-Therian|280\/320|[from] Stealth Rock
|-ability|p2a: Landorus-Therian|Intimidate|[of] p1a: Gyarados
|-unboost|p1a: Gyarados|atk|1
|turn|17
|
|move|p2a: Landorus-Therian|U-turn|p1a: Gyarados
|-supereffective|p1a: Gyarados
|-damage|p1a: Gyarados|59\/331
|
|switch|p2a: Metagross|Metagross-Mega, shiny|84\/302
|-damage|p2a: Metagross|66\/302|[from] Stealth Rock
|move|p1a: Gyarados|Waterfall|p2a: Metagross
|-crit|p2a: Metagross
|-damage|p2a: Metagross|0 fnt
|faint|p2a: Metagross
|
|
|switch|p2a: Landorus-Therian|Landorus-Therian, M|280\/320
|-damage|p2a: Landorus-Therian|240\/320|[from] Stealth Rock
|-ability|p2a: Landorus-Therian|Intimidate|[of] p1a: Gyarados
|-unboost|p1a: Gyarados|atk|1
|turn|18
|
|switch|p1a: Thundurus|Thundurus, M|299\/299
|move|p2a: Landorus-Therian|Stone Edge|p1a: Thundurus
|-crit|p1a: Thundurus
|-supereffective|p1a: Thundurus
|-damage|p1a: Thundurus|0 fnt
|faint|p1a: Thundurus
|
|
|switch|p1a: Breloom|Breloom, M|146\/261
|turn|19
|
|move|p2a: Landorus-Therian|Stone Edge|p1a: Breloom
|-resisted|p1a: Breloom
|-damage|p1a: Breloom|68\/261
|move|p1a: Breloom|Spore|p2a: Landorus-Therian
|-status|p2a: Landorus-Therian|slp
|
|turn|20
|
|cant|p2a: Landorus-Therian|slp
|move|p1a: Breloom|Bullet Seed|p2a: Landorus-Therian
|-damage|p2a: Landorus-Therian|167\/320 slp
|-damage|p2a: Landorus-Therian|98\/320 slp
|-damage|p2a: Landorus-Therian|20\/320 slp
|-hitcount|p2a: Landorus-Therian|3
|
|turn|21
|
|move|p1a: Breloom|Mach Punch|p2a: Landorus-Therian
|-resisted|p2a: Landorus-Therian
|-damage|p2a: Landorus-Therian|0 fnt
|faint|p2a: Landorus-Therian
|
|
|switch|p2a: Manaphy|Manaphy|341\/341
|-damage|p2a: Manaphy|299\/341|[from] Stealth Rock
|turn|22
|
|move|p2a: Manaphy|Ice Beam|p1a: Breloom
|-supereffective|p1a: Breloom
|-damage|p1a: Breloom|0 fnt
|faint|p1a: Breloom
|
|-heal|p2a: Manaphy|320\/341|[from] item: Leftovers
|
|switch|p1a: Excadrill|Excadrill, F|7\/361
|-ability|p1a: Excadrill|Mold Breaker
|turn|23
|
|move|p1a: Excadrill|Earthquake|p2a: Manaphy
|-damage|p2a: Manaphy|127\/341
|move|p2a: Manaphy|Surf|p1a: Excadrill
|-supereffective|p1a: Excadrill
|-damage|p1a: Excadrill|0 fnt
|faint|p1a: Excadrill
|
|-heal|p2a: Manaphy|148\/341|[from] item: Leftovers
|
|switch|p1a: Gyarados|Gyarados-Mega, F|59\/331
|-ability|p1a: Gyarados|Mold Breaker
|turn|24
|
|move|p2a: Manaphy|Energy Ball|p1a: Gyarados
|-supereffective|p1a: Gyarados
|-damage|p1a: Gyarados|0 fnt
|faint|p1a: Gyarados
|
|-heal|p2a: Manaphy|169\/341|[from] item: Leftovers
|c|★Adri989898|gg
|
|switch|p1a: Landorus-Therian|Landorus-Therian, M|237\/382
|-ability|p1a: Landorus-Therian|Intimidate|[of] p2a: Manaphy
|-unboost|p2a: Manaphy|atk|1
|turn|25
|
|move|p2a: Manaphy|Ice Beam|p1a: Landorus-Therian
|-supereffective|p1a: Landorus-Therian
|-damage|p1a: Landorus-Therian|0 fnt
|faint|p1a: Landorus-Therian
|
|win|Adri989898
|raw|Ladder updating...
|raw|cedr's rating: 1595 &rarr; <strong>1575<\/strong><br \/>(-20 for losing)
|raw|Adri989898's rating: 1591 &rarr; <strong>1611<\/strong><br \/>(+20 for winning)
|c|★cedr|gg
|leave|cedr
|player|p1