|join|Adri989898
|join|BlastFromThePast
|player|p1|Adri989898|99
|player|p2|BlastFromThePast|1
|gametype|singles
|gen|6
|tier|OU
|rated
|clearpoke
|poke|p1|Metagross, shiny
|poke|p1|Zapdos
|poke|p1|Manaphy
|poke|p1|Heatran, F
|poke|p1|Ferrothorn, M
|poke|p1|Landorus-Therian, M
|poke|p2|Gyarados, M
|poke|p2|Thundurus, M
|poke|p2|Azumarill, F
|poke|p2|Landorus-Therian, M
|poke|p2|Latios, M
|poke|p2|Ferrothorn, F
|rule|Swagger Clause: Swagger is banned
|rule|Baton Pass Clause: Limit one Pokémon knowing Baton Pass
|rule|Sleep Clause Mod: Limit one foe put to sleep
|rule|Species Clause: Limit one of each Pokémon
|rule|OHKO Clause: OHKO moves are banned
|rule|Moody Clause: Moody is banned
|rule|Evasion Moves Clause: Evasion moves are banned
|rule|Endless Battle Clause: Forcing endless battles is banned
|rule|HP Percentage Mod: HP is shown in percentages
|teampreview
|
|start
|switch|p1a: Ferrothorn|Ferrothorn, M|352\/352
|switch|p2a: Landorus-Therian|Landorus-Therian, M|319\/319
|-ability|p2a: Landorus-Therian|Intimidate|[of] p1a: Ferrothorn
|-unboost|p1a: Ferrothorn|atk|1
|turn|1
|
|switch|p2a: Ferrothorn|Ferrothorn, F|352\/352
|switch|p1a: Heatran|Heatran, F|386\/386
|
|turn|2
|
|switch|p2a: Azumarill|Azumarill, F|388\/388
|move|p1a: Heatran|Toxic|p2a: Azumarill
|-status|p2a: Azumarill|tox
|
|-damage|p2a: Azumarill|364\/388 tox|[from] psn
|turn|3
|
|switch|p1a: Ferrothorn|Ferrothorn, M|352\/352
|move|p2a: Azumarill|Knock Off|p1a: Ferrothorn
|-damage|p1a: Ferrothorn|269\/352
|-damage|p2a: Azumarill|316\/388 tox|[from] ability: Iron Barbs|[of] p1a: Ferrothorn
|-enditem|p1a: Ferrothorn|Leftovers|[from] move: Knock Off|[of] p2a: Azumarill
|
|-damage|p2a: Azumarill|268\/388 tox|[from] psn
|turn|4
|
|switch|p2a: Ferrothorn|Ferrothorn, F|352\/352
|move|p1a: Ferrothorn|Stealth Rock|p2a: Ferrothorn
|-sidestart|p2: BlastFromThePast|move: Stealth Rock
|
|turn|5
|
|switch|p1a: Heatran|Heatran, F|386\/386
|move|p2a: Ferrothorn|Stealth Rock|p1a: Heatran
|-sidestart|p1: Adri989898|move: Stealth Rock
|
|turn|6
|
|switch|p2a: Latios|Latios, M|302\/302
|-damage|p2a: Latios|265\/302|[from] Stealth Rock
|move|p1a: Heatran|Lava Plume|p2a: Latios
|-resisted|p2a: Latios
|-damage|p2a: Latios|208\/302
|-status|p2a: Latios|brn
|
|-damage|p2a: Latios|171\/302 brn|[from] brn
|turn|7
|
|move|p2a: Latios|Draco Meteor|p1a: Heatran
|-resisted|p1a: Heatran
|-damage|p1a: Heatran|282\/386
|-unboost|p2a: Latios|spa|2
|-damage|p2a: Latios|141\/302 brn|[from] item: Life Orb
|move|p1a: Heatran|Roar|p2a: Latios
|drag|p2a: Thundurus|Thundurus, M|299\/299
|-damage|p2a: Thundurus|225\/299|[from] Stealth Rock
|
|-heal|p1a: Heatran|306\/386|[from] item: Leftovers
|turn|8
|
|move|p2a: Thundurus|Superpower|p1a: Heatran
|-supereffective|p1a: Heatran
|-damage|p1a: Heatran|33\/386
|-unboost|p2a: Thundurus|atk|1
|-unboost|p2a: Thundurus|def|1
|-damage|p2a: Thundurus|196\/299|[from] item: Life Orb
|move|p1a: Heatran|Lava Plume|p2a: Thundurus
|-damage|p2a: Thundurus|28\/299
|-status|p2a: Thundurus|brn
|
|-heal|p1a: Heatran|57\/386|[from] item: Leftovers
|-damage|p2a: Thundurus|0 fnt|[from] brn
|faint|p2a: Thundurus
|
|switch|p2a: Latios|Latios, M|141\/302 brn
|-damage|p2a: Latios|104\/302 brn|[from] Stealth Rock
|turn|9
|
|switch|p1a: Metagross|Metagross, shiny|302\/302
|-damage|p1a: Metagross|284\/302|[from] Stealth Rock
|move|p2a: Latios|Earthquake|p1a: Metagross
|-supereffective|p1a: Metagross
|-damage|p1a: Metagross|203\/302
|-damage|p2a: Latios|74\/302 brn|[from] item: Life Orb
|
|-damage|p2a: Latios|37\/302 brn|[from] brn
|turn|10
|
|detailschange|p1a: Metagross|Metagross-Mega, shiny
|-mega|p1a: Metagross|Metagross|Metagrossite
|move|p2a: Latios|Hidden Power|p1a: Metagross
|-supereffective|p1a: Metagross
|-damage|p1a: Metagross|42\/302
|-damage|p2a: Latios|7\/302 brn|[from] item: Life Orb
|move|p1a: Metagross|Meteor Mash|p2a: Latios
|-damage|p2a: Latios|0 fnt
|-boost|p1a: Metagross|atk|1
|faint|p2a: Latios
|
|
|switch|p2a: Gyarados|Gyarados, M|332\/332
|-damage|p2a: Gyarados|249\/332|[from] Stealth Rock
|-ability|p2a: Gyarados|Intimidate|[of] p1a: Metagross
|-unboost|p1a: Metagross|atk|1
|turn|11
|
|move|p1a: Metagross|Thunder Punch|p2a: Gyarados
|-supereffective|p2a: Gyarados
|-damage|p2a: Gyarados|0 fnt
|faint|p2a: Gyarados
|
|c|★Adri989898|gg
|
|switch|p2a: Landorus-Therian|Landorus-Therian, M|319\/319
|-damage|p2a: Landorus-Therian|280\/319|[from] Stealth Rock
|-ability|p2a: Landorus-Therian|Intimidate|[of] p1a: Metagross
|-unboost|p1a: Metagross|atk|1
|turn|12
|
|switch|p1a: Landorus-Therian|Landorus-Therian, M|320\/320
|-damage|p1a: Landorus-Therian|280\/320|[from] Stealth Rock
|-ability|p1a: Landorus-Therian|Intimidate|[of] p2a: Landorus-Therian
|-unboost|p2a: Landorus-Therian|atk|1
|move|p2a: Landorus-Therian|Knock Off|p1a: Landorus-Therian
|-damage|p1a: Landorus-Therian|179\/320
|-enditem|p1a: Landorus-Therian|Choice Scarf|[from] move: Knock Off|[of] p2a: Landorus-Therian
|
|turn|13
|
|switch|p2a: Ferrothorn|Ferrothorn, F|352\/352
|-damage|p2a: Ferrothorn|330\/352|[from] Stealth Rock
|move|p1a: Landorus-Therian|Knock Off|p2a: Ferrothorn
|-damage|p2a: Ferrothorn|257\/352
|-damage|p1a: Landorus-Therian|139\/320|[from] ability: Iron Barbs|[of] p2a: Ferrothorn
|-damage|p1a: Landorus-Therian|86\/320|[from] item: Rocky Helmet|[of] p2a: Ferrothorn
|-enditem|p2a: Ferrothorn|Rocky Helmet|[from] move: Knock Off|[of] p1a: Landorus-Therian
|
|turn|14
|
|move|p1a: Landorus-Therian|Earthquake|p2a: Ferrothorn
|-damage|p2a: Ferrothorn|131\/352
|move|p2a: Ferrothorn|Leech Seed|p1a: Landorus-Therian
|-start|p1a: Landorus-Therian|move: Leech Seed
|
|-damage|p1a: Landorus-Therian|46\/320|[from] Leech Seed|[of] p2a: Ferrothorn
|-heal|p2a: Ferrothorn|171\/352|[silent]
|turn|15
|
|switch|p1a: Zapdos|Zapdos|384\/384
|-damage|p1a: Zapdos|288\/384|[from] Stealth Rock
|-ability|p1a: Zapdos|Pressure
|switch|p2a: Landorus-Therian|Landorus-Therian, M|280\/319
|-damage|p2a: Landorus-Therian|241\/319|[from] Stealth Rock
|-ability|p2a: Landorus-Therian|Intimidate|[of] p1a: Zapdos
|-unboost|p1a: Zapdos|atk|1
|
|-heal|p1a: Zapdos|312\/384|[from] item: Leftovers
|turn|16
|
|switch|p1a: Landorus-Therian|Landorus-Therian, M|46\/320
|-damage|p1a: Landorus-Therian|6\/320|[from] Stealth Rock
|-ability|p1a: Landorus-Therian|Intimidate|[of] p2a: Landorus-Therian
|-unboost|p2a: Landorus-Therian|atk|1
|move|p2a: Landorus-Therian|Stone Edge|p1a: Landorus-Therian
|-damage|p1a: Landorus-Therian|0 fnt
|faint|p1a: Landorus-Therian
|
|
|switch|p1a: Manaphy|Manaphy|341\/341
|-damage|p1a: Manaphy|299\/341|[from] Stealth Rock
|turn|17
|
|switch|p2a: Azumarill|Azumarill, F|268\/388 tox
|-damage|p2a: Azumarill|220\/388 tox|[from] Stealth Rock
|move|p1a: Manaphy|Tail Glow|p1a: Manaphy
|-boost|p1a: Manaphy|spa|3
|
|-heal|p1a: Manaphy|320\/341|[from] item: Leftovers
|-damage|p2a: Azumarill|196\/388 tox|[from] psn
|turn|18
|
|move|p1a: Manaphy|Energy Ball|p2a: Azumarill
|-supereffective|p2a: Azumarill
|-damage|p2a: Azumarill|0 fnt
|faint|p2a: Azumarill
|
|-heal|p1a: Manaphy|341\/341|[from] item: Leftovers
|
|switch|p2a: Landorus-Therian|Landorus-Therian, M|241\/319
|-damage|p2a: Landorus-Therian|202\/319|[from] Stealth Rock
|-ability|p2a: Landorus-Therian|Intimidate|[of] p1a: Manaphy
|-unboost|p1a: Manaphy|atk|1
|turn|19
|
|move|p2a: Landorus-Therian|Earthquake|p1a: Manaphy
|-crit|p1a: Manaphy
|-damage|p1a: Manaphy|43\/341
|move|p1a: Manaphy|Surf|p2a: Landorus-Therian
|-supereffective|p2a: Landorus-Therian
|-damage|p2a: Landorus-Therian|0 fnt
|faint|p2a: Landorus-Therian
|
|-heal|p1a: Manaphy|64\/341|[from] item: Leftovers
|
|switch|p2a: Ferrothorn|Ferrothorn, F|171\/352
|-damage|p2a: Ferrothorn|149\/352|[from] Stealth Rock
|turn|20
|
|move|p1a: Manaphy|Ice Beam|p2a: Ferrothorn
|-damage|p2a: Ferrothorn|0 fnt
|faint|p2a: Ferrothorn
|
|win|Adri989898
|raw|Ladder updating...
|raw|Adri989898's rating: 1685 &rarr; <strong>1699<\/strong><br \/>(+14 for winning)
|raw|BlastFromThePast's rating: 1581 &rarr; <strong>1567<\/strong><br \/>(-14 for losing)