|join|Bl153
|join|Floundso
|player|p1|Bl153|101
|player|p2|Floundso|164
|gametype|singles
|gen|6
|tier|OU
|rated
|clearpoke
|poke|p1|Cobalion
|poke|p1|Landorus-Therian, M
|poke|p1|Heatran, F, shiny
|poke|p1|Rotom-Wash
|poke|p1|Gallade, M
|poke|p1|Sylveon, F
|poke|p2|Garchomp, F
|poke|p2|Heracross, M
|poke|p2|Heatran, F
|poke|p2|Tyranitar, M
|poke|p2|Starmie
|poke|p2|Azumarill, M
|rule|Swagger Clause: Swagger is banned
|rule|Baton Pass Clause: Limit one Pokémon knowing Baton Pass
|rule|Sleep Clause Mod: Limit one foe put to sleep
|rule|Species Clause: Limit one of each Pokémon
|rule|OHKO Clause: OHKO moves are banned
|rule|Moody Clause: Moody is banned
|rule|Evasion Moves Clause: Evasion moves are banned
|rule|Endless Battle Clause: Forcing endless battles is banned
|rule|HP Percentage Mod: HP is shown in percentages
|teampreview
|leave|Bl153
|player|p1
|join|Bl153
|player|p1|Bl153|101
|teampreview
|c|★Floundso|yey
|
|start
|switch|p1a: Landorus-Therian|Landorus-Therian, M|381\/381
|switch|p2a: Azumarill|Azumarill, M|403\/403
|-ability|p1a: Landorus-Therian|Intimidate|[of] p2a: Azumarill
|-unboost|p2a: Azumarill|atk|1
|turn|1
|c|★Floundso|lag ftw
|c|★Bl153|IKR
|c|★Bl153|shit server
|
|switch|p1a: Rotom-Wash|Rotom-Wash|303\/303
|move|p2a: Azumarill|Play Rough|p1a: Rotom-Wash
|-damage|p1a: Rotom-Wash|165\/303
|
|-heal|p1a: Rotom-Wash|183\/303|[from] item: Leftovers
|turn|2
|c|★Bl153|Its lagging that much....
|c|★Bl153|Well apparently not anymore
|-message|Floundso lost due to inactivity.
|
|win|Bl153
|raw|Ladder updating...
|raw|Bl153's rating: 1499 &rarr; <strong>1519<\/strong><br \/>(+20 for winning)
|raw|Floundso's rating: 1497 &rarr; <strong>1477<\/strong><br \/>(-20 for losing)