|join|I ABR I
|join|Albyness
|player|p1|I ABR I|291
|player|p2|Albyness|44
|gametype|singles
|gen|6
|tier|OU
|clearpoke
|poke|p1|Togekiss, M
|poke|p1|Lopunny, F
|poke|p1|Heatran, M
|poke|p1|Landorus, M
|poke|p1|Breloom, M
|poke|p1|Greninja, M
|poke|p2|Sableye, F
|poke|p2|Rotom-Wash
|poke|p2|Landorus, M
|poke|p2|Latios, M
|poke|p2|Jirachi
|poke|p2|Bisharp, M, shiny
|rule|Swagger Clause: Swagger is banned
|rule|Baton Pass Clause: Limit one Pokémon knowing Baton Pass
|rule|Sleep Clause Mod: Limit one foe put to sleep
|rule|Species Clause: Limit one of each Pokémon
|rule|OHKO Clause: OHKO moves are banned
|rule|Moody Clause: Moody is banned
|rule|Evasion Moves Clause: Evasion moves are banned
|rule|Endless Battle Clause: Forcing endless battles is banned
|rule|HP Percentage Mod: HP is shown in percentages
|teampreview
|c|★I ABR I|i warn u
|c|★I ABR I|my sets
|
|start
|switch|p1a: Lopunny|Lopunny, F|271\/271
|switch|p2a: Jirachi|Jirachi|403\/403
|turn|1
|c|★Albyness|if cosmic power lop
|c|★Albyness|gg
|
|detailschange|p1a: Lopunny|Lopunny-Mega, F
|message|Lopunny has Mega Evolved into Mega Lopunny!
|move|p1a: Lopunny|Fake Out|p2a: Jirachi
|-crit|p2a: Jirachi
|-resisted|p2a: Jirachi
|-damage|p2a: Jirachi|346\/403
|cant|p2a: Jirachi|flinch
|
|-heal|p2a: Jirachi|371\/403|[from] item: Leftovers
|turn|2
|
|switch|p1a: Heatran|Heatran, M|323\/323
|move|p2a: Jirachi|Stealth Rock|p1a: Heatran
|-sidestart|p1: I ABR I|move: Stealth Rock
|
|-heal|p2a: Jirachi|396\/403|[from] item: Leftovers
|turn|3
|
|switch|p1a: Breloom|Breloom, M|261\/261
|-damage|p1a: Breloom|245\/261|[from] Stealth Rock
|switch|p2a: Rotom-Wash|Rotom-Wash|303\/303
|
|-status|p1a: Breloom|tox|[from] item: Toxic Orb
|turn|4
|
|move|p1a: Breloom|Superpower|p2a: Rotom-Wash
|-damage|p2a: Rotom-Wash|141\/303
|-unboost|p1a: Breloom|atk|1
|-unboost|p1a: Breloom|def|1
|move|p2a: Rotom-Wash|Volt Switch|p1a: Breloom
|-resisted|p1a: Breloom
|-damage|p1a: Breloom|185\/261 tox
|c|★I ABR I|y u no switch
|
|switch|p2a: Landorus|Landorus, M|331\/331
|
|-heal|p1a: Breloom|217\/261 tox|[from] ability: Poison Heal
|turn|5
|
|switch|p1a: Greninja|Greninja, M|285\/285
|-damage|p1a: Greninja|250\/285|[from] Stealth Rock
|move|p2a: Landorus|Psychic|p1a: Greninja
|-immune|p1a: Greninja|[msg]
|
|turn|6
|c|★Albyness|damit
|c|★I ABR I|hue hue
|c|★Albyness|fuck u cancel
|
|switch|p2a: Sableye|Sableye, F|304\/304
|move|p1a: Greninja|Dark Pulse|p2a: Sableye
|-start|p1a: Greninja|typechange|Dark|[from] Protean
|-damage|p2a: Sableye|133\/304
|
|turn|7
|
|switch|p1a: Landorus|Landorus, M|319\/319
|-damage|p1a: Landorus|280\/319|[from] Stealth Rock
|detailschange|p2a: Sableye|Sableye-Mega, F
|message|Sableye has Mega Evolved into Mega Sableye!
|move|p2a: Sableye|Recover|p2a: Sableye
|-heal|p2a: Sableye|285\/304
|
|turn|8
|
|move|p1a: Landorus|Stealth Rock|p2a: Sableye
|move|p2a: Sableye|Stealth Rock|p1a: Landorus|[from]Magic Bounce
|-fail|p1a: Landorus
|move|p2a: Sableye|Will-O-Wisp|p1a: Landorus
|-status|p1a: Landorus|brn
|
|-damage|p1a: Landorus|241\/319 brn|[from] brn
|turn|9
|c|★I ABR I|.
|
|move|p1a: Landorus|Stealth Rock|p2a: Sableye
|move|p2a: Sableye|Stealth Rock|p1a: Landorus|[from]Magic Bounce
|-fail|p1a: Landorus
|move|p2a: Sableye|Recover|p2a: Sableye
|-heal|p2a: Sableye|304\/304
|
|-damage|p1a: Landorus|202\/319 brn|[from] brn
|turn|10
|c|★I ABR I|.
|
|switch|p2a: Latios|Latios, M|302\/302
|move|p1a: Landorus|Stealth Rock|p2a: Latios
|-sidestart|p2: Albyness|move: Stealth Rock
|
|-damage|p1a: Landorus|163\/319 brn|[from] brn
|turn|11
|c|★Albyness|lol
|
|move|p2a: Latios|Defog|p1a: Landorus
|-unboost|p1a: Landorus|evasion|1
|-sideend|p1: I ABR I|Stealth Rock|[from] move: Defog|[of] p1a: Landorus
|-sideend|p2: Albyness|Stealth Rock|[from] move: Defog|[of] p2a: Latios
|move|p1a: Landorus|Knock Off|p2a: Latios
|-supereffective|p2a: Latios
|-damage|p2a: Latios|154\/302
|-enditem|p2a: Latios|Choice Scarf|[from] move: Knock Off|[of] p1a: Landorus
|-damage|p1a: Landorus|132\/319 brn|[from] item: Life Orb
|
|-damage|p1a: Landorus|93\/319 brn|[from] brn
|turn|12
|
|switch|p1a: Togekiss|Togekiss, M|311\/311
|move|p2a: Latios|Draco Meteor|p1a: Togekiss
|-immune|p1a: Togekiss|[msg]
|
|turn|13
|
|switch|p1a: Heatran|Heatran, M|323\/323
|switch|p2a: Rotom-Wash|Rotom-Wash|141\/303
|
|-heal|p2a: Rotom-Wash|159\/303|[from] item: Leftovers
|turn|14
|
|move|p1a: Heatran|Magma Storm|p2a: Rotom-Wash
|-resisted|p2a: Rotom-Wash
|-damage|p2a: Rotom-Wash|82\/303
|-activate|p2a: Rotom-Wash|move: Magma Storm|[of] p1a: Heatran
|move|p2a: Rotom-Wash|Pain Split|p1a: Heatran
|-sethp|p1a: Heatran|202\/323|p2a: Rotom-Wash|202\/303|[from] move: Pain Split
|
|-heal|p1a: Heatran|222\/323|[from] item: Leftovers
|-heal|p2a: Rotom-Wash|220\/303|[from] item: Leftovers
|-damage|p2a: Rotom-Wash|183\/303|[from] move: Magma Storm|[partiallytrapped]
|turn|15
|
|switch|p1a: Landorus|Landorus, M|93\/319 brn
|move|p2a: Rotom-Wash|Thunder Wave|p1a: Landorus
|-immune|p1a: Landorus|[msg]
|
|-heal|p2a: Rotom-Wash|201\/303|[from] item: Leftovers
|-damage|p1a: Landorus|54\/319 brn|[from] brn
|-end|p2a: Rotom-Wash|Magma Storm|[partiallytrapped]
|turn|16
|
|switch|p2a: Latios|Latios, M|154\/302
|move|p1a: Landorus|Stealth Rock|p2a: Latios
|-sidestart|p2: Albyness|move: Stealth Rock
|
|-damage|p1a: Landorus|15\/319 brn|[from] brn
|turn|17
|
|move|p2a: Latios|Defog|p1a: Landorus
|-unboost|p1a: Landorus|evasion|1
|-sideend|p2: Albyness|Stealth Rock|[from] move: Defog|[of] p2a: Latios
|move|p1a: Landorus|Stealth Rock|p2a: Latios
|-sidestart|p2: Albyness|move: Stealth Rock
|
|-damage|p1a: Landorus|0 fnt|[from] brn
|faint|p1a: Landorus
|
|switch|p1a: Greninja|Greninja, M|250\/285
|turn|18
|
|switch|p2a: Bisharp|Bisharp, M, shiny|271\/271
|-damage|p2a: Bisharp|255\/271|[from] Stealth Rock
|move|p1a: Greninja|Dark Pulse|p2a: Bisharp
|-start|p1a: Greninja|typechange|Dark|[from] Protean
|-resisted|p2a: Bisharp
|-damage|p2a: Bisharp|168\/271
|
|turn|19
|
|switch|p1a: Breloom|Breloom, M|217\/261 tox
|switch|p2a: Sableye|Sableye-Mega, F|304\/304
|-damage|p2a: Sableye|266\/304|[from] Stealth Rock
|
|-heal|p1a: Breloom|249\/261 tox|[from] ability: Poison Heal
|turn|20
|c|★I ABR I|this thing
|c|★I ABR I|hard coutners sab
|
|switch|p2a: Latios|Latios, M|154\/302
|-damage|p2a: Latios|117\/302|[from] Stealth Rock
|move|p1a: Breloom|Facade|p2a: Latios
|-damage|p2a: Latios|0 fnt
|faint|p2a: Latios
|
|-heal|p1a: Breloom|261\/261 tox|[from] ability: Poison Heal
|
|switch|p2a: Landorus|Landorus, M|331\/331
|-damage|p2a: Landorus|290\/331|[from] Stealth Rock
|turn|21
|
|switch|p1a: Togekiss|Togekiss, M|311\/311
|move|p2a: Landorus|Rock Polish|p2a: Landorus
|-boost|p2a: Landorus|spe|2
|
|turn|22
|
|move|p2a: Landorus|Psychic|p1a: Togekiss
|-damage|p1a: Togekiss|145\/311
|move|p1a: Togekiss|Trick|p2a: Landorus
|-activate|p1a: Togekiss|move: Trick|[of] p2a: Landorus
|-item|p2a: Landorus|Choice Scarf|[from] move: Trick
|-item|p1a: Togekiss|Life Orb|[from] move: Trick
|
|turn|23
|
|switch|p1a: Greninja|Greninja, M|250\/285
|move|p2a: Landorus|Focus Blast|p1a: Greninja
|-supereffective|p1a: Greninja
|-damage|p1a: Greninja|0 fnt
|faint|p1a: Greninja
|
|c|★I ABR I|lol
|c|★I ABR I|nb
|
|switch|p1a: Togekiss|Togekiss, M|145\/311
|turn|24
|
|switch|p2a: Rotom-Wash|Rotom-Wash|201\/303
|-damage|p2a: Rotom-Wash|164\/303|[from] Stealth Rock
|move|p1a: Togekiss|Aura Sphere|p2a: Rotom-Wash
|-damage|p2a: Rotom-Wash|59\/303
|-damage|p1a: Togekiss|114\/311|[from] item: Life Orb
|
|-heal|p2a: Rotom-Wash|77\/303|[from] item: Leftovers
|turn|25
|
|move|p1a: Togekiss|Dazzling Gleam|p2a: Rotom-Wash
|-damage|p2a: Rotom-Wash|0 fnt
|-damage|p1a: Togekiss|83\/311|[from] item: Life Orb
|faint|p2a: Rotom-Wash
|
|
|switch|p2a: Jirachi|Jirachi|396\/403
|-damage|p2a: Jirachi|371\/403|[from] Stealth Rock
|turn|26
|
|switch|p1a: Heatran|Heatran, M|222\/323
|move|p2a: Jirachi|Body Slam|p1a: Heatran
|-resisted|p1a: Heatran
|-damage|p1a: Heatran|192\/323
|
|-heal|p1a: Heatran|212\/323|[from] item: Leftovers
|-heal|p2a: Jirachi|396\/403|[from] item: Leftovers
|turn|27
|c|★I ABR I|did u change set
|
|move|p1a: Heatran|Lava Plume|p2a: Jirachi
|-supereffective|p2a: Jirachi
|-damage|p2a: Jirachi|154\/403
|move|p2a: Jirachi|Body Slam|p1a: Heatran
|-crit|p1a: Heatran
|-resisted|p1a: Heatran
|-damage|p1a: Heatran|167\/323
|-status|p1a: Heatran|par
|
|-heal|p2a: Jirachi|179\/403|[from] item: Leftovers
|-heal|p1a: Heatran|187\/323 par|[from] item: Leftovers
|turn|28
|c|★I ABR I|u were toxic right
|c|★Albyness|which?
|c|★I ABR I|rachi
|c|★Albyness|no
|
|move|p2a: Jirachi|Healing Wish|p2a: Jirachi
|faint|p2a: Jirachi
|cant|p1a: Heatran|par
|
|-heal|p1a: Heatran|207\/323 par|[from] item: Leftovers
|
|switch|p2a: Bisharp|Bisharp, M, shiny|168\/271
|-heal|p2a: Bisharp|271\/271|[from] move: Healing Wish
|-damage|p2a: Bisharp|255\/271|[from] Stealth Rock
|turn|29
|
|move|p2a: Bisharp|Knock Off|p1a: Heatran
|-damage|p1a: Heatran|41\/323 par
|-enditem|p1a: Heatran|Leftovers|[from] move: Knock Off|[of] p2a: Bisharp
|move|p1a: Heatran|Lava Plume|p2a: Bisharp
|-supereffective|p2a: Bisharp
|-damage|p2a: Bisharp|0 fnt
|faint|p2a: Bisharp
|
|
|switch|p2a: Landorus|Landorus, M|290\/331
|-damage|p2a: Landorus|249\/331|[from] Stealth Rock
|turn|30
|
|move|p2a: Landorus|Psychic|p1a: Heatran
|-resisted|p1a: Heatran
|-damage|p1a: Heatran|0 fnt
|faint|p1a: Heatran
|
|
|switch|p1a: Lopunny|Lopunny-Mega, F|271\/271
|turn|31
|
|move|p1a: Lopunny|Fake Out|p2a: Landorus
|-damage|p2a: Landorus|173\/331
|cant|p2a: Landorus|flinch
|
|turn|32
|c|★I ABR I|hm
|c|★Albyness|i should win if no crit
|c|★I ABR I|hm
|
|switch|p1a: Togekiss|Togekiss, M|83\/311
|move|p2a: Landorus|Psychic|p1a: Togekiss
|-damage|p1a: Togekiss|0 fnt
|faint|p1a: Togekiss
|
|
|switch|p1a: Lopunny|Lopunny-Mega, F|271\/271
|turn|33
|
|switch|p2a: Sableye|Sableye-Mega, F|266\/304
|-damage|p2a: Sableye|228\/304|[from] Stealth Rock
|move|p1a: Lopunny|Fake Out|p2a: Sableye
|-damage|p2a: Sableye|176\/304
|
|turn|34
|c|★I ABR I|hm
|c|★Albyness|pup
|c|★I ABR I|would pup solve anything?
|c|★Albyness|pup cub
|c|★Albyness|sub
|c|★I ABR I|i need sub
|c|★Albyness|lol
|c|★Albyness|but then
|c|★I ABR I|lol nah im fake
|c|★Albyness|no fo
|c|★Albyness|lol
|c|★I ABR I|hmm
|c|★I ABR I|i guess i have no choice
|c|★I ABR I|i lose
|c|★I ABR I|lol
|
|switch|p1a: Breloom|Breloom, M|261\/261 tox
|move|p2a: Sableye|Recover|p2a: Sableye
|-heal|p2a: Sableye|304\/304
|
|turn|35
|
|move|p1a: Breloom|Seed Bomb|p2a: Sableye
|-damage|p2a: Sableye|214\/304
|move|p2a: Sableye|Mean Look|p1a: Breloom
|-activate|p1a: Breloom|trapped
|
|turn|36
|c|★I ABR I|lol
|
|move|p1a: Breloom|Seed Bomb|p2a: Sableye
|-damage|p2a: Sableye|127\/304
|move|p2a: Sableye|Recover|p2a: Sableye
|-heal|p2a: Sableye|279\/304
|
|turn|37
|
|move|p1a: Breloom|Swords Dance|p1a: Breloom
|-boost|p1a: Breloom|atk|2
|move|p2a: Sableye|Foul Play|p1a: Breloom
|-resisted|p1a: Breloom
|-damage|p1a: Breloom|73\/261 tox
|
|-heal|p1a: Breloom|105\/261 tox|[from] ability: Poison Heal
|turn|38
|
|move|p1a: Breloom|Seed Bomb|p2a: Sableye
|-crit|p2a: Sableye
|-damage|p2a: Sableye|23\/304
|move|p2a: Sableye|Foul Play|p1a: Breloom
|-resisted|p1a: Breloom
|-damage|p1a: Breloom|0 fnt
|faint|p1a: Breloom
|
|
|switch|p1a: Lopunny|Lopunny-Mega, F|271\/271
|turn|39
|c|★I ABR I|ite
|c|★I ABR I|fake wouldnt kill anyways
|
|move|p1a: Lopunny|Drain Punch|p2a: Sableye
|-supereffective|p2a: Sableye
|-damage|p2a: Sableye|0 fnt
|faint|p2a: Sableye
|
|c|★I ABR I|lgi
|
|switch|p2a: Landorus|Landorus, M|173\/331
|-damage|p2a: Landorus|132\/331|[from] Stealth Rock
|turn|40
|c|★I ABR I|ur modest right?
|c|★I ABR I|cuz that almost 100% kills
|c|★I ABR I|timid is in my favor
|join|Squirrelll
|c|★I ABR I|i tricked him a scarf :(
|c|★I ABR I|to stop rp sweep
|c|★I ABR I|but
|c|★I ABR I|came back to bite
|c|★Albyness|i am modest
|c|★Albyness|holy fuck
|c|★I ABR I|focus
|c|★I ABR I|imho
|c|★Albyness|i have to risk focus blast
|c|★I ABR I|did i calc wrong
|c|★I ABR I|or something
|c|★Albyness|!dt mega lopunny
|c|~|\/data-pokemon Lopunny-Mega
|raw|<font size="1"><font color=#585858>Dex#:<\/font> 428&nbsp;|&ThickSpace;<font color=#585858>Height:<\/font> 1.3 m&nbsp;|&ThickSpace;<font color=#585858>Weight:<\/font> 28.3 kg <em>(60 BP)<\/em>&nbsp;|&ThickSpace;<font color=#585858>Dex Colour:<\/font> Brown&nbsp;|&ThickSpace;<font color=#585858>Egg Group(s):<\/font> Field, Human-Like&nbsp;|&ThickSpace;<font color=#585858><font color=#585858>Does Not Evolve<\/font><\/font><\/font>
|c|★I ABR I|link ur calcs
|c|★I ABR I|yo...
|c|★I ABR I|just click focus
|c|★I ABR I|and lets call it a day
|c|★Albyness|252+ SpA Sheer Force Landorus Psychic vs. 0 HP \/ 8 SpD Lopunny: 264-312 (97.4 - 115.1%) -- 81.3% chance to OHKO
|c|★I ABR I|o
|c|★Albyness|meh
|c| Squirrelll|why would you risk FB then
|c| Squirrelll|lol
|c|★I ABR I|udk my spread...
|c|★I ABR I|lol
|c|★I ABR I|max spe is unnecessary
|c|★Albyness|^
|c|★I ABR I|u only need for
|
|move|p2a: Landorus|Psychic|p1a: Lopunny
|-supereffective|p1a: Lopunny
|-damage|p1a: Lopunny|5\/271
|move|p1a: Lopunny|Return|p2a: Landorus
|-damage|p2a: Landorus|0 fnt
|faint|p2a: Landorus
|
|win|I ABR I
|c|★I ABR I|oml
|c|★I ABR I|im 0 hp
|c|★Albyness|omg
|c|★I ABR I|i actualy
|c|★I ABR I|tanked
|c|★I ABR I|ahahahahaha
|c|★Albyness|lol
|c|★I ABR I|20%
|c|★I ABR I|lgi
|c| Squirrelll|lol
|c|★Albyness|haha
|c|★I ABR I|that was
|c|★Albyness|gg
|c|★I ABR I|absolute max
|c| Squirrelll|gg
|c|★I ABR I|min*
|c|★I ABR I|gg
|leave|Squirrelll
|c|★Albyness|^
|leave|Albyness
|join|Ox the Fox
|player|p2
|leave|Ox the Fox