|join|Albyness
|join|TheUberTherian
|player|p1|Albyness|44
|player|p2|TheUberTherian|167
|gametype|singles
|gen|6
|tier|OU
|clearpoke
|poke|p1|Scizor, M
|poke|p1|Thundurus, M
|poke|p1|Hippowdon, M
|poke|p1|Manaphy
|poke|p1|Bisharp, M
|poke|p1|Latios, M
|poke|p2|Beedrill, F
|poke|p2|Magnezone
|poke|p2|Garchomp, F
|poke|p2|Suicune
|poke|p2|Metagross
|poke|p2|Weavile, F
|rule|Swagger Clause: Swagger is banned
|rule|Baton Pass Clause: Limit one Pokémon knowing Baton Pass
|rule|Sleep Clause Mod: Limit one foe put to sleep
|rule|Species Clause: Limit one of each Pokémon
|rule|OHKO Clause: OHKO moves are banned
|rule|Moody Clause: Moody is banned
|rule|Evasion Moves Clause: Evasion moves are banned
|rule|Endless Battle Clause: Forcing endless battles is banned
|rule|HP Percentage Mod: HP is shown in percentages
|teampreview
|
|start
|switch|p1a: Hippowdon|Hippowdon, M|420\/420
|switch|p2a: Weavile|Weavile, F|281\/281
|-ability|p2a: Weavile|Pressure
|-weather|Sandstorm
|turn|1
|
|switch|p1a: Scizor|Scizor, M|307\/307
|move|p2a: Weavile|Taunt|p1a: Scizor
|-start|p1a: Scizor|move: Taunt
|
|-weather|Sandstorm|[upkeep]
|-damage|p2a: Weavile|264\/281|[from] sandstorm
|turn|2
|join|akatsuki1033
|
|switch|p2a: Magnezone|Magnezone|281\/281
|switch|p1a: Hippowdon|Hippowdon, M|420\/420
|
|-weather|Sandstorm|[upkeep]
|turn|3
|
|switch|p2a: Suicune|Suicune|404\/404
|-ability|p2a: Suicune|Pressure
|move|p1a: Hippowdon|Stealth Rock|p2a: Suicune
|-sidestart|p2: TheUberTherian|move: Stealth Rock
|
|-weather|Sandstorm|[upkeep]
|-damage|p2a: Suicune|379\/404|[from] sandstorm
|-heal|p2a: Suicune|404\/404|[from] item: Leftovers
|turn|4
|c| akatsuki1033|so we all voted for ninja ban right?
|c|★TheUberTherian|yea
|
|switch|p1a: Bisharp|Bisharp, M|271\/271
|move|p2a: Suicune|Scald|p1a: Bisharp
|-damage|p1a: Bisharp|145\/271
|
|-weather|Sandstorm|[upkeep]
|-damage|p2a: Suicune|379\/404|[from] sandstorm
|-heal|p2a: Suicune|404\/404|[from] item: Leftovers
|turn|5
|
|move|p1a: Bisharp|Knock Off|p2a: Suicune
|-damage|p2a: Suicune|277\/404
|-enditem|p2a: Suicune|Leftovers|[from] move: Knock Off|[of] p1a: Bisharp
|move|p2a: Suicune|Scald|p1a: Bisharp
|-damage|p1a: Bisharp|28\/271
|-status|p1a: Bisharp|brn
|-enditem|p1a: Bisharp|Lum Berry|[eat]
|-curestatus|p1a: Bisharp|brn
|
|-weather|none
|turn|6
|c| akatsuki1033|lol
|c| akatsuki1033|(wary)
|
|move|p1a: Bisharp|Taunt|p2a: Suicune
|-start|p2a: Suicune|move: Taunt
|cant|p2a: Suicune|move: Taunt|Calm Mind
|
|turn|7
|
|move|p1a: Bisharp|Knock Off|p2a: Suicune
|-damage|p2a: Suicune|198\/404
|move|p2a: Suicune|Scald|p1a: Bisharp
|-damage|p1a: Bisharp|0 fnt
|faint|p1a: Bisharp
|
|
|switch|p1a: Manaphy|Manaphy|404\/404
|turn|8
|
|switch|p2a: Magnezone|Magnezone|281\/281
|-damage|p2a: Magnezone|264\/281|[from] Stealth Rock
|move|p1a: Manaphy|Scald|p2a: Magnezone
|-damage|p2a: Magnezone|162\/281
|
|turn|9
|c|★TheUberTherian|mana
|c|★TheUberTherian|is a bish
|
|switch|p2a: Garchomp|Garchomp, F|420\/420
|-damage|p2a: Garchomp|394\/420|[from] Stealth Rock
|switch|p1a: Hippowdon|Hippowdon, M|420\/420
|-weather|Sandstorm
|
|-weather|Sandstorm|[upkeep]
|turn|10
|
|move|p2a: Garchomp|Toxic|p1a: Hippowdon
|-status|p1a: Hippowdon|tox
|move|p1a: Hippowdon|Ice Fang|p2a: Garchomp
|-supereffective|p2a: Garchomp
|-damage|p2a: Garchomp|214\/420
|-damage|p1a: Hippowdon|368\/420 tox|[from] ability: Rough Skin|[of] p2a: Garchomp
|-damage|p1a: Hippowdon|298\/420 tox|[from] item: Rocky Helmet|[of] p2a: Garchomp
|
|-weather|Sandstorm|[upkeep]
|-heal|p1a: Hippowdon|324\/420 tox|[from] item: Leftovers
|-damage|p1a: Hippowdon|298\/420 tox|[from] psn
|turn|11
|
|switch|p1a: Manaphy|Manaphy|404\/404
|move|p2a: Garchomp|Stealth Rock|p1a: Manaphy
|-sidestart|p1: Albyness|move: Stealth Rock
|
|-weather|Sandstorm|[upkeep]
|-damage|p1a: Manaphy|379\/404|[from] sandstorm
|-heal|p1a: Manaphy|404\/404|[from] item: Leftovers
|turn|12
|c|★TheUberTherian|ice fang me one more time baby
|
|move|p2a: Garchomp|Toxic|p1a: Manaphy
|-status|p1a: Manaphy|tox
|move|p1a: Manaphy|Scald|p2a: Garchomp
|-damage|p2a: Garchomp|111\/420
|
|-weather|Sandstorm|[upkeep]
|-damage|p1a: Manaphy|379\/404 tox|[from] sandstorm
|-heal|p1a: Manaphy|404\/404 tox|[from] item: Leftovers
|-damage|p1a: Manaphy|379\/404 tox|[from] psn
|turn|13
|c| akatsuki1033|what if chomp got a recovering move
|c|★TheUberTherian|ikr
|c|★TheUberTherian|soo awesome
|
|move|p2a: Garchomp|Earthquake|p1a: Manaphy
|-damage|p1a: Manaphy|259\/404 tox
|move|p1a: Manaphy|Rain Dance|p1a: Manaphy
|-weather|RainDance
|
|-weather|RainDance|[upkeep]
|-curestatus|p1a: Manaphy|tox
|-heal|p1a: Manaphy|284\/404|[from] item: Leftovers
|turn|14
|c| akatsuki1033|smogon gonna ban it
|c| akatsuki1033|xD
|c|★TheUberTherian|ah
|c|★TheUberTherian|that set
|c| akatsuki1033|like in 4th
|
|move|p2a: Garchomp|Dragon Claw|p1a: Manaphy
|-damage|p1a: Manaphy|194\/404
|move|p1a: Manaphy|Tail Glow|p1a: Manaphy
|-boost|p1a: Manaphy|spa|3
|
|-weather|RainDance|[upkeep]
|-heal|p1a: Manaphy|219\/404|[from] item: Leftovers
|turn|15
|c|★TheUberTherian|glow,scald,ice,rain
|c|★TheUberTherian|hmm
|c|★TheUberTherian|not bad
|
|move|p2a: Garchomp|Dragon Claw|p1a: Manaphy
|-damage|p1a: Manaphy|119\/404
|move|p1a: Manaphy|Rest|p1a: Manaphy
|-status|p1a: Manaphy|slp
|-heal|p1a: Manaphy|404\/404 slp|[silent]
|-status|p1a: Manaphy|slp|[from] move: Rest
|
|-weather|RainDance|[upkeep]
|-curestatus|p1a: Manaphy|slp
|turn|16
|c|★TheUberTherian|ok
|c|★TheUberTherian|im fucked
|
|move|p2a: Garchomp|Earthquake|p1a: Manaphy
|-damage|p1a: Manaphy|286\/404
|move|p1a: Manaphy|Scald|p2a: Garchomp
|-damage|p2a: Garchomp|0 fnt
|faint|p2a: Garchomp
|
|-weather|RainDance|[upkeep]
|-heal|p1a: Manaphy|311\/404|[from] item: Leftovers
|c| akatsuki1033|he would have gone for ice already
|c| akatsuki1033|xD
|
|switch|p2a: Magnezone|Magnezone|162\/281
|-damage|p2a: Magnezone|145\/281|[from] Stealth Rock
|turn|17
|
|switch|p1a: Hippowdon|Hippowdon, M|298\/420 tox
|-damage|p1a: Hippowdon|272\/420 tox|[from] Stealth Rock
|-weather|Sandstorm
|move|p2a: Magnezone|Thunderbolt|p1a: Hippowdon
|-immune|p1a: Hippowdon|[msg]
|
|-weather|Sandstorm|[upkeep]
|-heal|p1a: Hippowdon|298\/420 tox|[from] item: Leftovers
|-damage|p1a: Hippowdon|272\/420 tox|[from] psn
|turn|18
|c|★TheUberTherian|this thing
|c| akatsuki1033|obv switch
|c|★TheUberTherian|saves my ass
|c|★TheUberTherian|ya
|c|★TheUberTherian|it was
|
|switch|p2a: Suicune|Suicune|198\/404
|-damage|p2a: Suicune|148\/404|[from] Stealth Rock
|-ability|p2a: Suicune|Pressure
|switch|p1a: Thundurus|Thundurus, M|299\/299
|-damage|p1a: Thundurus|225\/299|[from] Stealth Rock
|
|-weather|Sandstorm|[upkeep]
|-damage|p1a: Thundurus|207\/299|[from] sandstorm
|-damage|p2a: Suicune|123\/404|[from] sandstorm
|-heal|p1a: Thundurus|225\/299|[from] item: Leftovers
|turn|19
|c|★TheUberTherian|k then
|
|switch|p2a: Metagross|Metagross|364\/364
|-damage|p2a: Metagross|342\/364|[from] Stealth Rock
|move|p1a: Thundurus|Thunderbolt|p2a: Metagross
|-damage|p2a: Metagross|248\/364
|
|-weather|Sandstorm|[upkeep]
|-damage|p1a: Thundurus|207\/299|[from] sandstorm
|-heal|p1a: Thundurus|225\/299|[from] item: Leftovers
|turn|20
|c| akatsuki1033|nice and defiant
|c|★TheUberTherian|lets play
|c|★TheUberTherian|ur rules
|
|move|p1a: Thundurus|Thunder Wave|p2a: Metagross
|-status|p2a: Metagross|par
|move|p2a: Metagross|Pursuit|p1a: Thundurus
|-damage|p1a: Thundurus|159\/299
|
|-weather|Sandstorm|[upkeep]
|-damage|p1a: Thundurus|141\/299|[from] sandstorm
|-heal|p1a: Thundurus|159\/299|[from] item: Leftovers
|turn|21
|c| akatsuki1033|xD
|c| akatsuki1033|lolol
|
|switch|p1a: Manaphy|Manaphy|311\/404
|-damage|p1a: Manaphy|261\/404|[from] Stealth Rock
|cant|p2a: Metagross|par
|
|-weather|none
|-heal|p1a: Manaphy|286\/404|[from] item: Leftovers
|turn|22
|
|switch|p2a: Magnezone|Magnezone|145\/281
|-damage|p2a: Magnezone|128\/281|[from] Stealth Rock
|move|p1a: Manaphy|Scald|p2a: Magnezone
|-damage|p2a: Magnezone|23\/281
|
|-heal|p1a: Manaphy|311\/404|[from] item: Leftovers
|turn|23
|c| akatsuki1033|make the smart play
|
|move|p2a: Magnezone|Flash Cannon|p1a: Manaphy
|-resisted|p1a: Manaphy
|-damage|p1a: Manaphy|244\/404
|move|p1a: Manaphy|Scald|p2a: Magnezone
|-damage|p2a: Magnezone|0 fnt
|faint|p2a: Magnezone
|
|-heal|p1a: Manaphy|269\/404|[from] item: Leftovers
|c|★TheUberTherian|does
|c|★TheUberTherian|cancel
|c|★TheUberTherian|work?
|c|★TheUberTherian|lke
|c|★TheUberTherian|the fuck
|
|switch|p2a: Weavile|Weavile, F|264\/281
|-damage|p2a: Weavile|194\/281|[from] Stealth Rock
|-ability|p2a: Weavile|Pressure
|turn|24
|
|move|p2a: Weavile|Knock Off|p1a: Manaphy
|-damage|p1a: Manaphy|146\/404
|-enditem|p1a: Manaphy|Leftovers|[from] move: Knock Off|[of] p2a: Weavile
|move|p1a: Manaphy|Scald|p2a: Weavile
|-damage|p2a: Weavile|95\/281
|
|turn|25
|
|move|p2a: Weavile|Knock Off|p1a: Manaphy
|-damage|p1a: Manaphy|64\/404
|move|p1a: Manaphy|Scald|p2a: Weavile
|-damage|p2a: Weavile|0 fnt
|faint|p2a: Weavile
|
|
|switch|p2a: Suicune|Suicune|123\/404
|-damage|p2a: Suicune|73\/404|[from] Stealth Rock
|-ability|p2a: Suicune|Pressure
|turn|26
|c| akatsuki1033|rip
|
|switch|p1a: Thundurus|Thundurus, M|159\/299
|-damage|p1a: Thundurus|85\/299|[from] Stealth Rock
|move|p2a: Suicune|Rest|p2a: Suicune
|-status|p2a: Suicune|slp
|-heal|p2a: Suicune|404\/404 slp|[silent]
|-status|p2a: Suicune|slp|[from] move: Rest
|
|-heal|p1a: Thundurus|103\/299|[from] item: Leftovers
|turn|27
|c|★TheUberTherian|inb4 crit
|
|switch|p2a: Metagross|Metagross|248\/364 par
|-damage|p2a: Metagross|226\/364 par|[from] Stealth Rock
|move|p1a: Thundurus|Thunderbolt|p2a: Metagross
|-damage|p2a: Metagross|132\/364 par
|
|-heal|p1a: Thundurus|121\/299|[from] item: Leftovers
|turn|28
|
|move|p1a: Thundurus|Substitute|p1a: Thundurus
|-start|p1a: Thundurus|Substitute
|-damage|p1a: Thundurus|47\/299
|cant|p2a: Metagross|par
|
|-heal|p1a: Thundurus|65\/299|[from] item: Leftovers
|turn|29
|c|★TheUberTherian|ofc
|c|★TheUberTherian|ofc
|
|move|p2a: Metagross|Bullet Punch|p1a: Thundurus
|-resisted|p1a: Thundurus
|-activate|p1a: Thundurus|Substitute|[damage]
|move|p1a: Thundurus|Thunderbolt|p2a: Metagross
|-damage|p2a: Metagross|30\/364 par
|
|-heal|p1a: Thundurus|83\/299|[from] item: Leftovers
|turn|30
|c|★TheUberTherian|nd albys like that hes the only nigga
|c|★TheUberTherian|not getting hax
|
|move|p1a: Thundurus|Thunderbolt|p2a: Metagross
|-damage|p2a: Metagross|0 fnt
|faint|p2a: Metagross
|
|-heal|p1a: Thundurus|101\/299|[from] item: Leftovers
|c|★TheUberTherian|i gave up
|
|switch|p2a: Beedrill|Beedrill, F|271\/271
|-damage|p2a: Beedrill|204\/271|[from] Stealth Rock
|turn|31
|
|detailschange|p2a: Beedrill|Beedrill-Mega, F
|-mega|p2a: Beedrill|Beedrill|Beedrillite
|move|p1a: Thundurus|Thunderbolt|p2a: Beedrill
|-damage|p2a: Beedrill|17\/271
|-status|p2a: Beedrill|par
|cant|p2a: Beedrill|par
|
|-heal|p1a: Thundurus|119\/299|[from] item: Leftovers
|turn|32
|c|★TheUberTherian|...
|c|★Albyness|rofl
|c|★TheUberTherian|...
|
|move|p1a: Thundurus|Thunderbolt|p2a: Beedrill
|-damage|p2a: Beedrill|0 fnt
|faint|p2a: Beedrill
|
|-heal|p1a: Thundurus|137\/299|[from] item: Leftovers
|c|★TheUberTherian|....
|c|★TheUberTherian|...
|c|★TheUberTherian|fucking cune
|c|★TheUberTherian|swept
|c|★TheUberTherian|here
|c| akatsuki1033|hax god alby
|c|★TheUberTherian|:@
|c|★TheUberTherian|:@
|c|★TheUberTherian|:@
|c|★TheUberTherian|:@
|c|★TheUberTherian|:@
|c|★TheUberTherian|:@
|c|★TheUberTherian|@:
|c|★Albyness|naw i got hax terbbly first game
|
|switch|p2a: Suicune|Suicune|404\/404 slp
|-damage|p2a: Suicune|354\/404 slp|[from] Stealth Rock
|-ability|p2a: Suicune|Pressure
|turn|33
|c|★TheUberTherian|what terrible
|c|★Albyness|im spdef glis
|c|★TheUberTherian|it was 1 turn nigga
|c|★TheUberTherian|1 TURN
|c|★TheUberTherian|THIS IS FUCKING
|c|★TheUberTherian|EVERY TURN
|
|move|p1a: Thundurus|Thunderbolt|p2a: Suicune
|-supereffective|p2a: Suicune
|-damage|p2a: Suicune|64\/404 slp
|cant|p2a: Suicune|slp
|move|p2a: Suicune|Sleep Talk|p2a: Suicune
|move|p2a: Suicune|Scald|p1a: Thundurus|[from]Sleep Talk
|-end|p1a: Thundurus|Substitute
|
|-heal|p1a: Thundurus|155\/299|[from] item: Leftovers
|turn|34
|c|★Albyness|lol
|c|★TheUberTherian|ive had it
|
|move|p1a: Thundurus|Thunderbolt|p2a: Suicune
|-supereffective|p2a: Suicune
|-damage|p2a: Suicune|0 fnt
|faint|p2a: Suicune
|
|win|Albyness