|join|Albyness
|join|LizardAndSavior
|player|p1|Albyness|44
|player|p2|LizardAndSavior|115
|gametype|singles
|gen|6
|tier|OU
|clearpoke
|poke|p1|Lopunny, M
|poke|p1|Dragonite, M
|poke|p1|Manaphy
|poke|p1|Weavile, F
|poke|p1|Excadrill, F
|poke|p1|Thundurus, M
|poke|p2|Volcarona, M
|poke|p2|Tyranitar, F
|poke|p2|Starmie
|poke|p2|Chesnaught, M
|poke|p2|Clefable, F
|poke|p2|Victini
|rule|Swagger Clause: Swagger is banned
|rule|Baton Pass Clause: Limit one Pokémon knowing Baton Pass
|rule|Sleep Clause Mod: Limit one foe put to sleep
|rule|Species Clause: Limit one of each Pokémon
|rule|OHKO Clause: OHKO moves are banned
|rule|Moody Clause: Moody is banned
|rule|Evasion Moves Clause: Evasion moves are banned
|rule|Endless Battle Clause: Forcing endless battles is banned
|rule|HP Percentage Mod: HP is shown in percentages
|teampreview
|join|Bisharp-Mega
|c|★LizardAndSavior|hf
|join|MaybeI'mMamoswine
|join|fev'
|join|anas.t
|join|Erzkrieger
|join|GreninjaIsJesus
|join|napty
|join|RustyEspur
|join|LMay
|join|QKIC
|c| napty|pls lizardandsavior
|c| napty|win
|c| napty|this
|c| napty|battle
|c| Bisharp-Mega|if this the final?
|c|★LizardAndSavior|n
|c|★LizardAndSavior|yeah
|c|★LizardAndSavior|it is
|c| Bisharp-Mega|ok
|join|Wowzerking
|join|Roi Pika
|join|Wolf brotherhood
|join|rhatjts
|join|Syre Sinatra
|
|start
|switch|p1a: Excadrill|Excadrill, F|361\/361
|switch|p2a: Clefable|Clefable, F|394\/394
|-ability|p1a: Excadrill|Mold Breaker
|turn|1
|c|★LizardAndSavior|go ahead and get predicted
|
|switch|p2a: Chesnaught|Chesnaught, M|380\/380
|move|p1a: Excadrill|Stealth Rock|p2a: Chesnaught
|-sidestart|p2: LizardAndSavior|move: Stealth Rock
|
|turn|2
|join|bowl of soup
|c| Roi Pika|gl hf*
|join|gina lisa86
|
|switch|p1a: Manaphy|Manaphy|404\/404
|move|p2a: Chesnaught|Drain Punch|p1a: Manaphy
|-damage|p1a: Manaphy|329\/404
|
|-heal|p1a: Manaphy|354\/404|[from] item: Leftovers
|turn|3
|join|salamence66
|
|switch|p2a: Clefable|Clefable, F|394\/394
|-damage|p2a: Clefable|345\/394|[from] Stealth Rock
|move|p1a: Manaphy|Ice Beam|p2a: Clefable
|-damage|p2a: Clefable|285\/394
|
|-heal|p1a: Manaphy|379\/404|[from] item: Leftovers
|-heal|p2a: Clefable|309\/394|[from] item: Leftovers
|turn|4
|c| MaybeI'mMamoswine|the prediction prediction
|
|switch|p1a: Excadrill|Excadrill, F|361\/361
|-ability|p1a: Excadrill|Mold Breaker
|move|p2a: Clefable|Moonblast|p1a: Excadrill
|-resisted|p1a: Excadrill
|-damage|p1a: Excadrill|282\/361
|
|-heal|p2a: Clefable|333\/394|[from] item: Leftovers
|turn|5
|join|bluri
|c| salamence66|wait didn't they just battle? lol
|
|switch|p1a: Manaphy|Manaphy|379\/404
|move|p2a: Clefable|Protect|p2a: Clefable
|-fail|p2a: Clefable
|
|-heal|p1a: Manaphy|404\/404|[from] item: Leftovers
|-heal|p2a: Clefable|357\/394|[from] item: Leftovers
|turn|6
|
|move|p1a: Manaphy|Scald|p2a: Clefable
|-damage|p2a: Clefable|270\/394
|move|p2a: Clefable|Moonblast|p1a: Manaphy
|-damage|p1a: Manaphy|301\/404
|-unboost|p1a: Manaphy|spa|1
|
|-heal|p1a: Manaphy|326\/404|[from] item: Leftovers
|-heal|p2a: Clefable|294\/394|[from] item: Leftovers
|turn|7
|
|switch|p2a: Starmie|Starmie|323\/323
|-damage|p2a: Starmie|283\/323|[from] Stealth Rock
|move|p1a: Manaphy|Rain Dance|p1a: Manaphy
|-weather|RainDance
|
|-weather|RainDance|[upkeep]
|-heal|p2a: Starmie|303\/323|[from] item: Leftovers
|-heal|p1a: Manaphy|351\/404|[from] item: Leftovers
|turn|8
|c| MaybeI'mMamoswine|who's the better swimmer girl
|join|Natsu Slayer
|
|move|p2a: Starmie|Rapid Spin|p1a: Manaphy
|-damage|p1a: Manaphy|343\/404
|-sideend|p2: LizardAndSavior|Stealth Rock|[from] move: Rapid Spin|[of] p2a: Starmie
|move|p1a: Manaphy|Scald|p2a: Starmie
|-resisted|p2a: Starmie
|-damage|p2a: Starmie|247\/323
|-status|p2a: Starmie|brn
|
|-weather|RainDance|[upkeep]
|-heal|p2a: Starmie|267\/323 brn|[from] item: Leftovers
|-heal|p1a: Manaphy|368\/404|[from] item: Leftovers
|-damage|p2a: Starmie|227\/323 brn|[from] brn
|turn|9
|join|loic2002
|join|thepack
|leave|Natsu Slayer
|c| Bisharp-Mega|dat burn
|c| MaybeI'mMamoswine|probably has natural cure anyway
|c| Erzkrieger|bluri :3
|c| Bisharp-Mega|yeah
|
|switch|p2a: Clefable|Clefable, F|294\/394
|move|p1a: Manaphy|Scald|p2a: Clefable
|-damage|p2a: Clefable|158\/394
|-status|p2a: Clefable|brn
|
|-weather|RainDance|[upkeep]
|-heal|p1a: Manaphy|393\/404|[from] item: Leftovers
|-heal|p2a: Clefable|182\/394 brn|[from] item: Leftovers
|-damage|p2a: Clefable|133\/394 brn|[from] brn
|turn|10
|c| Bisharp-Mega|no it will have illuminate cause it does nothing :D
|leave|bluri
|c| bowl of soup|it was probs illuminate
|join|bluri
|c|★LizardAndSavior|this is already starting to look like a wrap :\/
|c| MaybeI'mMamoswine|yeah i would run illuminate to
|c| Bisharp-Mega|power scald
|c| bluri|erzkrieger :D
|leave|loic2002
|c| MaybeI'mMamoswine|unaware ignore stats drop too?
|c|★LizardAndSavior|y
|c| bowl of soup|y
|c| Bisharp-Mega|yeah
|
|move|p1a: Manaphy|Scald|p2a: Clefable
|-damage|p2a: Clefable|13\/394 brn
|move|p2a: Clefable|Wish|p2a: Clefable
|
|-weather|RainDance|[upkeep]
|-heal|p1a: Manaphy|404\/404|[from] item: Leftovers
|-heal|p2a: Clefable|37\/394 brn|[from] item: Leftovers
|-damage|p2a: Clefable|0 fnt|[from] brn
|faint|p2a: Clefable
|c| napty|lol unaware clefable such uselessness
|leave|napty
|c| Bisharp-Mega|you gotta use MG clef
|c| Roi Pika|Albyness win
|c| bowl of soup|unaware clef is not bad what are you talking about
|c| MaybeI'mMamoswine|mg is clearly the superior abilit
|
|switch|p2a: Victini|Victini|403\/403
|turn|11
|c| Bisharp-Mega|yeah
|c| bowl of soup|it depends on the team
|
|switch|p1a: Excadrill|Excadrill, F|282\/361
|-ability|p1a: Excadrill|Mold Breaker
|move|p2a: Victini|Bolt Strike|p1a: Excadrill
|-immune|p1a: Excadrill|[msg]
|
|-weather|none
|turn|12
|c| Bisharp-Mega|even MG can be a tank
|c| Bisharp-Mega|dat predict
|
|switch|p2a: Chesnaught|Chesnaught, M|380\/380
|move|p1a: Excadrill|Stealth Rock|p2a: Chesnaught
|-sidestart|p2: LizardAndSavior|move: Stealth Rock
|
|turn|13
|join|Albacore
|join|PoweredByRevenge
|
|switch|p1a: Manaphy|Manaphy|404\/404
|move|p2a: Chesnaught|Leech Seed|p1a: Manaphy
|-start|p1a: Manaphy|move: Leech Seed
|
|-damage|p1a: Manaphy|354\/404|[from] Leech Seed|[of] p2a: Chesnaught
|turn|14
|
|switch|p2a: Victini|Victini|403\/403
|-damage|p2a: Victini|303\/403|[from] Stealth Rock
|move|p1a: Manaphy|Ice Beam|p2a: Victini
|-resisted|p2a: Victini
|-damage|p2a: Victini|266\/403
|
|-heal|p2a: Victini|291\/403|[from] item: Leftovers
|-heal|p1a: Manaphy|379\/404|[from] item: Leftovers
|-damage|p1a: Manaphy|329\/404|[from] Leech Seed|[of] p2a: Victini
|-heal|p2a: Victini|341\/403|[silent]
|turn|15
|c|+Albacore|he has to be unaware otherwise he loses to gallade
|c|+Albacore|js
|
|switch|p1a: Excadrill|Excadrill, F|282\/361
|-ability|p1a: Excadrill|Mold Breaker
|move|p2a: Victini|Bolt Strike|p1a: Excadrill
|-immune|p1a: Excadrill|[msg]
|
|-heal|p2a: Victini|366\/403|[from] item: Leftovers
|turn|16
|join|and mega altaria
|leave|thepack
|c| Bisharp-Mega|misspredict again?
|c| MaybeI'mMamoswine|and mega altaria
|c| Syre Sinatra|that was kinda obv tho
|join|napty
|leave|napty
|
|switch|p1a: Manaphy|Manaphy|329\/404
|move|p2a: Victini|Bolt Strike|p1a: Manaphy
|-supereffective|p1a: Manaphy
|-damage|p1a: Manaphy|131\/404
|
|-heal|p2a: Victini|391\/403|[from] item: Leftovers
|-heal|p1a: Manaphy|156\/404|[from] item: Leftovers
|turn|17
|c| Bisharp-Mega|yeh
|join|thepack
|c| Bisharp-Mega|now that made up for the misspredict
|join|Bloodz
|
|move|p2a: Victini|V-create|p1a: Manaphy
|-resisted|p1a: Manaphy
|-damage|p1a: Manaphy|54\/404
|-unboost|p2a: Victini|def|1
|-unboost|p2a: Victini|spd|1
|-unboost|p2a: Victini|spe|1
|move|p1a: Manaphy|Scald|p2a: Victini
|-supereffective|p2a: Victini
|-damage|p2a: Victini|131\/403
|
|-heal|p1a: Manaphy|79\/404|[from] item: Leftovers
|-heal|p2a: Victini|156\/403|[from] item: Leftovers
|turn|18
|leave|Bloodz
|c|+Albacore|BALK
|c|+Albacore|BULKTINI
|c| Bisharp-Mega|lol
|join|iTouchyourkids
|join|Bloodz
|
|move|p1a: Manaphy|Scald|p2a: Victini
|-supereffective|p2a: Victini
|-damage|p2a: Victini|0 fnt
|faint|p2a: Victini
|
|-heal|p1a: Manaphy|104\/404|[from] item: Leftovers
|c| Bisharp-Mega|?
|
|switch|p2a: Starmie|Starmie|227\/323
|-damage|p2a: Starmie|187\/323|[from] Stealth Rock
|turn|19
|c| Bisharp-Mega|roar?
|
|switch|p1a: Weavile|Weavile, F|282\/282
|-ability|p1a: Weavile|Pressure
|move|p2a: Starmie|Rapid Spin|p1a: Weavile
|-damage|p1a: Weavile|267\/282
|-sideend|p2: LizardAndSavior|Stealth Rock|[from] move: Rapid Spin|[of] p2a: Starmie
|
|-heal|p2a: Starmie|207\/323|[from] item: Leftovers
|turn|20
|leave|MaybeI'mMamoswine
|leave|Bloodz
|c| RustyEspur|trap pursuit
|
|move|p1a: Weavile|Pursuit|p2a: Starmie
|-supereffective|p2a: Starmie
|-damage|p2a: Starmie|9\/323
|-damage|p1a: Weavile|239\/282|[from] item: Life Orb
|move|p2a: Starmie|Scald|p1a: Weavile
|-damage|p1a: Weavile|128\/282
|-status|p1a: Weavile|brn
|
|-heal|p2a: Starmie|29\/323|[from] item: Leftovers
|-damage|p1a: Weavile|93\/282 brn|[from] brn
|turn|21
|c| RustyEspur|type the reflect
|
|move|p1a: Weavile|Pursuit|p2a: Starmie
|-supereffective|p2a: Starmie
|-damage|p2a: Starmie|0 fnt
|-damage|p1a: Weavile|65\/282 brn|[from] item: Life Orb
|faint|p2a: Starmie
|
|-damage|p1a: Weavile|30\/282 brn|[from] brn
|join|Hoanter
|c| Bisharp-Mega|the burn
|c| RustyEspur|burn the scald
|join|MaybeI'mMamoswine
|leave|bluri
|
|switch|p2a: Chesnaught|Chesnaught, M|380\/380
|turn|22
|leave|anas.t
|
|move|p1a: Weavile|Icicle Crash|p2a: Chesnaught
|-supereffective|p2a: Chesnaught
|-damage|p2a: Chesnaught|260\/380
|-damage|p1a: Weavile|2\/282 brn|[from] item: Life Orb
|cant|p2a: Chesnaught|flinch
|
|-heal|p2a: Chesnaught|283\/380|[from] item: Leftovers
|-damage|p1a: Weavile|0 fnt|[from] brn
|faint|p1a: Weavile
|join|napty
|c| Bisharp-Mega|BULK
|
|switch|p1a: Excadrill|Excadrill, F|282\/361
|-ability|p1a: Excadrill|Mold Breaker
|turn|23
|
|move|p1a: Excadrill|Stealth Rock|p2a: Chesnaught
|-sidestart|p2: LizardAndSavior|move: Stealth Rock
|move|p2a: Chesnaught|Drain Punch|p1a: Excadrill
|-supereffective|p1a: Excadrill
|-damage|p1a: Excadrill|0 fnt
|-heal|p2a: Chesnaught|380\/380|[from] drain|[of] p1a: Excadrill
|faint|p1a: Excadrill
|
|join|ollopa
|join|darkboy00
|
|switch|p1a: Manaphy|Manaphy|104\/404
|turn|24
|
|move|p1a: Manaphy|Ice Beam|p2a: Chesnaught
|-supereffective|p2a: Chesnaught
|-damage|p2a: Chesnaught|192\/380
|move|p2a: Chesnaught|Drain Punch|p1a: Manaphy
|-damage|p1a: Manaphy|22\/404
|-heal|p2a: Chesnaught|233\/380|[from] drain|[of] p1a: Manaphy
|
|-heal|p1a: Manaphy|47\/404|[from] item: Leftovers
|-heal|p2a: Chesnaught|256\/380|[from] item: Leftovers
|turn|25
|
|move|p2a: Chesnaught|Spiky Shield|p2a: Chesnaught
|-singleturn|p2a: Chesnaught|move: Protect
|move|p1a: Manaphy|Scald|p2a: Chesnaught
|-activate|p2a: Chesnaught|move: Protect
|
|-heal|p1a: Manaphy|72\/404|[from] item: Leftovers
|-heal|p2a: Chesnaught|279\/380|[from] item: Leftovers
|turn|26
|c| RustyEspur|manaphy the fatty
|
|move|p1a: Manaphy|Ice Beam|p2a: Chesnaught
|-supereffective|p2a: Chesnaught
|-damage|p2a: Chesnaught|95\/380
|move|p2a: Chesnaught|Drain Punch|p1a: Manaphy
|-damage|p1a: Manaphy|0 fnt
|-heal|p2a: Chesnaught|131\/380|[from] drain|[of] p1a: Manaphy
|faint|p1a: Manaphy
|
|-heal|p2a: Chesnaught|154\/380|[from] item: Leftovers
|join|toneloni97
|
|switch|p1a: Dragonite|Dragonite, M|359\/359
|turn|27
|c| napty|aerial ace?
|c| Bisharp-Mega|phat dragon
|
|switch|p2a: Tyranitar|Tyranitar, F|341\/341
|-damage|p2a: Tyranitar|299\/341|[from] Stealth Rock
|-weather|Sandstorm
|move|p1a: Dragonite|Outrage|p2a: Tyranitar
|-damage|p2a: Tyranitar|0 fnt
|faint|p2a: Tyranitar
|
|-weather|Sandstorm|[upkeep]
|-damage|p1a: Dragonite|337\/359|[from] sandstorm
|c| LMay|this choice band
|c| ollopa|rape
|c| Bisharp-Mega|oh shit
|c| Bisharp-Mega|baned
|c|★LizardAndSavior|yeah I lost
|c| napty|you dont
|c| napty|use spiky shield
|c| napty|and hope for a confusion
|c| salamence66|lol
|c|★LizardAndSavior|~~that spike would have been nice~~
|c| salamence66|HOOOPE
|c| Bisharp-Mega|yeah
|c|★LizardAndSavior|gg
|
|switch|p2a: Chesnaught|Chesnaught, M|154\/380
|-damage|p2a: Chesnaught|131\/380|[from] Stealth Rock
|turn|28
|leave|toneloni97
|join|Demandred
|join|praj.pran
|leave|fev'
|c| napty|WHY IS DIS TAKIN SO LONG
|c| salamence66|seriously
|join|jeffrawr
|leave|Albacore
|c| salamence66|its a simple move
|c| Bisharp-Mega|yeah
|
|move|p2a: Chesnaught|Spiky Shield|p2a: Chesnaught
|-singleturn|p2a: Chesnaught|move: Protect
|move|p1a: Dragonite|Outrage|p2a: Chesnaught
|-activate|p2a: Chesnaught|move: Protect
|-damage|p1a: Dragonite|293\/359|[from] Spiky Shield|[of] p2a: Chesnaught
|
|-weather|Sandstorm|[upkeep]
|-damage|p1a: Dragonite|271\/359|[from] sandstorm
|-damage|p2a: Chesnaught|108\/380|[from] sandstorm
|-heal|p2a: Chesnaught|131\/380|[from] item: Leftovers
|turn|29
|c| salamence66|spiky shield
|c| Bisharp-Mega|hurry up
|c|★LizardAndSavior|I clicked
|c|★LizardAndSavior|ages ago
|c|★LizardAndSavior|,,
|c|★LizardAndSavior|smh
|c| napty|he ddn't get confused
|c| Bisharp-Mega|aww no cinfuse
|c|★Albyness|sry
|
|move|p2a: Chesnaught|Spiky Shield|p2a: Chesnaught
|-singleturn|p2a: Chesnaught|move: Protect
|move|p1a: Dragonite|Outrage|p2a: Chesnaught
|-activate|p2a: Chesnaught|move: Protect
|-damage|p1a: Dragonite|227\/359|[from] Spiky Shield|[of] p2a: Chesnaught
|
|-weather|Sandstorm|[upkeep]
|-damage|p1a: Dragonite|205\/359|[from] sandstorm
|-damage|p2a: Chesnaught|108\/380|[from] sandstorm
|-heal|p2a: Chesnaught|131\/380|[from] item: Leftovers
|turn|30
|c| Bisharp-Mega|confuse
|c| salamence66|NICE
|c| RustyEspur|lol
|
|move|p2a: Chesnaught|Spiky Shield|p2a: Chesnaught
|-singleturn|p2a: Chesnaught|move: Protect
|move|p1a: Dragonite|Outrage|p2a: Chesnaught
|-activate|p2a: Chesnaught|move: Protect
|-damage|p1a: Dragonite|161\/359|[from] Spiky Shield|[of] p2a: Chesnaught
|
|-weather|Sandstorm|[upkeep]
|-damage|p1a: Dragonite|139\/359|[from] sandstorm
|-damage|p2a: Chesnaught|108\/380|[from] sandstorm
|-heal|p2a: Chesnaught|131\/380|[from] item: Leftovers
|turn|31
|c| Bisharp-Mega|the double
|c| salamence66|oh shit haha
|c| napty|LOL
|c| RustyEspur|OMG
|c| MaybeI'mMamoswine|what is happenining
|c| RustyEspur|IS THAT
|c| salamence66|wtf
|
|move|p2a: Chesnaught|Spiky Shield|p2a: Chesnaught
|-fail|p2a: Chesnaught
|move|p1a: Dragonite|Outrage|p2a: Chesnaught
|-damage|p2a: Chesnaught|0 fnt
|faint|p2a: Chesnaught
|
|-weather|none
|
|switch|p2a: Volcarona|Volcarona, M|329\/329
|-damage|p2a: Volcarona|165\/329|[from] Stealth Rock
|turn|32
|c| RustyEspur|A TRIPLE PROTECT
|c| salamence66|3 in a row damn
|
|move|p2a: Volcarona|Fire Blast|p1a: Dragonite
|-resisted|p1a: Dragonite
|-damage|p1a: Dragonite|16\/359
|-damage|p2a: Volcarona|133\/329|[from] item: Life Orb
|move|p1a: Dragonite|Outrage|p2a: Volcarona
|-damage|p2a: Volcarona|0 fnt
|faint|p2a: Volcarona
|
|win|Albyness
|c| Bisharp-Mega|oh baby a TRIPLE
|c|★LizardAndSavior|gg
|c| napty|WHERE IS THE CONFUSION
|leave|LizardAndSavior
|player|p2
|c|★Albyness|gg
|leave|PoweredByRevenge
|c| salamence66|oh wow