|join|Edhelnaur
|join|Bill1218
|player|p1|Edhelnaur|266
|player|p2|Bill1218|78
|gametype|singles
|gen|6
|tier|OU
|rated
|clearpoke
|poke|p1|Beedrill, F
|poke|p1|Landorus-Therian, M
|poke|p1|Heatran, M
|poke|p1|Suicune
|poke|p1|Ferrothorn, F
|poke|p1|Excadrill, M
|poke|p2|Tyranitar, M
|poke|p2|Swampert, M
|poke|p2|Gardevoir, F, shiny
|poke|p2|Metagross
|poke|p2|Rotom-Wash
|poke|p2|Excadrill, F
|rule|Swagger Clause: Swagger is banned
|rule|Baton Pass Clause: Limit one Pokémon knowing Baton Pass
|rule|Sleep Clause Mod: Limit one foe put to sleep
|rule|Species Clause: Limit one of each Pokémon
|rule|OHKO Clause: OHKO moves are banned
|rule|Moody Clause: Moody is banned
|rule|Evasion Moves Clause: Evasion moves are banned
|rule|Endless Battle Clause: Forcing endless battles is banned
|rule|HP Percentage Mod: HP is shown in percentages
|teampreview
|
|start
|switch|p1a: Beedrill|Beedrill, F|272\/272
|switch|p2a: Swampert|Swampert, M|404\/404
|turn|1
|
|detailschange|p1a: Beedrill|Beedrill-Mega, F
|message|Beedrill has Mega Evolved into Mega Beedrill!
|move|p1a: Beedrill|U-turn|p2a: Swampert
|-damage|p2a: Swampert|264\/404
|
|switch|p1a: Ferrothorn|Ferrothorn, F|352\/352
|move|p2a: Swampert|Stealth Rock|p1a: Ferrothorn
|-sidestart|p1: Edhelnaur|move: Stealth Rock
|
|-heal|p2a: Swampert|289\/404|[from] item: Leftovers
|turn|2
|
|switch|p2a: Gardevoir|Gardevoir, F, shiny|277\/277
|-ability|p2a: Gardevoir|Iron Barbs|[from] ability: Trace|[of] p1a: Ferrothorn
|move|p1a: Ferrothorn|Spikes|p2a: Gardevoir
|-sidestart|p2: Bill1218|Spikes
|
|turn|3
|
|move|p2a: Gardevoir|Hidden Power|p1a: Ferrothorn
|-supereffective|p1a: Ferrothorn
|-damage|p1a: Ferrothorn|124\/352
|move|p1a: Ferrothorn|Leech Seed|p2a: Gardevoir|[miss]
|-miss|p1a: Ferrothorn|p2a: Gardevoir
|
|-heal|p1a: Ferrothorn|146\/352|[from] item: Leftovers
|turn|4
|
|switch|p2a: Swampert|Swampert, M|289\/404
|-damage|p2a: Swampert|239\/404|[from] Spikes
|move|p1a: Ferrothorn|Protect|p1a: Ferrothorn
|-fail|p1a: Ferrothorn
|
|-heal|p2a: Swampert|264\/404|[from] item: Leftovers
|-heal|p1a: Ferrothorn|168\/352|[from] item: Leftovers
|turn|5
|
|move|p1a: Ferrothorn|Leech Seed|p2a: Swampert
|-start|p2a: Swampert|move: Leech Seed
|move|p2a: Swampert|Roar|p1a: Ferrothorn
|drag|p1a: Heatran|Heatran, M|386\/386
|-damage|p1a: Heatran|338\/386|[from] Stealth Rock
|
|-heal|p1a: Heatran|362\/386|[from] item: Leftovers
|-heal|p2a: Swampert|289\/404|[from] item: Leftovers
|-damage|p2a: Swampert|239\/404|[from] Leech Seed|[of] p1a: Heatran
|-heal|p1a: Heatran|386\/386|[silent]
|turn|6
|
|move|p1a: Heatran|Protect|p1a: Heatran
|-singleturn|p1a: Heatran|Protect
|move|p2a: Swampert|Scald|p1a: Heatran
|-activate|p1a: Heatran|Protect
|
|-heal|p2a: Swampert|264\/404|[from] item: Leftovers
|-damage|p2a: Swampert|214\/404|[from] Leech Seed|[of] p1a: Heatran
|turn|7
|
|switch|p1a: Suicune|Suicune|404\/404
|-damage|p1a: Suicune|354\/404|[from] Stealth Rock
|-ability|p1a: Suicune|Pressure
|move|p2a: Swampert|Roar|p1a: Suicune
|drag|p1a: Heatran|Heatran, M|386\/386
|-damage|p1a: Heatran|338\/386|[from] Stealth Rock
|
|-heal|p1a: Heatran|362\/386|[from] item: Leftovers
|-heal|p2a: Swampert|239\/404|[from] item: Leftovers
|-damage|p2a: Swampert|189\/404|[from] Leech Seed|[of] p1a: Heatran
|-heal|p1a: Heatran|386\/386|[silent]
|turn|8
|
|switch|p2a: Rotom-Wash|Rotom-Wash|304\/304
|move|p1a: Heatran|Stealth Rock|p2a: Rotom-Wash
|-sidestart|p2: Bill1218|move: Stealth Rock
|
|turn|9
|
|move|p1a: Heatran|Protect|p1a: Heatran
|-singleturn|p1a: Heatran|Protect
|move|p2a: Rotom-Wash|Reflect|p2a: Rotom-Wash
|-sidestart|p2: Bill1218|Reflect
|
|turn|10
|
|move|p2a: Rotom-Wash|Will-O-Wisp|p1a: Heatran
|-start|p1a: Heatran|ability: Flash Fire
|move|p1a: Heatran|Roar|p2a: Rotom-Wash
|drag|p2a: Excadrill|Excadrill, F|362\/362
|-damage|p2a: Excadrill|351\/362|[from] Stealth Rock
|-damage|p2a: Excadrill|306\/362|[from] Spikes
|-ability|p2a: Excadrill|Mold Breaker
|
|turn|11
|
|move|p1a: Heatran|Protect|p1a: Heatran
|-singleturn|p1a: Heatran|Protect
|move|p2a: Excadrill|Earthquake|p1a: Heatran
|-activate|p1a: Heatran|Protect
|
|turn|12
|
|switch|p2a: Tyranitar|Tyranitar, M|404\/404
|-damage|p2a: Tyranitar|354\/404|[from] Stealth Rock
|-damage|p2a: Tyranitar|304\/404|[from] Spikes
|-weather|Sandstorm
|switch|p1a: Landorus-Therian|Landorus-Therian, M|382\/382
|-damage|p1a: Landorus-Therian|335\/382|[from] Stealth Rock
|-ability|p1a: Landorus-Therian|Intimidate|[of] p2a: Tyranitar
|-unboost|p2a: Tyranitar|atk|1
|
|-weather|Sandstorm|[upkeep]
|-heal|p1a: Landorus-Therian|358\/382|[from] item: Leftovers
|turn|13
|
|move|p1a: Landorus-Therian|U-turn|p2a: Tyranitar
|-supereffective|p2a: Tyranitar
|-damage|p2a: Tyranitar|246\/404
|
|switch|p1a: Suicune|Suicune|354\/404
|-damage|p1a: Suicune|304\/404|[from] Stealth Rock
|-ability|p1a: Suicune|Pressure
|move|p2a: Tyranitar|Ice Beam|p1a: Suicune
|-resisted|p1a: Suicune
|-damage|p1a: Suicune|272\/404
|
|-weather|Sandstorm|[upkeep]
|-damage|p1a: Suicune|247\/404|[from] sandstorm
|-heal|p1a: Suicune|272\/404|[from] item: Leftovers
|-sideend|p2: Bill1218|Reflect
|turn|14
|
|switch|p2a: Rotom-Wash|Rotom-Wash|304\/304
|-damage|p2a: Rotom-Wash|266\/304|[from] Stealth Rock
|move|p1a: Suicune|Calm Mind|p1a: Suicune
|-boost|p1a: Suicune|spa|1
|-boost|p1a: Suicune|spd|1
|
|-weather|Sandstorm|[upkeep]
|-damage|p2a: Rotom-Wash|247\/304|[from] sandstorm
|-damage|p1a: Suicune|247\/404|[from] sandstorm
|-heal|p2a: Rotom-Wash|266\/304|[from] item: Leftovers
|-heal|p1a: Suicune|272\/404|[from] item: Leftovers
|turn|15
|
|move|p2a: Rotom-Wash|Volt Switch|p1a: Suicune
|-supereffective|p1a: Suicune
|-damage|p1a: Suicune|164\/404
|
|switch|p2a: Excadrill|Excadrill, F|306\/362
|-damage|p2a: Excadrill|295\/362|[from] Stealth Rock
|-damage|p2a: Excadrill|250\/362|[from] Spikes
|-ability|p2a: Excadrill|Mold Breaker
|move|p1a: Suicune|Rest|p1a: Suicune
|-status|p1a: Suicune|slp
|-heal|p1a: Suicune|404\/404 slp|[silent]
|-status|p1a: Suicune|slp|[from] move: Rest
|
|-weather|Sandstorm|[upkeep]
|-damage|p1a: Suicune|379\/404 slp|[from] sandstorm
|-heal|p1a: Suicune|404\/404 slp|[from] item: Leftovers
|turn|16
|
|move|p2a: Excadrill|Earthquake|p1a: Suicune
|-damage|p1a: Suicune|265\/404 slp
|cant|p1a: Suicune|slp
|move|p1a: Suicune|Sleep Talk|p1a: Suicune
|move|p1a: Suicune|Calm Mind|p1a: Suicune|[from]Sleep Talk
|-boost|p1a: Suicune|spa|1
|-boost|p1a: Suicune|spd|1
|
|-weather|none
|-heal|p1a: Suicune|290\/404 slp|[from] item: Leftovers
|turn|17
|
|move|p2a: Excadrill|Earthquake|p1a: Suicune
|-damage|p1a: Suicune|149\/404 slp
|cant|p1a: Suicune|slp
|move|p1a: Suicune|Sleep Talk|p1a: Suicune
|move|p1a: Suicune|Calm Mind|p1a: Suicune|[from]Sleep Talk
|-boost|p1a: Suicune|spa|1
|-boost|p1a: Suicune|spd|1
|
|-heal|p1a: Suicune|174\/404 slp|[from] item: Leftovers
|turn|18
|
|switch|p2a: Gardevoir|Gardevoir, F, shiny|277\/277
|-damage|p2a: Gardevoir|243\/277|[from] Stealth Rock
|-damage|p2a: Gardevoir|209\/277|[from] Spikes
|-ability|p2a: Gardevoir|Pressure|[from] ability: Trace|[of] p1a: Suicune
|-ability|p2a: Gardevoir|Pressure
|-curestatus|p1a: Suicune|slp
|move|p1a: Suicune|Rest|p1a: Suicune
|-status|p1a: Suicune|slp
|-heal|p1a: Suicune|404\/404 slp|[silent]
|-status|p1a: Suicune|slp|[from] move: Rest
|
|turn|19
|
|move|p2a: Gardevoir|Trick|p1a: Suicune
|-activate|p2a: Gardevoir|move: Trick|[of] p1a: Suicune
|-item|p1a: Suicune|Choice Scarf|[from] move: Trick
|-item|p2a: Gardevoir|Leftovers|[from] move: Trick
|cant|p1a: Suicune|slp
|move|p1a: Suicune|Sleep Talk|p1a: Suicune
|move|p1a: Suicune|Rest|p1a: Suicune|[from]Sleep Talk
|-fail|p1a: Suicune
|
|-heal|p2a: Gardevoir|226\/277|[from] item: Leftovers
|turn|20
|
|switch|p2a: Swampert|Swampert, M|189\/404
|-damage|p2a: Swampert|164\/404|[from] Stealth Rock
|-damage|p2a: Swampert|114\/404|[from] Spikes
|cant|p1a: Suicune|slp
|move|p1a: Suicune|Sleep Talk|p1a: Suicune
|move|p1a: Suicune|Calm Mind|p1a: Suicune|[from]Sleep Talk
|-boost|p1a: Suicune|spa|1
|-boost|p1a: Suicune|spd|1
|
|-heal|p2a: Swampert|139\/404|[from] item: Leftovers
|turn|21
|
|switch|p1a: Ferrothorn|Ferrothorn, F|168\/352
|-damage|p1a: Ferrothorn|146\/352|[from] Stealth Rock
|move|p2a: Swampert|Scald|p1a: Ferrothorn
|-resisted|p1a: Ferrothorn
|-damage|p1a: Ferrothorn|117\/352
|-status|p1a: Ferrothorn|brn
|
|-heal|p2a: Swampert|164\/404|[from] item: Leftovers
|-heal|p1a: Ferrothorn|139\/352 brn|[from] item: Leftovers
|-damage|p1a: Ferrothorn|95\/352 brn|[from] brn
|turn|22
|
|move|p1a: Ferrothorn|Leech Seed|p2a: Swampert
|-start|p2a: Swampert|move: Leech Seed
|move|p2a: Swampert|Roar|p1a: Ferrothorn
|drag|p1a: Excadrill|Excadrill, M|362\/362
|-damage|p1a: Excadrill|351\/362|[from] Stealth Rock
|-ability|p1a: Excadrill|Mold Breaker
|
|-heal|p2a: Swampert|189\/404|[from] item: Leftovers
|-damage|p2a: Swampert|139\/404|[from] Leech Seed|[of] p1a: Excadrill
|-heal|p1a: Excadrill|362\/362|[silent]
|turn|23
|
|move|p1a: Excadrill|Earthquake|p2a: Swampert
|-damage|p2a: Swampert|0 fnt
|faint|p2a: Swampert
|
|
|switch|p2a: Tyranitar|Tyranitar, M|246\/404
|-damage|p2a: Tyranitar|196\/404|[from] Spikes
|-damage|p2a: Tyranitar|146\/404|[from] Stealth Rock
|-weather|Sandstorm
|turn|24
|
|move|p1a: Excadrill|Earthquake|p2a: Tyranitar
|-supereffective|p2a: Tyranitar
|-damage|p2a: Tyranitar|0 fnt
|faint|p2a: Tyranitar
|
|-weather|Sandstorm|[upkeep]
|
|switch|p2a: Excadrill|Excadrill, F|250\/362
|-damage|p2a: Excadrill|205\/362|[from] Spikes
|-damage|p2a: Excadrill|194\/362|[from] Stealth Rock
|-ability|p2a: Excadrill|Mold Breaker
|turn|25
|
|switch|p1a: Landorus-Therian|Landorus-Therian, M|358\/382
|-damage|p1a: Landorus-Therian|311\/382|[from] Stealth Rock
|-ability|p1a: Landorus-Therian|Intimidate|[of] p2a: Excadrill
|-unboost|p2a: Excadrill|atk|1
|move|p2a: Excadrill|Iron Head|p1a: Landorus-Therian
|-damage|p1a: Landorus-Therian|223\/382
|
|-weather|Sandstorm|[upkeep]
|-heal|p1a: Landorus-Therian|246\/382|[from] item: Leftovers
|turn|26
|
|move|p2a: Excadrill|Iron Head|p1a: Landorus-Therian
|-damage|p1a: Landorus-Therian|165\/382
|move|p1a: Landorus-Therian|U-turn|p2a: Excadrill
|-resisted|p2a: Excadrill
|-damage|p2a: Excadrill|139\/362
|
|switch|p1a: Excadrill|Excadrill, M|362\/362
|-damage|p1a: Excadrill|351\/362|[from] Stealth Rock
|-ability|p1a: Excadrill|Mold Breaker
|
|-weather|Sandstorm|[upkeep]
|turn|27
|
|switch|p2a: Gardevoir|Gardevoir, F, shiny|226\/277
|-damage|p2a: Gardevoir|192\/277|[from] Spikes
|-damage|p2a: Gardevoir|158\/277|[from] Stealth Rock
|-ability|p2a: Gardevoir|Mold Breaker|[from] ability: Trace|[of] p1a: Excadrill
|-ability|p2a: Gardevoir|Mold Breaker
|move|p1a: Excadrill|Earthquake|p2a: Gardevoir
|-damage|p2a: Gardevoir|0 fnt
|faint|p2a: Gardevoir
|
|-weather|Sandstorm|[upkeep]
|
|switch|p2a: Excadrill|Excadrill, F|139\/362
|-damage|p2a: Excadrill|94\/362|[from] Spikes
|-damage|p2a: Excadrill|83\/362|[from] Stealth Rock
|-ability|p2a: Excadrill|Mold Breaker
|turn|28
|
|switch|p1a: Landorus-Therian|Landorus-Therian, M|165\/382
|-damage|p1a: Landorus-Therian|118\/382|[from] Stealth Rock
|-ability|p1a: Landorus-Therian|Intimidate|[of] p2a: Excadrill
|-unboost|p2a: Excadrill|atk|1
|move|p2a: Excadrill|Earthquake|p1a: Landorus-Therian
|-immune|p1a: Landorus-Therian|[msg]
|
|-weather|none
|-heal|p1a: Landorus-Therian|141\/382|[from] item: Leftovers
|turn|29
|-message|Bill1218 forfeited.
|
|win|Edhelnaur
|raw|Ladder updating...
|leave|Bill1218
|player|p2
|raw|Edhelnaur's rating: 1366 &rarr; <strong>1385<\/strong><br \/>(+19 for winning)
|raw|Bill1218's rating: 1354 &rarr; <strong>1334<\/strong><br \/>(-20 for losing)