|join|Bill1218
|join|Omega Yui Itsuki
|player|p1|Bill1218|1
|player|p2|Omega Yui Itsuki|249
|gametype|singles
|gen|6
|tier|OU
|rated
|clearpoke
|poke|p1|Espeon, F
|poke|p1|Smeargle, F
|poke|p1|Jirachi
|poke|p1|Cottonee, M
|poke|p1|Whimsicott, M
|poke|p1|Azelf
|poke|p2|Machamp, M
|poke|p2|Alakazam, F
|poke|p2|Gengar, M
|poke|p2|Talonflame, F
|poke|p2|Ferrothorn, F
|poke|p2|Blissey, F
|rule|Swagger Clause: Swagger is banned
|rule|Baton Pass Clause: Limit one Pokémon knowing Baton Pass
|rule|Sleep Clause Mod: Limit one foe put to sleep
|rule|Species Clause: Limit one of each Pokémon
|rule|OHKO Clause: OHKO moves are banned
|rule|Moody Clause: Moody is banned
|rule|Evasion Moves Clause: Evasion moves are banned
|rule|Endless Battle Clause: Forcing endless battles is banned
|rule|HP Percentage Mod: HP is shown in percentages
|teampreview
|
|start
|switch|p1a: Cottonee|Cottonee, M|284\/284
|switch|p2a: Gengar|Gengar, M|261\/261
|turn|1
|
|move|p1a: Cottonee|Stun Spore|p2a: Gengar|[miss]
|-miss|p1a: Cottonee|p2a: Gengar
|move|p2a: Gengar|Sludge Bomb|p1a: Cottonee
|-supereffective|p1a: Cottonee
|-enditem|p1a: Cottonee|Focus Sash
|-damage|p1a: Cottonee|1\/284
|
|turn|2
|
|switch|p2a: Ferrothorn|Ferrothorn, F|332\/332
|move|p1a: Cottonee|Memento|p2a: Ferrothorn
|-unboost|p2a: Ferrothorn|atk|2
|-unboost|p2a: Ferrothorn|spa|2
|faint|p1a: Cottonee
|
|
|switch|p1a: Azelf|Azelf|354\/354
|turn|3
|
|move|p1a: Azelf|Reflect|p1a: Azelf
|-sidestart|p1: Bill1218|Reflect
|move|p2a: Ferrothorn|Stealth Rock|p1a: Azelf
|-sidestart|p1: Bill1218|move: Stealth Rock
|
|turn|4
|
|move|p1a: Azelf|Light Screen|p1a: Azelf
|-sidestart|p1: Bill1218|move: Light Screen
|move|p2a: Ferrothorn|Spikes|p1a: Azelf
|-sidestart|p1: Bill1218|Spikes
|
|turn|5
|
|move|p1a: Azelf|Thunder Wave|p2a: Ferrothorn
|-status|p2a: Ferrothorn|par
|move|p2a: Ferrothorn|Leech Seed|p1a: Azelf
|-start|p1a: Azelf|move: Leech Seed
|
|-damage|p1a: Azelf|310\/354|[from] Leech Seed|[of] p2a: Ferrothorn
|turn|6
|
|move|p1a: Azelf|Explosion|p2a: Ferrothorn
|-resisted|p2a: Ferrothorn
|-damage|p2a: Ferrothorn|247\/332 par
|faint|p1a: Azelf
|move|p2a: Ferrothorn|Spikes|p1: Azelf
|-sidestart|p1: Bill1218|Spikes
|
|-heal|p2a: Ferrothorn|267\/332 par|[from] item: Leftovers
|
|switch|p1a: Smeargle|Smeargle, F|295\/295
|-damage|p1a: Smeargle|259\/295|[from] Stealth Rock
|-damage|p1a: Smeargle|210\/295|[from] Spikes
|turn|7
|
|move|p1a: Smeargle|Geomancy|p1a: Smeargle|[still]
|-prepare|p1a: Smeargle|Geomancy|p1a: Smeargle
|-enditem|p1a: Smeargle|Power Herb
|-anim|p1a: Smeargle|Geomancy|p1a: Smeargle
|-boost|p1a: Smeargle|spa|2
|-boost|p1a: Smeargle|spd|2
|-boost|p1a: Smeargle|spe|2
|move|p2a: Ferrothorn|Gyro Ball|p1a: Smeargle
|-damage|p1a: Smeargle|149\/295
|
|-heal|p2a: Ferrothorn|287\/332 par|[from] item: Leftovers
|turn|8
|join|kljjlkjlkjjlk
|
|switch|p2a: Gengar|Gengar, M|261\/261
|move|p1a: Smeargle|Cotton Guard|p1a: Smeargle
|-boost|p1a: Smeargle|def|3
|
|turn|9
|
|move|p1a: Smeargle|Spore|p2a: Gengar
|-status|p2a: Gengar|slp
|cant|p2a: Gengar|slp
|
|turn|10
|
|switch|p2a: Blissey|Blissey, F|680\/680
|move|p1a: Smeargle|Baton Pass|p1a: Smeargle
|
|switch|p1a: Espeon|Espeon, F|300\/300
|-damage|p1a: Espeon|250\/300|[from] Spikes
|-damage|p1a: Espeon|213\/300|[from] Stealth Rock
|
|-sideend|p1: Bill1218|Reflect
|turn|11
|
|move|p1a: Espeon|Stored Power|p2a: Blissey
|-damage|p2a: Blissey|127\/680
|move|p2a: Blissey|Heal Bell|p2a: Blissey
|-cureteam|p2a: Blissey|[from] move: HealBell
|
|-sideend|p1: Bill1218|move: Light Screen
|turn|12
|
|move|p1a: Espeon|Stored Power|p2a: Blissey
|-crit|p2a: Blissey
|-damage|p2a: Blissey|0 fnt
|faint|p2a: Blissey
|
|
|switch|p2a: Gengar|Gengar, M|261\/261
|turn|13
|
|move|p1a: Espeon|Stored Power|p2a: Gengar
|-crit|p2a: Gengar
|-supereffective|p2a: Gengar
|-enditem|p2a: Gengar|Focus Sash
|-damage|p2a: Gengar|1\/261
|move|p2a: Gengar|Haze|p2a: Gengar
|-clearallboost
|
|turn|14
|
|move|p2a: Gengar|Shadow Ball|p1a: Espeon
|-supereffective|p1a: Espeon
|-damage|p1a: Espeon|0 fnt
|faint|p1a: Espeon
|
|
|switch|p1a: Whimsicott|Whimsicott, M|324\/324
|-damage|p1a: Whimsicott|270\/324|[from] Spikes
|-damage|p1a: Whimsicott|230\/324|[from] Stealth Rock
|turn|15
|-message|Bill1218 forfeited.
|
|win|Omega Yui Itsuki
|raw|Ladder updating...
|raw|Bill1218's rating: 1279 &rarr; <strong>1256<\/strong><br \/>(-23 for losing)
|raw|Omega Yui Itsuki's rating: 1303 &rarr; <strong>1322<\/strong><br \/>(+19 for winning)
|leave|Bill1218
|player|p1
|leave|kljjlkjlkjjlk