|join|cesirri
|join|Shizou
|player|p1|cesirri|265
|player|p2|Shizou|283
|gametype|singles
|gen|6
|tier|OU
|rated
|clearpoke
|poke|p1|Gengar, M
|poke|p1|Dragonite, F
|poke|p1|Espeon, F
|poke|p1|Umbreon, F
|poke|p1|Salamence, F
|poke|p1|Ninetales, M
|poke|p2|Greninja, F
|poke|p2|Azumarill, M
|poke|p2|Mamoswine, M
|poke|p2|Venusaur, M
|poke|p2|Aegislash, F
|poke|p2|Excadrill, F
|rule|Swagger Clause: Swagger is banned
|rule|Baton Pass Clause: Limit one Pokémon knowing Baton Pass
|rule|Sleep Clause Mod: Limit one foe put to sleep
|rule|Species Clause: Limit one of each Pokémon
|rule|OHKO Clause: OHKO moves are banned
|rule|Moody Clause: Moody is banned
|rule|Evasion Moves Clause: Evasion moves are banned
|rule|Endless Battle Clause: Forcing endless battles is banned
|rule|HP Percentage Mod: HP is reported as percentages
|teampreview
|
|start
|switch|p1a: Finally Red|Espeon, F|272\/272
|switch|p2a: Mamoswine|Mamoswine, M|361\/361
|turn|1
|
|switch|p2a: Aegislash|Aegislash, F|324\/324
|move|p1a: Finally Red|Grass Knot|p2a: Aegislash
|-crit|p2a: Aegislash
|-resisted|p2a: Aegislash
|-damage|p2a: Aegislash|275\/324
|
|-heal|p2a: Aegislash|295\/324|[from] item: Leftovers
|turn|2
|
|-formechange|p2a: Aegislash|Aegislash-Blade
|move|p2a: Aegislash|Pursuit|p1a: Finally Red|[from]Pursuit
|-crit|p1a: Finally Red
|-supereffective|p1a: Finally Red
|-damage|p1a: Finally Red|0 fnt
|faint|p1a: Finally Red
|
|-heal|p2a: Aegislash|315\/324|[from] item: Leftovers
|
|switch|p1a: Shadow Clafeary|Gengar, M|262\/262
|turn|3
|
|switch|p2a: Excadrill|Excadrill, F|362\/362
|-ability|p2a: Excadrill|Mold Breaker
|move|p1a: Shadow Clafeary|Trick|p2a: Excadrill
|-activate|p1a: Shadow Clafeary|move: Trick|[of] p2a: Excadrill
|-item|p2a: Excadrill|Choice Specs|[from] move: Trick
|-item|p1a: Shadow Clafeary|Choice Scarf|[from] move: Trick
|
|turn|4
|
|move|p1a: Shadow Clafeary|Focus Blast|p2a: Excadrill
|-supereffective|p2a: Excadrill
|-damage|p2a: Excadrill|0 fnt
|faint|p2a: Excadrill
|
|
|switch|p2a: Aegislash|Aegislash, F|315\/324
|turn|5
|chat|cesirri|you got me mother fucker
|
|move|p1a: Shadow Clafeary|Focus Blast|p2a: Aegislash
|-immune|p2a: Aegislash|[msg]
|-formechange|p2a: Aegislash|Aegislash-Blade
|move|p2a: Aegislash|Pursuit|p1a: Shadow Clafeary
|-supereffective|p1a: Shadow Clafeary
|-damage|p1a: Shadow Clafeary|128\/262
|
|-heal|p2a: Aegislash|324\/324|[from] item: Leftovers
|turn|6
|
|move|p2a: Aegislash|Pursuit|p1a: Shadow Clafeary|[from]Pursuit
|-supereffective|p1a: Shadow Clafeary
|-damage|p1a: Shadow Clafeary|0 fnt
|faint|p1a: Shadow Clafeary
|
|chat|Shizou|lol
|
|switch|p1a: Ninetales|Ninetales, M|288\/288
|-weather|SunnyDay
|-item|p1a: Ninetales|Air Balloon
|turn|7
|
|-formechange|p2a: Aegislash|Aegislash
|move|p2a: Aegislash|King's Shield|p2a: Aegislash
|-singleturn|p2a: Aegislash|Protect
|move|p1a: Ninetales|Nasty Plot|p1a: Ninetales
|-boost|p1a: Ninetales|spa|2
|
|-weather|SunnyDay|[upkeep]
|turn|8
|
|move|p1a: Ninetales|Fire Blast|p2a: Aegislash|[miss]
|-miss|p1a: Ninetales|p2a: Aegislash
|-formechange|p2a: Aegislash|Aegislash-Blade
|move|p2a: Aegislash|Shadow Ball|p1a: Ninetales
|-damage|p1a: Ninetales|98\/288
|-enditem|p1a: Ninetales|Air Balloon
|-unboost|p1a: Ninetales|spd|1
|
|-weather|SunnyDay|[upkeep]
|turn|9
|
|move|p1a: Ninetales|Will-O-Wisp|p2a: Aegislash
|-status|p2a: Aegislash|brn
|move|p2a: Aegislash|Shadow Ball|p1a: Ninetales
|-damage|p1a: Ninetales|0 fnt
|faint|p1a: Ninetales
|
|-weather|SunnyDay|[upkeep]
|-damage|p2a: Aegislash|284\/324 brn|[from] brn
|leave|cesirri
|player|p1
|-message|cesirri lost due to inactivity.
|
|win|Shizou
|raw|Ladder updating...
|raw|cesirri's rating: 1559 &rarr; <strong>1539<\/strong><br \/>(-20 for losing)
|raw|Shizou's rating: 1546 &rarr; <strong>1567<\/strong><br \/>(+21 for winning)