|join|Shizou
|join|305f
|player|p1|Shizou|283
|player|p2|305f|165
|gametype|singles
|gen|6
|tier|OU
|rated
|clearpoke
|poke|p1|Charizard, M
|poke|p1|Terrakion
|poke|p1|Skarmory, F
|poke|p1|Azumarill, M
|poke|p1|Thundurus, M
|poke|p1|Aegislash, F
|poke|p2|Chansey, F
|poke|p2|Rotom-Wash
|poke|p2|Heatran, F
|poke|p2|Gardevoir, M
|poke|p2|Bisharp, F
|poke|p2|Gyarados, M
|rule|Swagger Clause: Swagger is banned
|rule|Baton Pass Clause: Limit one Pokémon knowing Baton Pass
|rule|Sleep Clause Mod: Limit one foe put to sleep
|rule|Species Clause: Limit one of each Pokémon
|rule|OHKO Clause: OHKO moves are banned
|rule|Moody Clause: Moody is banned
|rule|Evasion Moves Clause: Evasion moves are banned
|rule|Endless Battle Clause: Forcing endless battles is banned
|rule|HP Percentage Mod: HP is reported as percentages
|teampreview
|
|start
|switch|p1a: Thundurus|Thundurus, M|300\/300
|switch|p2a: Rotom-Wash|Rotom-Wash|241\/241
|turn|1
|
|move|p2a: Rotom-Wash|Volt Switch|p1a: Thundurus
|-damage|p1a: Thundurus|170\/300
|
|switch|p2a: Chansey|Chansey, F|704\/704
|move|p1a: Thundurus|Thunderbolt|p2a: Chansey
|-damage|p2a: Chansey|568\/704
|-damage|p1a: Thundurus|140\/300|[from] item: Life Orb
|
|turn|2
|
|switch|p1a: Skarmory|Skarmory, F|334\/334
|move|p2a: Chansey|Toxic|p1a: Skarmory
|-fail|p1a: Skarmory
|
|turn|3
|
|switch|p1a: Terrakion|Terrakion|323\/323
|switch|p2a: Heatran|Heatran, F|386\/386
|
|turn|4
|
|switch|p2a: Rotom-Wash|Rotom-Wash|241\/241
|move|p1a: Terrakion|Taunt|p2a: Rotom-Wash
|-start|p2a: Rotom-Wash|move: Taunt
|
|turn|5
|
|move|p2a: Rotom-Wash|Hydro Pump|p1a: Terrakion
|-supereffective|p1a: Terrakion
|-enditem|p1a: Terrakion|Focus Sash
|-damage|p1a: Terrakion|1\/323
|move|p1a: Terrakion|Stealth Rock|p2a: Rotom-Wash
|-sidestart|p2: 305f|move: Stealth Rock
|
|turn|6
|
|switch|p1a: Azumarill|Azumarill, M|404\/404
|move|p2a: Rotom-Wash|Hydro Pump|p1a: Azumarill|[miss]
|-miss|p2a: Rotom-Wash|p1a: Azumarill
|
|turn|7
|
|switch|p2a: Gyarados|Gyarados, M|332\/332
|-damage|p2a: Gyarados|249\/332|[from] Stealth Rock
|-ability|p2a: Gyarados|Intimidate|[of] p1a: Azumarill
|-unboost|p1a: Azumarill|atk|1
|move|p1a: Azumarill|Knock Off|p2a: Gyarados
|-damage|p2a: Gyarados|168\/332
|
|turn|8
|
|move|p2a: Gyarados|Dragon Dance|p2a: Gyarados
|-boost|p2a: Gyarados|atk|1
|-boost|p2a: Gyarados|spe|1
|move|p1a: Azumarill|Play Rough|p2a: Gyarados
|-damage|p2a: Gyarados|9\/332
|
|turn|9
|
|detailschange|p2a: Gyarados|Gyarados-Mega, M
|message|Gyarados has Mega Evolved into Mega Gyarados!
|-ability|p2a: Gyarados|Mold Breaker
|move|p1a: Azumarill|Aqua Jet|p2a: Gyarados
|-resisted|p2a: Gyarados
|-damage|p2a: Gyarados|0 fnt
|faint|p2a: Gyarados
|
|
|switch|p2a: Rotom-Wash|Rotom-Wash|241\/241
|-damage|p2a: Rotom-Wash|211\/241|[from] Stealth Rock
|turn|10
|
|move|p2a: Rotom-Wash|Volt Switch|p1a: Azumarill
|-supereffective|p1a: Azumarill
|-damage|p1a: Azumarill|218\/404
|
|switch|p2a: Bisharp|Bisharp, F|334\/334
|-damage|p2a: Bisharp|314\/334|[from] Stealth Rock
|move|p1a: Azumarill|Knock Off|p2a: Bisharp
|-resisted|p2a: Bisharp
|-damage|p2a: Bisharp|270\/334
|-enditem|p2a: Bisharp|Focus Sash|[from] move: Knock Off|[of] p1a: Azumarill
|
|turn|11
|
|switch|p1a: Skarmory|Skarmory, F|334\/334
|move|p2a: Bisharp|Iron Head|p1a: Skarmory
|-crit|p1a: Skarmory
|-resisted|p1a: Skarmory
|-damage|p1a: Skarmory|273\/334
|
|-heal|p1a: Skarmory|293\/334|[from] item: Leftovers
|turn|12
|
|move|p2a: Bisharp|Knock Off|p1a: Skarmory
|-damage|p1a: Skarmory|188\/334
|-enditem|p1a: Skarmory|Leftovers|[from] move: Knock Off|[of] p2a: Bisharp
|move|p1a: Skarmory|Whirlwind|p2a: Bisharp
|drag|p2a: Heatran|Heatran, F|386\/386
|-damage|p2a: Heatran|338\/386|[from] Stealth Rock
|
|-heal|p2a: Heatran|362\/386|[from] item: Leftovers
|turn|13
|
|move|p2a: Heatran|Will-O-Wisp|p1a: Skarmory
|-status|p1a: Skarmory|brn
|move|p1a: Skarmory|Whirlwind|p2a: Heatran
|drag|p2a: Gardevoir|Gardevoir, M|278\/278
|-damage|p2a: Gardevoir|244\/278|[from] Stealth Rock
|-ability|p2a: Gardevoir|Sturdy|[from] ability: Trace|[of] p1a: Skarmory
|
|-damage|p1a: Skarmory|147\/334 brn|[from] brn
|turn|14
|
|move|p2a: Gardevoir|Focus Blast|p1a: Skarmory
|-damage|p1a: Skarmory|0 fnt
|faint|p1a: Skarmory
|
|
|switch|p1a: Aegislash|Aegislash, F|311\/311
|turn|15
|
|switch|p2a: Heatran|Heatran, F|362\/386
|-damage|p2a: Heatran|314\/386|[from] Stealth Rock
|move|p1a: Aegislash|Substitute|p1a: Aegislash
|-start|p1a: Aegislash|Substitute
|-damage|p1a: Aegislash|234\/311
|
|-heal|p2a: Heatran|338\/386|[from] item: Leftovers
|-heal|p1a: Aegislash|253\/311|[from] item: Leftovers
|turn|16
|
|move|p2a: Heatran|Lava Plume|p1a: Aegislash
|-supereffective|p1a: Aegislash
|-end|p1a: Aegislash|Substitute
|-formechange|p1a: Aegislash|Aegislash-Blade
|move|p1a: Aegislash|Shadow Ball|p2a: Heatran
|-damage|p2a: Heatran|166\/386
|
|-heal|p2a: Heatran|190\/386|[from] item: Leftovers
|-heal|p1a: Aegislash|272\/311|[from] item: Leftovers
|turn|17
|
|-formechange|p1a: Aegislash|Aegislash
|move|p1a: Aegislash|King's Shield|p1a: Aegislash
|-singleturn|p1a: Aegislash|Protect
|move|p2a: Heatran|Lava Plume|p1a: Aegislash
|-activate|p1a: Aegislash|Protect
|
|-heal|p2a: Heatran|214\/386|[from] item: Leftovers
|-heal|p1a: Aegislash|291\/311|[from] item: Leftovers
|turn|18
|
|move|p2a: Heatran|Lava Plume|p1a: Aegislash
|-supereffective|p1a: Aegislash
|-damage|p1a: Aegislash|87\/311
|-formechange|p1a: Aegislash|Aegislash-Blade
|move|p1a: Aegislash|Shadow Ball|p2a: Heatran
|-damage|p2a: Heatran|55\/386
|
|-heal|p2a: Heatran|79\/386|[from] item: Leftovers
|-heal|p1a: Aegislash|106\/311|[from] item: Leftovers
|turn|19
|
|switch|p1a: Azumarill|Azumarill, M|218\/404
|move|p2a: Heatran|Will-O-Wisp|p1a: Azumarill
|-status|p1a: Azumarill|brn
|
|-heal|p2a: Heatran|103\/386|[from] item: Leftovers
|-damage|p1a: Azumarill|168\/404 brn|[from] brn
|turn|20
|
|switch|p2a: Rotom-Wash|Rotom-Wash|211\/241
|-damage|p2a: Rotom-Wash|181\/241|[from] Stealth Rock
|move|p1a: Azumarill|Knock Off|p2a: Rotom-Wash
|-damage|p2a: Rotom-Wash|116\/241
|-enditem|p2a: Rotom-Wash|Choice Scarf|[from] move: Knock Off|[of] p1a: Azumarill
|
|-damage|p1a: Azumarill|118\/404 brn|[from] brn
|turn|21
|
|move|p1a: Azumarill|Aqua Jet|p2a: Rotom-Wash
|-resisted|p2a: Rotom-Wash
|-damage|p2a: Rotom-Wash|97\/241
|move|p2a: Rotom-Wash|Volt Switch|p1a: Azumarill
|-supereffective|p1a: Azumarill
|-damage|p1a: Azumarill|0 fnt
|faint|p1a: Azumarill
|
|switch|p2a: Bisharp|Bisharp, F|270\/334
|-damage|p2a: Bisharp|250\/334|[from] Stealth Rock
|
|
|switch|p1a: Charizard|Charizard, M|298\/298
|turn|22
|
|switch|p2a: Heatran|Heatran, F|103\/386
|-damage|p2a: Heatran|55\/386|[from] Stealth Rock
|detailschange|p1a: Charizard|Charizard-Mega-X, M
|message|Charizard has Mega Evolved into Mega Charizard!
|move|p1a: Charizard|Dragon Claw|p2a: Heatran
|-resisted|p2a: Heatran
|-damage|p2a: Heatran|0 fnt
|faint|p2a: Heatran
|
|
|switch|p2a: Chansey|Chansey, F|568\/704
|-damage|p2a: Chansey|480\/704|[from] Stealth Rock
|turn|23
|
|switch|p1a: Aegislash|Aegislash, F|106\/311
|move|p2a: Chansey|Toxic|p1a: Aegislash
|-fail|p1a: Aegislash
|
|-heal|p1a: Aegislash|125\/311|[from] item: Leftovers
|turn|24
|
|-formechange|p1a: Aegislash|Aegislash-Blade
|move|p1a: Aegislash|Flash Cannon|p2a: Chansey
|-damage|p2a: Chansey|374\/704
|-unboost|p2a: Chansey|spd|1
|move|p2a: Chansey|Soft-Boiled|p2a: Chansey
|-heal|p2a: Chansey|704\/704
|
|-heal|p1a: Aegislash|144\/311|[from] item: Leftovers
|turn|25
|
|switch|p2a: Bisharp|Bisharp, F|250\/334
|-damage|p2a: Bisharp|230\/334|[from] Stealth Rock
|move|p1a: Aegislash|Substitute|p1a: Aegislash
|-start|p1a: Aegislash|Substitute
|-damage|p1a: Aegislash|67\/311
|
|-heal|p1a: Aegislash|86\/311|[from] item: Leftovers
|turn|26
|
|move|p2a: Bisharp|Swords Dance|p2a: Bisharp
|-boost|p2a: Bisharp|atk|2
|move|p1a: Aegislash|Shadow Ball|p2a: Bisharp
|-resisted|p2a: Bisharp
|-damage|p2a: Bisharp|110\/334
|
|-heal|p1a: Aegislash|105\/311|[from] item: Leftovers
|turn|27
|
|move|p2a: Bisharp|Knock Off|p1a: Aegislash
|-supereffective|p1a: Aegislash
|-end|p1a: Aegislash|Substitute
|move|p1a: Aegislash|Flash Cannon|p2a: Bisharp
|-resisted|p2a: Bisharp
|-damage|p2a: Bisharp|1\/334
|
|-heal|p1a: Aegislash|124\/311|[from] item: Leftovers
|turn|28
|
|-formechange|p1a: Aegislash|Aegislash
|move|p1a: Aegislash|King's Shield|p1a: Aegislash
|-singleturn|p1a: Aegislash|Protect
|move|p2a: Bisharp|Knock Off|p1a: Aegislash
|-activate|p1a: Aegislash|Protect
|-unboost|p2a: Bisharp|atk|2
|-boost|p2a: Bisharp|atk|2|[from] ability: Defiant
|
|-heal|p1a: Aegislash|143\/311|[from] item: Leftovers
|turn|29
|
|switch|p1a: Terrakion|Terrakion|1\/323
|move|p2a: Bisharp|Knock Off|p1a: Terrakion
|-crit|p1a: Terrakion
|-resisted|p1a: Terrakion
|-damage|p1a: Terrakion|0 fnt
|faint|p1a: Terrakion
|
|
|switch|p1a: Charizard|Charizard-Mega-X, M|298\/298
|turn|30
|
|move|p2a: Bisharp|Sucker Punch|p1a: Charizard
|-damage|p1a: Charizard|13\/298
|move|p1a: Charizard|Flare Blitz|p2a: Bisharp
|-supereffective|p2a: Bisharp
|-damage|p2a: Bisharp|0 fnt
|-damage|p1a: Charizard|12\/298|[from] recoil|[of] p2a: Bisharp
|faint|p2a: Bisharp
|
|
|switch|p2a: Gardevoir|Gardevoir, M|244\/278
|-damage|p2a: Gardevoir|210\/278|[from] Stealth Rock
|-ability|p2a: Gardevoir|Tough Claws|[from] ability: Trace|[of] p1a: Charizard
|turn|31
|
|move|p2a: Gardevoir|Moonblast|p1a: Charizard
|-damage|p1a: Charizard|0 fnt
|faint|p1a: Charizard
|
|
|switch|p1a: Aegislash|Aegislash, F|143\/311
|turn|32
|
|switch|p2a: Rotom-Wash|Rotom-Wash|97\/241
|-damage|p2a: Rotom-Wash|67\/241|[from] Stealth Rock
|move|p1a: Aegislash|Substitute|p1a: Aegislash
|-start|p1a: Aegislash|Substitute
|-damage|p1a: Aegislash|66\/311
|
|-heal|p1a: Aegislash|85\/311|[from] item: Leftovers
|turn|33
|
|move|p1a: Aegislash|King's Shield|p1a: Aegislash
|-singleturn|p1a: Aegislash|Protect
|move|p2a: Rotom-Wash|Hydro Pump|p1a: Aegislash
|-activate|p1a: Aegislash|Protect
|
|-heal|p1a: Aegislash|104\/311|[from] item: Leftovers
|turn|34
|
|move|p2a: Rotom-Wash|Hydro Pump|p1a: Aegislash|[miss]
|-miss|p2a: Rotom-Wash|p1a: Aegislash
|-formechange|p1a: Aegislash|Aegislash-Blade
|move|p1a: Aegislash|Shadow Ball|p2a: Rotom-Wash
|-damage|p2a: Rotom-Wash|0 fnt
|faint|p2a: Rotom-Wash
|
|-heal|p1a: Aegislash|123\/311|[from] item: Leftovers
|
|switch|p2a: Gardevoir|Gardevoir, M|210\/278
|-damage|p2a: Gardevoir|176\/278|[from] Stealth Rock
|turn|35
|
|-formechange|p1a: Aegislash|Aegislash
|move|p1a: Aegislash|King's Shield|p1a: Aegislash
|-singleturn|p1a: Aegislash|Protect
|move|p2a: Gardevoir|Moonblast|p1a: Aegislash
|-activate|p1a: Aegislash|Protect
|
|-heal|p1a: Aegislash|142\/311|[from] item: Leftovers
|turn|36
|
|move|p2a: Gardevoir|Moonblast|p1a: Aegislash
|-resisted|p1a: Aegislash
|-activate|p1a: Aegislash|Substitute|[damage]
|-formechange|p1a: Aegislash|Aegislash-Blade
|move|p1a: Aegislash|Flash Cannon|p2a: Gardevoir
|-supereffective|p2a: Gardevoir
|-damage|p2a: Gardevoir|0 fnt
|faint|p2a: Gardevoir
|
|-heal|p1a: Aegislash|161\/311|[from] item: Leftovers
|chat|305f|gg
|chat|Shizou|gg
|
|switch|p2a: Chansey|Chansey, F|704\/704
|-damage|p2a: Chansey|616\/704|[from] Stealth Rock
|turn|37
|
|move|p1a: Aegislash|Flash Cannon|p2a: Chansey
|-damage|p2a: Chansey|496\/704
|-unboost|p2a: Chansey|spd|1
|move|p2a: Chansey|Aromatherapy|p2a: Chansey
|-cureteam|p2a: Chansey|[from] move: Aromatherapy
|
|-heal|p1a: Aegislash|180\/311|[from] item: Leftovers
|turn|38
|
|move|p1a: Aegislash|Flash Cannon|p2a: Chansey
|-damage|p2a: Chansey|340\/704
|move|p2a: Chansey|Soft-Boiled|p2a: Chansey
|-heal|p2a: Chansey|692\/704
|
|-heal|p1a: Aegislash|199\/311|[from] item: Leftovers
|turn|39
|
|move|p1a: Aegislash|Flash Cannon|p2a: Chansey
|-damage|p2a: Chansey|539\/704
|move|p2a: Chansey|Aromatherapy|p2a: Chansey
|-cureteam|p2a: Chansey|[from] move: Aromatherapy
|
|-heal|p1a: Aegislash|218\/311|[from] item: Leftovers
|turn|40
|
|move|p1a: Aegislash|Flash Cannon|p2a: Chansey
|-damage|p2a: Chansey|382\/704
|-unboost|p2a: Chansey|spd|1
|move|p2a: Chansey|Seismic Toss|p1a: Aegislash
|-immune|p1a: Aegislash|[msg]
|
|-heal|p1a: Aegislash|237\/311|[from] item: Leftovers
|turn|41
|
|move|p1a: Aegislash|Flash Cannon|p2a: Chansey
|-damage|p2a: Chansey|156\/704
|move|p2a: Chansey|Soft-Boiled|p2a: Chansey
|-heal|p2a: Chansey|508\/704
|
|-heal|p1a: Aegislash|256\/311|[from] item: Leftovers
|turn|42
|
|move|p1a: Aegislash|Flash Cannon|p2a: Chansey
|-damage|p2a: Chansey|301\/704
|move|p2a: Chansey|Soft-Boiled|p2a: Chansey
|-heal|p2a: Chansey|653\/704
|
|-heal|p1a: Aegislash|275\/311|[from] item: Leftovers
|turn|43
|
|move|p1a: Aegislash|Flash Cannon|p2a: Chansey
|-damage|p2a: Chansey|425\/704
|move|p2a: Chansey|Soft-Boiled|p2a: Chansey
|-heal|p2a: Chansey|704\/704
|
|-heal|p1a: Aegislash|294\/311|[from] item: Leftovers
|turn|44
|
|-formechange|p1a: Aegislash|Aegislash
|move|p1a: Aegislash|King's Shield|p1a: Aegislash
|-singleturn|p1a: Aegislash|Protect
|move|p2a: Chansey|Aromatherapy|p2a: Chansey
|-cureteam|p2a: Chansey|[from] move: Aromatherapy
|
|-heal|p1a: Aegislash|311\/311|[from] item: Leftovers
|turn|45
|chat|305f|5 more flash cannons ;)
|
|-formechange|p1a: Aegislash|Aegislash-Blade
|move|p1a: Aegislash|Flash Cannon|p2a: Chansey
|-damage|p2a: Chansey|481\/704
|move|p2a: Chansey|Seismic Toss|p1a: Aegislash
|-immune|p1a: Aegislash|[msg]
|
|turn|46
|chat|305f|4
|
|-formechange|p1a: Aegislash|Aegislash
|move|p1a: Aegislash|King's Shield|p1a: Aegislash
|-singleturn|p1a: Aegislash|Protect
|move|p2a: Chansey|Soft-Boiled|p2a: Chansey
|-heal|p2a: Chansey|704\/704
|
|turn|47
|
|move|p1a: Aegislash|King's Shield|p1a: Aegislash
|-singleturn|p1a: Aegislash|Protect
|move|p2a: Chansey|Seismic Toss|p1a: Aegislash
|-immune|p1a: Aegislash|[msg]
|
|turn|48
|
|move|p1a: Aegislash|King's Shield|p1a: Aegislash
|-fail|p1a: Aegislash
|move|p2a: Chansey|Seismic Toss|p1a: Aegislash
|-immune|p1a: Aegislash|[msg]
|
|turn|49
|
|move|p1a: Aegislash|King's Shield|p1a: Aegislash
|-singleturn|p1a: Aegislash|Protect
|move|p2a: Chansey|Seismic Toss|p1a: Aegislash
|-immune|p1a: Aegislash|[msg]
|
|turn|50
|
|-formechange|p1a: Aegislash|Aegislash-Blade
|move|p1a: Aegislash|Flash Cannon|p2a: Chansey
|-damage|p2a: Chansey|493\/704
|-unboost|p2a: Chansey|spd|1
|move|p2a: Chansey|Seismic Toss|p1a: Aegislash
|-immune|p1a: Aegislash|[msg]
|
|turn|51
|chat|305f|3
|
|-formechange|p1a: Aegislash|Aegislash
|move|p1a: Aegislash|King's Shield|p1a: Aegislash
|-singleturn|p1a: Aegislash|Protect
|move|p2a: Chansey|Soft-Boiled|p2a: Chansey
|-heal|p2a: Chansey|704\/704
|
|turn|52
|
|move|p1a: Aegislash|King's Shield|p1a: Aegislash
|-fail|p1a: Aegislash
|move|p2a: Chansey|Seismic Toss|p1a: Aegislash
|-immune|p1a: Aegislash|[msg]
|
|turn|53
|
|-formechange|p1a: Aegislash|Aegislash-Blade
|move|p1a: Aegislash|Shadow Ball|p2a: Chansey
|-immune|p2a: Chansey|[msg]
|move|p2a: Chansey|Seismic Toss|p1a: Aegislash
|-immune|p1a: Aegislash|[msg]
|
|turn|54
|
|move|p1a: Aegislash|Shadow Ball|p2a: Chansey
|-immune|p2a: Chansey|[msg]
|move|p2a: Chansey|Seismic Toss|p1a: Aegislash
|-immune|p1a: Aegislash|[msg]
|
|turn|55
|
|move|p1a: Aegislash|Shadow Ball|p2a: Chansey
|-immune|p2a: Chansey|[msg]
|move|p2a: Chansey|Seismic Toss|p1a: Aegislash
|-immune|p1a: Aegislash|[msg]
|
|turn|56
|
|move|p1a: Aegislash|Shadow Ball|p2a: Chansey
|-immune|p2a: Chansey|[msg]
|move|p2a: Chansey|Aromatherapy|p2a: Chansey
|-cureteam|p2a: Chansey|[from] move: Aromatherapy
|
|turn|57
|
|move|p1a: Aegislash|Flash Cannon|p2a: Chansey
|-damage|p2a: Chansey|424\/704
|move|p2a: Chansey|Aromatherapy|p2a: Chansey
|-cureteam|p2a: Chansey|[from] move: Aromatherapy
|
|turn|58
|
|move|p1a: Aegislash|Shadow Ball|p2a: Chansey
|-immune|p2a: Chansey|[msg]
|move|p2a: Chansey|Soft-Boiled|p2a: Chansey
|-heal|p2a: Chansey|704\/704
|
|turn|59
|
|move|p1a: Aegislash|Shadow Ball|p2a: Chansey
|-immune|p2a: Chansey|[msg]
|move|p2a: Chansey|Aromatherapy|p2a: Chansey
|-cureteam|p2a: Chansey|[from] move: Aromatherapy
|
|turn|60
|
|move|p1a: Aegislash|Shadow Ball|p2a: Chansey
|-immune|p2a: Chansey|[msg]
|move|p2a: Chansey|Aromatherapy|p2a: Chansey
|-cureteam|p2a: Chansey|[from] move: Aromatherapy
|
|turn|61
|
|move|p1a: Aegislash|Flash Cannon|p2a: Chansey
|-damage|p2a: Chansey|424\/704
|move|p2a: Chansey|Aromatherapy|p2a: Chansey
|-cureteam|p2a: Chansey|[from] move: Aromatherapy
|
|turn|62
|chat|305f|1 shot
|
|move|p1a: Aegislash|Flash Cannon|p2a: Chansey
|-damage|p2a: Chansey|150\/704
|move|p2a: Chansey|Soft-Boiled|p2a: Chansey
|-heal|p2a: Chansey|502\/704
|
|turn|63
|
|move|p1a: Aegislash|Flash Cannon|p2a: Chansey
|-damage|p2a: Chansey|207\/704
|move|p2a: Chansey|Soft-Boiled|p2a: Chansey
|-heal|p2a: Chansey|559\/704
|
|turn|64
|
|move|p1a: Aegislash|Shadow Ball|p2a: Chansey
|-immune|p2a: Chansey|[msg]
|move|p2a: Chansey|Soft-Boiled|p2a: Chansey
|-heal|p2a: Chansey|704\/704
|
|turn|65
|
|move|p1a: Aegislash|Shadow Ball|p2a: Chansey
|-immune|p2a: Chansey|[msg]
|move|p2a: Chansey|Toxic|p1a: Aegislash
|
|turn|66
|
|move|p1a: Aegislash|Shadow Ball|p2a: Chansey
|-immune|p2a: Chansey|[msg]
|move|p2a: Chansey|Toxic|p1a: Aegislash
|
|turn|67
|
|move|p1a: Aegislash|Shadow Ball|p2a: Chansey
|-immune|p2a: Chansey|[msg]
|move|p2a: Chansey|Toxic|p1a: Aegislash|[miss]
|-miss|p2a: Chansey|p1a: Aegislash
|
|turn|68
|
|move|p1a: Aegislash|Shadow Ball|p2a: Chansey
|-immune|p2a: Chansey|[msg]
|move|p2a: Chansey|Toxic|p1a: Aegislash
|
|turn|69
|
|move|p1a: Aegislash|Shadow Ball|p2a: Chansey
|-immune|p2a: Chansey|[msg]
|move|p2a: Chansey|Toxic|p1a: Aegislash
|
|turn|70
|
|move|p1a: Aegislash|Shadow Ball|p2a: Chansey
|-immune|p2a: Chansey|[msg]
|move|p2a: Chansey|Toxic|p1a: Aegislash|[miss]
|-miss|p2a: Chansey|p1a: Aegislash
|
|turn|71
|
|move|p1a: Aegislash|Shadow Ball|p2a: Chansey
|-immune|p2a: Chansey|[msg]
|move|p2a: Chansey|Toxic|p1a: Aegislash
|
|turn|72
|
|move|p1a: Aegislash|Shadow Ball|p2a: Chansey
|-immune|p2a: Chansey|[msg]
|move|p2a: Chansey|Toxic|p1a: Aegislash
|
|turn|73
|
|move|p1a: Aegislash|Shadow Ball|p2a: Chansey
|-immune|p2a: Chansey|[msg]
|move|p2a: Chansey|Toxic|p1a: Aegislash
|
|turn|74
|
|move|p1a: Aegislash|Shadow Ball|p2a: Chansey
|-immune|p2a: Chansey|[msg]
|move|p2a: Chansey|Toxic|p1a: Aegislash
|
|turn|75
|
|move|p1a: Aegislash|Shadow Ball|p2a: Chansey
|-immune|p2a: Chansey|[msg]
|move|p2a: Chansey|Toxic|p1a: Aegislash
|
|turn|76
|
|move|p1a: Aegislash|Shadow Ball|p2a: Chansey
|-immune|p2a: Chansey|[msg]
|move|p2a: Chansey|Toxic|p1a: Aegislash
|
|turn|77
|
|move|p1a: Aegislash|Substitute|p1a: Aegislash
|-fail|p1a: Aegislash|move: Substitute
|move|p2a: Chansey|Toxic|p1a: Aegislash
|
|turn|78
|
|move|p1a: Aegislash|Substitute|p1a: Aegislash
|-fail|p1a: Aegislash|move: Substitute
|move|p2a: Chansey|Toxic|p1a: Aegislash
|
|turn|79
|
|move|p1a: Aegislash|Substitute|p1a: Aegislash
|-fail|p1a: Aegislash|move: Substitute
|move|p2a: Chansey|Seismic Toss|p1a: Aegislash
|-immune|p1a: Aegislash|[msg]
|
|turn|80
|
|move|p1a: Aegislash|Substitute|p1a: Aegislash
|-fail|p1a: Aegislash|move: Substitute
|move|p2a: Chansey|Seismic Toss|p1a: Aegislash
|-immune|p1a: Aegislash|[msg]
|
|turn|81
|
|move|p1a: Aegislash|Substitute|p1a: Aegislash
|-fail|p1a: Aegislash|move: Substitute
|move|p2a: Chansey|Seismic Toss|p1a: Aegislash
|-immune|p1a: Aegislash|[msg]
|
|turn|82
|
|move|p1a: Aegislash|Substitute|p1a: Aegislash
|-fail|p1a: Aegislash|move: Substitute
|move|p2a: Chansey|Seismic Toss|p1a: Aegislash
|-immune|p1a: Aegislash|[msg]
|
|turn|83
|
|move|p1a: Aegislash|Substitute|p1a: Aegislash
|-fail|p1a: Aegislash|move: Substitute
|move|p2a: Chansey|Seismic Toss|p1a: Aegislash
|-immune|p1a: Aegislash|[msg]
|
|turn|84
|
|-formechange|p1a: Aegislash|Aegislash
|move|p1a: Aegislash|King's Shield|p1a: Aegislash
|-singleturn|p1a: Aegislash|Protect
|move|p2a: Chansey|Seismic Toss|p1a: Aegislash
|-immune|p1a: Aegislash|[msg]
|
|turn|85
|
|move|p1a: Aegislash|Substitute|p1a: Aegislash
|-fail|p1a: Aegislash|move: Substitute
|move|p2a: Chansey|Seismic Toss|p1a: Aegislash
|-immune|p1a: Aegislash|[msg]
|
|turn|86
|
|move|p1a: Aegislash|Substitute|p1a: Aegislash
|-fail|p1a: Aegislash|move: Substitute
|move|p2a: Chansey|Seismic Toss|p1a: Aegislash
|-immune|p1a: Aegislash|[msg]
|
|turn|87
|chat|305f|has king shield run out of pp?
|
|move|p1a: Aegislash|Substitute|p1a: Aegislash
|-fail|p1a: Aegislash|move: Substitute
|move|p2a: Chansey|Seismic Toss|p1a: Aegislash
|-immune|p1a: Aegislash|[msg]
|
|turn|88
|chat|305f|lol
|
|move|p1a: Aegislash|King's Shield|p1a: Aegislash
|-singleturn|p1a: Aegislash|Protect
|move|p2a: Chansey|Seismic Toss|p1a: Aegislash
|-immune|p1a: Aegislash|[msg]
|
|turn|89
|
|move|p1a: Aegislash|King's Shield|p1a: Aegislash
|-fail|p1a: Aegislash
|move|p2a: Chansey|Seismic Toss|p1a: Aegislash
|-immune|p1a: Aegislash|[msg]
|
|turn|90
|
|move|p1a: Aegislash|King's Shield|p1a: Aegislash
|-singleturn|p1a: Aegislash|Protect
|move|p2a: Chansey|Seismic Toss|p1a: Aegislash
|-immune|p1a: Aegislash|[msg]
|
|turn|91
|chat|305f|humm
|
|move|p1a: Aegislash|Substitute|p1a: Aegislash
|-fail|p1a: Aegislash|move: Substitute
|move|p2a: Chansey|Seismic Toss|p1a: Aegislash
|-immune|p1a: Aegislash|[msg]
|
|turn|92
|
|move|p1a: Aegislash|Substitute|p1a: Aegislash
|-fail|p1a: Aegislash|move: Substitute
|move|p2a: Chansey|Seismic Toss|p1a: Aegislash
|-immune|p1a: Aegislash|[msg]
|
|turn|93
|
|move|p1a: Aegislash|King's Shield|p1a: Aegislash
|-singleturn|p1a: Aegislash|Protect
|move|p2a: Chansey|Seismic Toss|p1a: Aegislash
|-immune|p1a: Aegislash|[msg]
|
|turn|94
|
|move|p1a: Aegislash|Substitute|p1a: Aegislash
|-fail|p1a: Aegislash|move: Substitute
|move|p2a: Chansey|Seismic Toss|p1a: Aegislash
|-immune|p1a: Aegislash|[msg]
|
|turn|95
|
|-formechange|p1a: Aegislash|Aegislash-Blade
|-activate|p1a: Aegislash|move: Struggle
|move|p1a: Aegislash|Struggle|p2a: Chansey
|-damage|p2a: Chansey|641\/704
|-damage|p1a: Aegislash|234\/311
|move|p2a: Chansey|Seismic Toss|p1a: Aegislash
|-immune|p1a: Aegislash|[msg]
|
|-heal|p1a: Aegislash|253\/311|[from] item: Leftovers
|turn|96
|
|-activate|p1a: Aegislash|move: Struggle
|move|p1a: Aegislash|Struggle|p2a: Chansey
|-damage|p2a: Chansey|576\/704
|-damage|p1a: Aegislash|176\/311
|move|p2a: Chansey|Seismic Toss|p1a: Aegislash
|-immune|p1a: Aegislash|[msg]
|
|-heal|p1a: Aegislash|195\/311|[from] item: Leftovers
|turn|97
|
|-activate|p1a: Aegislash|move: Struggle
|move|p1a: Aegislash|Struggle|p2a: Chansey
|-crit|p2a: Chansey
|-damage|p2a: Chansey|469\/704
|-damage|p1a: Aegislash|118\/311
|move|p2a: Chansey|Seismic Toss|p1a: Aegislash
|-immune|p1a: Aegislash|[msg]
|
|-heal|p1a: Aegislash|137\/311|[from] item: Leftovers
|turn|98
|
|-activate|p1a: Aegislash|move: Struggle
|move|p1a: Aegislash|Struggle|p2a: Chansey
|-damage|p2a: Chansey|407\/704
|-damage|p1a: Aegislash|60\/311
|move|p2a: Chansey|Soft-Boiled|p2a: Chansey
|-heal|p2a: Chansey|704\/704
|
|-heal|p1a: Aegislash|79\/311|[from] item: Leftovers
|turn|99
|
|-activate|p1a: Aegislash|move: Struggle
|move|p1a: Aegislash|Struggle|p2a: Chansey
|-damage|p2a: Chansey|635\/704
|-damage|p1a: Aegislash|2\/311
|move|p2a: Chansey|Soft-Boiled|p2a: Chansey
|-heal|p2a: Chansey|704\/704
|
|-heal|p1a: Aegislash|21\/311|[from] item: Leftovers
|turn|100
|
|-activate|p1a: Aegislash|move: Struggle
|move|p1a: Aegislash|Struggle|p2a: Chansey
|-damage|p2a: Chansey|641\/704
|-damage|p1a: Aegislash|0 fnt
|faint|p1a: Aegislash
|move|p2a: Chansey|Seismic Toss|p1: Aegislash|[notarget]
|-notarget
|
|chat|305f|huff
|
|switch|p1a: Thundurus|Thundurus, M|140\/300
|turn|101
|
|move|p1a: Thundurus|Thunder Wave|p2a: Chansey
|-status|p2a: Chansey|par
|move|p2a: Chansey|Seismic Toss|p1a: Thundurus
|-damage|p1a: Thundurus|40\/300
|
|turn|102
|chat|305f|gg
|
|move|p1a: Thundurus|Thunderbolt|p2a: Chansey
|-damage|p2a: Chansey|328\/704 par
|-damage|p1a: Thundurus|10\/300|[from] item: Life Orb
|cant|p2a: Chansey|par
|
|turn|103
|
|move|p1a: Thundurus|Focus Blast|p2a: Chansey|[miss]
|-miss|p1a: Thundurus|p2a: Chansey
|move|p2a: Chansey|Soft-Boiled|p2a: Chansey
|-heal|p2a: Chansey|680\/704 par
|
|turn|104
|chat|305f|wow
|
|move|p1a: Thundurus|Focus Blast|p2a: Chansey
|-supereffective|p2a: Chansey
|-damage|p2a: Chansey|66\/704 par
|-damage|p1a: Thundurus|0 fnt|[from] item: Life Orb
|faint|p1a: Thundurus
|
|win|305f
|raw|Ladder updating...
|raw|Shizou's rating: 1572 &rarr; <strong>1554<\/strong><br \/>(-18 for losing)
|raw|305f's rating: 1608 &rarr; <strong>1626<\/strong><br \/>(+18 for winning)
|leave|Shizou
|player|p1