|join|Fastlanes
|join|Shizou
|player|p1|Fastlanes|29
|player|p2|Shizou|148
|gametype|singles
|gen|6
|tier|OU
|rated
|clearpoke
|poke|p1|Latias, F
|poke|p1|Porygon2
|poke|p1|Jolteon, M
|poke|p1|Talonflame, M
|poke|p1|Tentacruel, M
|poke|p1|Chesnaught, M
|poke|p2|Terrakion
|poke|p2|Bisharp, M
|poke|p2|Landorus-Therian, M
|poke|p2|Zapdos
|poke|p2|Gyarados, M
|poke|p2|Sceptile, F
|rule|Swagger Clause: Swagger is banned
|rule|Baton Pass Clause: Limit one Pokémon knowing Baton Pass
|rule|Sleep Clause Mod: Limit one foe put to sleep
|rule|Species Clause: Limit one of each Pokémon
|rule|OHKO Clause: OHKO moves are banned
|rule|Moody Clause: Moody is banned
|rule|Evasion Moves Clause: Evasion moves are banned
|rule|Endless Battle Clause: Forcing endless battles is banned
|rule|HP Percentage Mod: HP is shown in percentages
|teampreview
|
|start
|switch|p1a: Chesnaught|Chesnaught, M|380\/380
|switch|p2a: Terrakion|Terrakion|323\/323
|turn|1
|
|move|p2a: Terrakion|Taunt|p1a: Chesnaught
|-start|p1a: Chesnaught|move: Taunt
|move|p1a: Chesnaught|Drain Punch|p2a: Terrakion
|-supereffective|p2a: Terrakion
|-damage|p2a: Terrakion|113\/323
|
|turn|2
|
|switch|p1a: Latias|Latias, F|364\/364
|move|p2a: Terrakion|Stealth Rock|p1a: Latias
|-sidestart|p1: Fastlanes|move: Stealth Rock
|
|turn|3
|
|switch|p2a: Bisharp|Bisharp, M|272\/272
|detailschange|p1a: Latias|Latias-Mega, F
|message|Latias has Mega Evolved into Mega Latias!
|move|p1a: Latias|Calm Mind|p1a: Latias
|-boost|p1a: Latias|spa|1
|-boost|p1a: Latias|spd|1
|
|turn|4
|
|move|p2a: Bisharp|Knock Off|p1a: Latias
|-supereffective|p1a: Latias
|-damage|p1a: Latias|169\/364
|-damage|p2a: Bisharp|245\/272|[from] item: Life Orb
|move|p1a: Latias|Dragon Pulse|p2a: Bisharp
|-resisted|p2a: Bisharp
|-damage|p2a: Bisharp|106\/272
|
|turn|5
|
|switch|p1a: Chesnaught|Chesnaught, M|380\/380
|-damage|p1a: Chesnaught|357\/380|[from] Stealth Rock
|move|p2a: Bisharp|Knock Off|p1a: Chesnaught
|-resisted|p1a: Chesnaught
|-damage|p1a: Chesnaught|283\/380
|-damage|p2a: Bisharp|61\/272|[from] item: Rocky Helmet|[of] p1a: Chesnaught
|-enditem|p1a: Chesnaught|Rocky Helmet|[from] move: Knock Off|[of] p2a: Bisharp
|-damage|p2a: Bisharp|34\/272|[from] item: Life Orb
|
|turn|6
|
|switch|p2a: Sceptile|Sceptile, F|282\/282
|move|p1a: Chesnaught|Leech Seed|p2a: Sceptile
|-immune|p2a: Sceptile|[msg]
|
|turn|7
|
|detailschange|p2a: Sceptile|Sceptile-Mega, F
|message|Sceptile has Mega Evolved into Mega Sceptile!
|move|p2a: Sceptile|Dragon Pulse|p1a: Chesnaught
|-damage|p1a: Chesnaught|81\/380
|move|p1a: Chesnaught|Drain Punch|p2a: Sceptile
|-damage|p2a: Sceptile|168\/282
|-heal|p1a: Chesnaught|138\/380|[from] drain|[of] p2a: Sceptile
|
|turn|8
|
|switch|p1a: Tentacruel|Tentacruel, M|364\/364
|-damage|p1a: Tentacruel|319\/364|[from] Stealth Rock
|move|p2a: Sceptile|Substitute|p2a: Sceptile
|-start|p2a: Sceptile|Substitute
|-damage|p2a: Sceptile|98\/282
|
|-heal|p1a: Tentacruel|341\/364|[from] item: Black Sludge
|turn|9
|
|move|p2a: Sceptile|Dragon Pulse|p1a: Tentacruel
|-damage|p1a: Tentacruel|245\/364
|move|p1a: Tentacruel|Acid Spray|p2a: Sceptile
|-supereffective|p2a: Sceptile
|-end|p2a: Sceptile|Substitute
|
|-heal|p1a: Tentacruel|267\/364|[from] item: Black Sludge
|turn|10
|
|switch|p2a: Gyarados|Gyarados, M|353\/353
|-ability|p2a: Gyarados|Intimidate|[of] p1a: Tentacruel
|-unboost|p1a: Tentacruel|atk|1
|move|p1a: Tentacruel|Rapid Spin|p2a: Gyarados
|-damage|p2a: Gyarados|346\/353
|-sideend|p1: Fastlanes|Stealth Rock|[from] move: Rapid Spin|[of] p1a: Tentacruel
|
|-heal|p2a: Gyarados|353\/353|[from] item: Leftovers
|-heal|p1a: Tentacruel|289\/364|[from] item: Black Sludge
|turn|11
|
|move|p2a: Gyarados|Substitute|p2a: Gyarados
|-start|p2a: Gyarados|Substitute
|-damage|p2a: Gyarados|265\/353
|move|p1a: Tentacruel|Toxic Spikes|p2a: Gyarados
|-sidestart|p2: Shizou|move: Toxic Spikes
|
|-heal|p2a: Gyarados|287\/353|[from] item: Leftovers
|-heal|p1a: Tentacruel|311\/364|[from] item: Black Sludge
|turn|12
|
|switch|p1a: Chesnaught|Chesnaught, M|138\/380
|move|p2a: Gyarados|Dragon Dance|p2a: Gyarados
|-boost|p2a: Gyarados|atk|1
|-boost|p2a: Gyarados|spe|1
|
|-heal|p2a: Gyarados|309\/353|[from] item: Leftovers
|turn|13
|
|move|p2a: Gyarados|Bounce|p1a: Chesnaught|[still]
|-prepare|p2a: Gyarados|Bounce|p1a: Chesnaught
|move|p1a: Chesnaught|Synthesis|p1a: Chesnaught
|-heal|p1a: Chesnaught|328\/380
|
|-heal|p2a: Gyarados|331\/353|[from] item: Leftovers
|turn|14
|
|move|p1a: Chesnaught|Spiky Shield|p1a: Chesnaught
|-singleturn|p1a: Chesnaught|move: Protect
|move|p2a: Gyarados|Bounce|p1a: Chesnaught
|-activate|p1a: Chesnaught|move: Protect
|-damage|p2a: Gyarados|287\/353|[from] Spiky Shield|[of] p1a: Chesnaught
|
|-heal|p2a: Gyarados|309\/353|[from] item: Leftovers
|turn|15
|
|move|p2a: Gyarados|Dragon Dance|p2a: Gyarados
|-boost|p2a: Gyarados|atk|1
|-boost|p2a: Gyarados|spe|1
|move|p1a: Chesnaught|Drain Punch|p2a: Gyarados
|-resisted|p2a: Gyarados
|-activate|p2a: Gyarados|Substitute|[damage]
|-heal|p1a: Chesnaught|354\/380|[from] drain|[of] p2a: Gyarados
|
|-heal|p2a: Gyarados|331\/353|[from] item: Leftovers
|turn|16
|
|move|p2a: Gyarados|Dragon Dance|p2a: Gyarados
|-boost|p2a: Gyarados|atk|1
|-boost|p2a: Gyarados|spe|1
|move|p1a: Chesnaught|Drain Punch|p2a: Gyarados
|-resisted|p2a: Gyarados
|-end|p2a: Gyarados|Substitute
|-heal|p1a: Chesnaught|373\/380|[from] drain|[of] p2a: Gyarados
|
|-heal|p2a: Gyarados|353\/353|[from] item: Leftovers
|turn|17
|
|move|p2a: Gyarados|Substitute|p2a: Gyarados
|-start|p2a: Gyarados|Substitute
|-damage|p2a: Gyarados|265\/353
|move|p1a: Chesnaught|Drain Punch|p2a: Gyarados
|-resisted|p2a: Gyarados
|-activate|p2a: Gyarados|Substitute|[damage]
|-heal|p1a: Chesnaught|380\/380|[from] drain|[of] p2a: Gyarados
|
|-heal|p2a: Gyarados|287\/353|[from] item: Leftovers
|turn|18
|
|move|p2a: Gyarados|Dragon Dance|p2a: Gyarados
|-boost|p2a: Gyarados|atk|1
|-boost|p2a: Gyarados|spe|1
|move|p1a: Chesnaught|Drain Punch|p2a: Gyarados
|-resisted|p2a: Gyarados
|-end|p2a: Gyarados|Substitute
|
|-heal|p2a: Gyarados|309\/353|[from] item: Leftovers
|turn|19
|
|move|p2a: Gyarados|Dragon Dance|p2a: Gyarados
|-boost|p2a: Gyarados|atk|1
|-boost|p2a: Gyarados|spe|1
|move|p1a: Chesnaught|Drain Punch|p2a: Gyarados
|-resisted|p2a: Gyarados
|-damage|p2a: Gyarados|254\/353
|
|-heal|p2a: Gyarados|276\/353|[from] item: Leftovers
|turn|20
|
|move|p2a: Gyarados|Substitute|p2a: Gyarados
|-start|p2a: Gyarados|Substitute
|-damage|p2a: Gyarados|188\/353
|move|p1a: Chesnaught|Leech Seed|p2a: Gyarados
|
|-heal|p2a: Gyarados|210\/353|[from] item: Leftovers
|turn|21
|
|move|p2a: Gyarados|Dragon Dance|p2a: Gyarados
|-boost|p2a: Gyarados|atk|1
|-boost|p2a: Gyarados|spe|1
|move|p1a: Chesnaught|Drain Punch|p2a: Gyarados
|-resisted|p2a: Gyarados
|-activate|p2a: Gyarados|Substitute|[damage]
|
|-heal|p2a: Gyarados|232\/353|[from] item: Leftovers
|turn|22
|
|move|p2a: Gyarados|Waterfall|p1a: Chesnaught
|-resisted|p1a: Chesnaught
|-damage|p1a: Chesnaught|211\/380
|cant|p1a: Chesnaught|flinch
|
|-heal|p2a: Gyarados|254\/353|[from] item: Leftovers
|turn|23
|
|move|p2a: Gyarados|Waterfall|p1a: Chesnaught
|-resisted|p1a: Chesnaught
|-damage|p1a: Chesnaught|22\/380
|move|p1a: Chesnaught|Synthesis|p1a: Chesnaught
|-heal|p1a: Chesnaught|212\/380
|
|-heal|p2a: Gyarados|276\/353|[from] item: Leftovers
|turn|24
|
|move|p2a: Gyarados|Waterfall|p1a: Chesnaught
|-resisted|p1a: Chesnaught
|-damage|p1a: Chesnaught|26\/380
|move|p1a: Chesnaught|Drain Punch|p2a: Gyarados
|-resisted|p2a: Gyarados
|-end|p2a: Gyarados|Substitute
|-heal|p1a: Chesnaught|42\/380|[from] drain|[of] p2a: Gyarados
|
|-heal|p2a: Gyarados|298\/353|[from] item: Leftovers
|turn|25
|
|move|p2a: Gyarados|Substitute|p2a: Gyarados
|-start|p2a: Gyarados|Substitute
|-damage|p2a: Gyarados|210\/353
|move|p1a: Chesnaught|Drain Punch|p2a: Gyarados
|-resisted|p2a: Gyarados
|-activate|p2a: Gyarados|Substitute|[damage]
|-heal|p1a: Chesnaught|69\/380|[from] drain|[of] p2a: Gyarados
|
|-heal|p2a: Gyarados|232\/353|[from] item: Leftovers
|turn|26
|
|move|p1a: Chesnaught|Spiky Shield|p1a: Chesnaught
|-singleturn|p1a: Chesnaught|move: Protect
|move|p2a: Gyarados|Waterfall|p1a: Chesnaught
|-activate|p1a: Chesnaught|move: Protect
|-damage|p2a: Gyarados|188\/353|[from] Spiky Shield|[of] p1a: Chesnaught
|
|-heal|p2a: Gyarados|210\/353|[from] item: Leftovers
|turn|27
|
|move|p2a: Gyarados|Waterfall|p1a: Chesnaught
|-resisted|p1a: Chesnaught
|-damage|p1a: Chesnaught|0 fnt
|faint|p1a: Chesnaught
|
|-heal|p2a: Gyarados|232\/353|[from] item: Leftovers
|
|switch|p1a: Porygon2|Porygon2|374\/374
|-boost|p1a: Porygon2|atk|1|[from] ability: Download
|turn|28
|
|move|p2a: Gyarados|Bounce|p1a: Porygon2|[still]
|-prepare|p2a: Gyarados|Bounce|p1a: Porygon2
|move|p1a: Porygon2|Tri Attack|p2a: Gyarados|[miss]
|-miss|p1a: Porygon2|p2a: Gyarados
|
|-heal|p2a: Gyarados|254\/353|[from] item: Leftovers
|turn|29
|
|move|p2a: Gyarados|Bounce|p1a: Porygon2
|-damage|p1a: Porygon2|0 fnt
|faint|p1a: Porygon2
|
|-heal|p2a: Gyarados|276\/353|[from] item: Leftovers
|
|switch|p1a: Latias|Latias-Mega, F|169\/364
|turn|30
|
|move|p2a: Gyarados|Waterfall|p1a: Latias
|-resisted|p1a: Latias
|-damage|p1a: Latias|0 fnt
|faint|p1a: Latias
|
|-heal|p2a: Gyarados|298\/353|[from] item: Leftovers
|
|switch|p1a: Tentacruel|Tentacruel, M|311\/364
|turn|31
|
|move|p2a: Gyarados|Bounce|p1a: Tentacruel|[still]
|-prepare|p2a: Gyarados|Bounce|p1a: Tentacruel
|move|p1a: Tentacruel|Acid Spray|p2a: Gyarados|[miss]
|-miss|p1a: Tentacruel|p2a: Gyarados
|
|-heal|p2a: Gyarados|320\/353|[from] item: Leftovers
|-heal|p1a: Tentacruel|333\/364|[from] item: Black Sludge
|turn|32
|
|move|p2a: Gyarados|Bounce|p1a: Tentacruel
|-damage|p1a: Tentacruel|0 fnt
|faint|p1a: Tentacruel
|
|-heal|p2a: Gyarados|342\/353|[from] item: Leftovers
|
|switch|p1a: Talonflame|Talonflame, M|297\/297
|turn|33
|
|move|p1a: Talonflame|Brave Bird|p2a: Gyarados
|-end|p2a: Gyarados|Substitute
|-damage|p1a: Talonflame|286\/297|[from] recoil|[of] p2a: Gyarados
|move|p2a: Gyarados|Waterfall|p1a: Talonflame
|-supereffective|p1a: Talonflame
|-damage|p1a: Talonflame|0 fnt
|faint|p1a: Talonflame
|
|-heal|p2a: Gyarados|353\/353|[from] item: Leftovers
|
|switch|p1a: Jolteon|Jolteon, M|272\/272
|turn|34
|c|★Fastlanes|gg
|c|★Shizou|gg
|
|move|p2a: Gyarados|Waterfall|p1a: Jolteon
|-damage|p1a: Jolteon|0 fnt
|faint|p1a: Jolteon
|
|win|Shizou
|raw|Ladder updating...
|leave|Fastlanes
|player|p1