|join|Shizou
|join|candres
|player|p1|Shizou|161
|player|p2|candres|291
|gametype|singles
|gen|6
|tier|OU
|rated
|clearpoke
|poke|p1|Metagross
|poke|p1|Ferrothorn, M
|poke|p1|Landorus-Therian, M
|poke|p1|Manaphy
|poke|p1|Latias, F
|poke|p1|Heatran, M
|poke|p2|Keldeo
|poke|p2|Metagross
|poke|p2|Landorus-Therian, M
|poke|p2|Heatran, F
|poke|p2|Celebi
|poke|p2|Gengar, F
|rule|Swagger Clause: Swagger is banned
|rule|Baton Pass Clause: Limit one Pokémon knowing Baton Pass
|rule|Sleep Clause Mod: Limit one foe put to sleep
|rule|Species Clause: Limit one of each Pokémon
|rule|OHKO Clause: OHKO moves are banned
|rule|Moody Clause: Moody is banned
|rule|Evasion Moves Clause: Evasion moves are banned
|rule|Endless Battle Clause: Forcing endless battles is banned
|rule|HP Percentage Mod: HP is shown in percentages
|teampreview
|
|start
|switch|p1a: Manaphy|Manaphy|365\/365
|switch|p2a: Keldeo|Keldeo|323\/323
|turn|1
|
|switch|p1a: Latias|Latias, F|301\/301
|move|p2a: Keldeo|Calm Mind|p2a: Keldeo
|-boost|p2a: Keldeo|spa|1
|-boost|p2a: Keldeo|spd|1
|
|turn|2
|
|switch|p2a: Metagross|Metagross|301\/301
|move|p1a: Latias|Psyshock|p2a: Metagross
|-resisted|p2a: Metagross
|-damage|p2a: Metagross|267\/301
|-damage|p1a: Latias|271\/301|[from] item: Life Orb
|
|turn|3
|
|switch|p1a: Ferrothorn|Ferrothorn, M|352\/352
|switch|p2a: Heatran|Heatran, F|323\/323
|-item|p2a: Heatran|Air Balloon
|
|turn|4
|
|switch|p1a: Manaphy|Manaphy|365\/365
|move|p2a: Heatran|Stealth Rock|p1a: Manaphy
|-sidestart|p1: Shizou|move: Stealth Rock
|
|turn|5
|
|switch|p2a: Celebi|Celebi|403\/403
|switch|p1a: Latias|Latias, F|271\/301
|-damage|p1a: Latias|234\/301|[from] Stealth Rock
|
|turn|6
|
|move|p1a: Latias|Draco Meteor|p2a: Celebi
|-damage|p2a: Celebi|140\/403
|-unboost|p1a: Latias|spa|2
|-damage|p1a: Latias|204\/301|[from] item: Life Orb
|move|p2a: Celebi|Nasty Plot|p2a: Celebi
|-boost|p2a: Celebi|spa|2
|
|-heal|p2a: Celebi|165\/403|[from] item: Leftovers
|turn|7
|
|move|p1a: Latias|Draco Meteor|p2a: Celebi
|-damage|p2a: Celebi|35\/403
|-unboost|p1a: Latias|spa|2
|-damage|p1a: Latias|174\/301|[from] item: Life Orb
|move|p2a: Celebi|Recover|p2a: Celebi
|-heal|p2a: Celebi|237\/403
|
|-heal|p2a: Celebi|262\/403|[from] item: Leftovers
|turn|8
|
|move|p1a: Latias|Roost|p1a: Latias
|-heal|p1a: Latias|301\/301
|move|p2a: Celebi|Giga Drain|p1a: Latias
|-resisted|p1a: Latias
|-damage|p1a: Latias|233\/301
|-heal|p2a: Celebi|296\/403|[from] drain|[of] p1a: Latias
|
|-heal|p2a: Celebi|321\/403|[from] item: Leftovers
|turn|9
|
|switch|p1a: Heatran|Heatran, M|323\/323
|-damage|p1a: Heatran|283\/323|[from] Stealth Rock
|move|p2a: Celebi|Nasty Plot|p2a: Celebi
|-boost|p2a: Celebi|spa|2
|
|-heal|p2a: Celebi|346\/403|[from] item: Leftovers
|turn|10
|
|move|p1a: Heatran|Overheat|p2a: Celebi
|-supereffective|p2a: Celebi
|-damage|p2a: Celebi|0 fnt
|-unboost|p1a: Heatran|spa|2
|faint|p2a: Celebi
|
|
|switch|p2a: Landorus-Therian|Landorus-Therian, M|319\/319
|-ability|p2a: Landorus-Therian|Intimidate|[of] p1a: Heatran
|-unboost|p1a: Heatran|atk|1
|turn|11
|
|switch|p1a: Ferrothorn|Ferrothorn, M|352\/352
|-damage|p1a: Ferrothorn|330\/352|[from] Stealth Rock
|move|p2a: Landorus-Therian|U-turn|p1a: Ferrothorn
|-damage|p1a: Ferrothorn|272\/352
|-damage|p2a: Landorus-Therian|280\/319|[from] ability: Iron Barbs|[of] p1a: Ferrothorn
|
|switch|p2a: Gengar|Gengar, F|261\/261
|
|-heal|p1a: Ferrothorn|294\/352|[from] item: Leftovers
|turn|12
|
|move|p1a: Ferrothorn|Protect|p1a: Ferrothorn
|-singleturn|p1a: Ferrothorn|Protect
|move|p2a: Gengar|Focus Blast|p1a: Ferrothorn
|-activate|p1a: Ferrothorn|Protect
|
|-heal|p1a: Ferrothorn|316\/352|[from] item: Leftovers
|turn|13
|
|switch|p1a: Manaphy|Manaphy|365\/365
|-damage|p1a: Manaphy|320\/365|[from] Stealth Rock
|move|p2a: Gengar|Focus Blast|p1a: Manaphy
|-damage|p1a: Manaphy|146\/365
|-damage|p2a: Gengar|235\/261|[from] item: Life Orb
|
|-heal|p1a: Manaphy|168\/365|[from] item: Leftovers
|turn|14
|
|move|p2a: Gengar|Shadow Ball|p1a: Manaphy
|-damage|p1a: Manaphy|0 fnt
|-damage|p2a: Gengar|209\/261|[from] item: Life Orb
|faint|p1a: Manaphy
|
|
|switch|p1a: Heatran|Heatran, M|283\/323
|-damage|p1a: Heatran|243\/323|[from] Stealth Rock
|turn|15
|
|switch|p1a: Metagross|Metagross|301\/301
|-damage|p1a: Metagross|283\/301|[from] Stealth Rock
|switch|p2a: Keldeo|Keldeo|323\/323
|
|turn|16
|
|detailschange|p1a: Metagross|Metagross-Mega
|-mega|p1a: Metagross|Metagross|Metagrossite
|move|p2a: Keldeo|Scald|p1a: Metagross
|-damage|p1a: Metagross|163\/301
|move|p1a: Metagross|Zen Headbutt|p2a: Keldeo
|-supereffective|p2a: Keldeo
|-damage|p2a: Keldeo|0 fnt
|faint|p2a: Keldeo
|
|
|switch|p2a: Metagross|Metagross|267\/301
|turn|17
|
|switch|p1a: Landorus-Therian|Landorus-Therian, M|382\/382
|-damage|p1a: Landorus-Therian|335\/382|[from] Stealth Rock
|-ability|p1a: Landorus-Therian|Intimidate|[of] p2a: Metagross
|-fail|p2a: Metagross|unboost|[from] ability: Clear Body|[of] p2a: Metagross
|detailschange|p2a: Metagross|Metagross-Mega
|-mega|p2a: Metagross|Metagross|Metagrossite
|move|p2a: Metagross|Earthquake|p1a: Landorus-Therian
|-immune|p1a: Landorus-Therian|[msg]
|
|-heal|p1a: Landorus-Therian|358\/382|[from] item: Leftovers
|turn|18
|
|switch|p2a: Gengar|Gengar, F|209\/261
|switch|p1a: Ferrothorn|Ferrothorn, M|316\/352
|-damage|p1a: Ferrothorn|294\/352|[from] Stealth Rock
|
|-heal|p1a: Ferrothorn|316\/352|[from] item: Leftovers
|turn|19
|
|move|p2a: Gengar|Focus Blast|p1a: Ferrothorn
|-supereffective|p1a: Ferrothorn
|-damage|p1a: Ferrothorn|22\/352
|-damage|p2a: Gengar|183\/261|[from] item: Life Orb
|move|p1a: Ferrothorn|Leech Seed|p2a: Gengar
|-start|p2a: Gengar|move: Leech Seed
|
|-heal|p1a: Ferrothorn|44\/352|[from] item: Leftovers
|-damage|p2a: Gengar|151\/261|[from] Leech Seed|[of] p1a: Ferrothorn
|-heal|p1a: Ferrothorn|76\/352|[silent]
|turn|20
|
|switch|p2a: Heatran|Heatran, F|323\/323
|-item|p2a: Heatran|Air Balloon
|move|p1a: Ferrothorn|Protect|p1a: Ferrothorn
|-fail|p1a: Ferrothorn
|
|-heal|p1a: Ferrothorn|98\/352|[from] item: Leftovers
|turn|21
|
|move|p2a: Heatran|Earth Power|p1a: Ferrothorn
|-damage|p1a: Ferrothorn|20\/352
|move|p1a: Ferrothorn|Leech Seed|p2a: Heatran
|-start|p2a: Heatran|move: Leech Seed
|
|-heal|p1a: Ferrothorn|42\/352|[from] item: Leftovers
|-damage|p2a: Heatran|283\/323|[from] Leech Seed|[of] p1a: Ferrothorn
|-heal|p1a: Ferrothorn|82\/352|[silent]
|turn|22
|
|move|p1a: Ferrothorn|Protect|p1a: Ferrothorn
|-singleturn|p1a: Ferrothorn|Protect
|move|p2a: Heatran|Fire Blast|p1a: Ferrothorn
|-activate|p1a: Ferrothorn|Protect
|
|-heal|p1a: Ferrothorn|104\/352|[from] item: Leftovers
|-damage|p2a: Heatran|243\/323|[from] Leech Seed|[of] p1a: Ferrothorn
|-heal|p1a: Ferrothorn|144\/352|[silent]
|turn|23
|
|switch|p2a: Gengar|Gengar, F|151\/261
|switch|p1a: Latias|Latias, F|233\/301
|-damage|p1a: Latias|196\/301|[from] Stealth Rock
|
|turn|24
|
|move|p2a: Gengar|Shadow Ball|p1a: Latias
|-supereffective|p1a: Latias
|-damage|p1a: Latias|0 fnt
|-damage|p2a: Gengar|125\/261|[from] item: Life Orb
|faint|p1a: Latias
|
|
|switch|p1a: Heatran|Heatran, M|243\/323
|-damage|p1a: Heatran|203\/323|[from] Stealth Rock
|turn|25
|
|move|p1a: Heatran|Flash Cannon|p2a: Gengar
|-damage|p2a: Gengar|0 fnt
|faint|p2a: Gengar
|
|
|switch|p2a: Metagross|Metagross-Mega|267\/301
|turn|26
|
|switch|p1a: Ferrothorn|Ferrothorn, M|144\/352
|-damage|p1a: Ferrothorn|122\/352|[from] Stealth Rock
|move|p2a: Metagross|Zen Headbutt|p1a: Ferrothorn
|-resisted|p1a: Ferrothorn
|-damage|p1a: Ferrothorn|55\/352
|-damage|p2a: Metagross|230\/301|[from] ability: Iron Barbs|[of] p1a: Ferrothorn
|
|-heal|p1a: Ferrothorn|77\/352|[from] item: Leftovers
|turn|27
|
|switch|p2a: Heatran|Heatran, F|243\/323
|-item|p2a: Heatran|Air Balloon
|move|p1a: Ferrothorn|Power Whip|p2a: Heatran
|-resisted|p2a: Heatran
|-damage|p2a: Heatran|210\/323
|-enditem|p2a: Heatran|Air Balloon
|
|-heal|p1a: Ferrothorn|99\/352|[from] item: Leftovers
|turn|28
|
|move|p1a: Ferrothorn|Protect|p1a: Ferrothorn
|-singleturn|p1a: Ferrothorn|Protect
|move|p2a: Heatran|Fire Blast|p1a: Ferrothorn
|-activate|p1a: Ferrothorn|Protect
|
|-heal|p1a: Ferrothorn|121\/352|[from] item: Leftovers
|turn|29
|
|move|p2a: Heatran|Earth Power|p1a: Ferrothorn
|-damage|p1a: Ferrothorn|34\/352
|-unboost|p1a: Ferrothorn|spd|1
|move|p1a: Ferrothorn|Leech Seed|p2a: Heatran
|-start|p2a: Heatran|move: Leech Seed
|
|-heal|p1a: Ferrothorn|56\/352|[from] item: Leftovers
|-damage|p2a: Heatran|170\/323|[from] Leech Seed|[of] p1a: Ferrothorn
|-heal|p1a: Ferrothorn|96\/352|[silent]
|turn|30
|
|move|p1a: Ferrothorn|Protect|p1a: Ferrothorn
|-singleturn|p1a: Ferrothorn|Protect
|move|p2a: Heatran|Fire Blast|p1a: Ferrothorn
|-activate|p1a: Ferrothorn|Protect
|
|-heal|p1a: Ferrothorn|118\/352|[from] item: Leftovers
|-damage|p2a: Heatran|130\/323|[from] Leech Seed|[of] p1a: Ferrothorn
|-heal|p1a: Ferrothorn|158\/352|[silent]
|turn|31
|
|move|p1a: Ferrothorn|Protect|p1a: Ferrothorn
|-singleturn|p1a: Ferrothorn|Protect
|move|p2a: Heatran|Earth Power|p1a: Ferrothorn
|-activate|p1a: Ferrothorn|Protect
|
|-heal|p1a: Ferrothorn|180\/352|[from] item: Leftovers
|-damage|p2a: Heatran|90\/323|[from] Leech Seed|[of] p1a: Ferrothorn
|-heal|p1a: Ferrothorn|220\/352|[silent]
|turn|32
|
|switch|p1a: Heatran|Heatran, M|203\/323
|-damage|p1a: Heatran|163\/323|[from] Stealth Rock
|move|p2a: Heatran|Fire Blast|p1a: Heatran
|-start|p1a: Heatran|ability: Flash Fire
|
|-damage|p2a: Heatran|50\/323|[from] Leech Seed|[of] p1a: Heatran
|-heal|p1a: Heatran|203\/323|[silent]
|turn|33
|
|move|p1a: Heatran|Earth Power|p2a: Heatran
|-supereffective|p2a: Heatran
|-damage|p2a: Heatran|0 fnt
|faint|p2a: Heatran
|
|
|switch|p2a: Landorus-Therian|Landorus-Therian, M|280\/319
|-ability|p2a: Landorus-Therian|Intimidate|[of] p1a: Heatran
|-unboost|p1a: Heatran|atk|1
|turn|34
|-message|candres forfeited.
|
|win|Shizou
|raw|Ladder updating...
|leave|candres
|player|p2
|raw|Shizou's rating: 1553 &rarr; <strong>1572<\/strong><br \/>(+19 for winning)
|raw|candres's rating: 1534 &rarr; <strong>1515<\/strong><br \/>(-19 for losing)
|c|★Shizou|get fucking predicted