|join|nigerian crowbar
|join|RMC2
|player|p1|nigerian crowbar|2
|player|p2|RMC2|1
|gametype|singles
|gen|6
|tier|UU
|rated
|rule|Sleep Clause Mod: Limit one foe put to sleep
|rule|Species Clause: Limit one of each Pokémon
|rule|OHKO Clause: OHKO moves are banned
|rule|Moody Clause: Moody is banned
|rule|Evasion Moves Clause: Evasion moves are banned
|rule|Endless Battle Clause: Forcing endless battles is banned
|rule|HP Percentage Mod: HP is shown in percentages
|clearpoke
|poke|p1|Alakazam, F
|poke|p1|Empoleon, M
|poke|p1|Slurpuff, M
|poke|p1|Medicham, F
|poke|p1|Arcanine, M
|poke|p1|Scrafty, M
|poke|p2|Crobat, F
|poke|p2|Aggron, F
|poke|p2|Tangela, F
|poke|p2|Starmie
|poke|p2|Arcanine, M
|poke|p2|Florges, F
|rule|Swagger Clause: Swagger is banned
|rule|Baton Pass Clause: Limit one Pokémon knowing Baton Pass
|teampreview
|
|start
|switch|p1a: Arcanine|Arcanine, M|383\/383
|switch|p2a: Arcanine|Arcanine, M|384\/384
|-ability|p1a: Arcanine|Intimidate|[of] p2a: Arcanine
|-unboost|p2a: Arcanine|atk|1
|-ability|p2a: Arcanine|Intimidate|[of] p1a: Arcanine
|-unboost|p1a: Arcanine|atk|1
|turn|1
|
|switch|p1a: Empoleon|Empoleon, M|372\/372
|move|p2a: Arcanine|Toxic|p1a: Empoleon
|-fail|p1a: Empoleon
|
|turn|2
|
|switch|p2a: Starmie|Starmie|324\/324
|move|p1a: Empoleon|Scald|p2a: Starmie
|-resisted|p2a: Starmie
|-damage|p2a: Starmie|261\/324
|
|-heal|p2a: Starmie|281\/324|[from] item: Leftovers
|turn|3
|
|move|p2a: Starmie|Scald|p1a: Empoleon
|-resisted|p1a: Empoleon
|-damage|p1a: Empoleon|327\/372
|move|p1a: Empoleon|Toxic|p2a: Starmie
|-status|p2a: Starmie|tox
|
|-heal|p2a: Starmie|301\/324 tox|[from] item: Leftovers
|-heal|p1a: Empoleon|350\/372|[from] item: Leftovers
|-damage|p2a: Starmie|281\/324 tox|[from] psn
|turn|4
|
|move|p2a: Starmie|Scald|p1a: Empoleon
|-resisted|p1a: Empoleon
|-damage|p1a: Empoleon|305\/372
|-status|p1a: Empoleon|brn
|move|p1a: Empoleon|Scald|p2a: Starmie
|-resisted|p2a: Starmie
|-damage|p2a: Starmie|221\/324 tox
|
|-heal|p2a: Starmie|241\/324 tox|[from] item: Leftovers
|-heal|p1a: Empoleon|328\/372 brn|[from] item: Leftovers
|-damage|p2a: Starmie|201\/324 tox|[from] psn
|-damage|p1a: Empoleon|282\/372 brn|[from] brn
|turn|5
|
|switch|p2a: Florges|Florges, F|360\/360
|move|p1a: Empoleon|Flash Cannon|p2a: Florges
|-supereffective|p2a: Florges
|-damage|p2a: Florges|226\/360
|
|-heal|p2a: Florges|248\/360|[from] item: Leftovers
|-heal|p1a: Empoleon|305\/372 brn|[from] item: Leftovers
|-damage|p1a: Empoleon|259\/372 brn|[from] brn
|turn|6
|
|move|p2a: Florges|Wish|p2a: Florges
|move|p1a: Empoleon|Flash Cannon|p2a: Florges
|-supereffective|p2a: Florges
|-damage|p2a: Florges|96\/360
|
|-heal|p2a: Florges|118\/360|[from] item: Leftovers
|-heal|p1a: Empoleon|282\/372 brn|[from] item: Leftovers
|-damage|p1a: Empoleon|236\/372 brn|[from] brn
|turn|7
|
|switch|p1a: Slurpuff|Slurpuff, M|306\/306
|move|p2a: Florges|Protect|p2a: Florges
|-fail|p2a: Florges
|
|-heal|p2a: Florges|298\/360|[from] move: Wish|[wisher] Florges
|-heal|p2a: Florges|320\/360|[from] item: Leftovers
|turn|8
|
|switch|p2a: Aggron|Aggron, F|344\/344
|move|p1a: Slurpuff|Belly Drum|p1a: Slurpuff
|-damage|p1a: Slurpuff|153\/306
|-setboost|p1a: Slurpuff|atk|6|[from] move: Belly Drum
|-enditem|p1a: Slurpuff|Sitrus Berry|[eat]
|-heal|p1a: Slurpuff|229\/306|[from] item: Sitrus Berry
|
|turn|9
|
|detailschange|p2a: Aggron|Aggron-Mega, F
|-mega|p2a: Aggron|Aggron|Aggronite
|move|p1a: Slurpuff|Drain Punch|p2a: Aggron
|-supereffective|p2a: Aggron
|-damage|p2a: Aggron|154\/344
|-heal|p1a: Slurpuff|306\/306|[from] drain|[of] p2a: Aggron
|move|p2a: Aggron|Thunder Wave|p1a: Slurpuff
|-status|p1a: Slurpuff|par
|
|turn|10
|
|move|p2a: Aggron|Iron Head|p1a: Slurpuff
|-supereffective|p1a: Slurpuff
|-damage|p1a: Slurpuff|40\/306 par
|move|p1a: Slurpuff|Drain Punch|p2a: Aggron
|-supereffective|p2a: Aggron
|-damage|p2a: Aggron|0 fnt
|-heal|p1a: Slurpuff|117\/306 par|[from] drain|[of] p2a: Aggron
|faint|p2a: Aggron
|
|
|switch|p2a: Arcanine|Arcanine, M|384\/384
|-ability|p2a: Arcanine|Intimidate|[of] p1a: Slurpuff
|-unboost|p1a: Slurpuff|atk|1
|turn|11
|
|move|p2a: Arcanine|Flare Blitz|p1a: Slurpuff
|-damage|p1a: Slurpuff|0 fnt
|-damage|p2a: Arcanine|345\/384|[from] recoil|[of] p1a: Slurpuff
|faint|p1a: Slurpuff
|
|-heal|p2a: Arcanine|369\/384|[from] item: Leftovers
|
|switch|p1a: Empoleon|Empoleon, M|236\/372 brn
|turn|12
|
|switch|p2a: Starmie|Starmie|201\/324
|move|p1a: Empoleon|Toxic|p2a: Starmie
|-status|p2a: Starmie|tox
|
|-heal|p2a: Starmie|221\/324 tox|[from] item: Leftovers
|-heal|p1a: Empoleon|259\/372 brn|[from] item: Leftovers
|-damage|p2a: Starmie|201\/324 tox|[from] psn
|-damage|p1a: Empoleon|213\/372 brn|[from] brn
|turn|13
|
|move|p2a: Starmie|Recover|p2a: Starmie
|-heal|p2a: Starmie|324\/324 tox
|move|p1a: Empoleon|Scald|p2a: Starmie
|-resisted|p2a: Starmie
|-damage|p2a: Starmie|265\/324 tox
|
|-heal|p2a: Starmie|285\/324 tox|[from] item: Leftovers
|-heal|p1a: Empoleon|236\/372 brn|[from] item: Leftovers
|-damage|p2a: Starmie|245\/324 tox|[from] psn
|-damage|p1a: Empoleon|190\/372 brn|[from] brn
|turn|14
|
|switch|p2a: Tangela|Tangela, F|334\/334
|move|p1a: Empoleon|Scald|p2a: Tangela
|-resisted|p2a: Tangela
|-damage|p2a: Tangela|280\/334
|-status|p2a: Tangela|brn
|
|-heal|p1a: Empoleon|213\/372 brn|[from] item: Leftovers
|-damage|p2a: Tangela|239\/334 brn|[from] brn
|-damage|p1a: Empoleon|167\/372 brn|[from] brn
|turn|15
|
|switch|p2a: Starmie|Starmie|245\/324
|move|p1a: Empoleon|Flash Cannon|p2a: Starmie
|-resisted|p2a: Starmie
|-damage|p2a: Starmie|183\/324
|
|-heal|p2a: Starmie|203\/324|[from] item: Leftovers
|-heal|p1a: Empoleon|190\/372 brn|[from] item: Leftovers
|-damage|p1a: Empoleon|144\/372 brn|[from] brn
|turn|16
|
|move|p2a: Starmie|Recover|p2a: Starmie
|-heal|p2a: Starmie|324\/324
|move|p1a: Empoleon|Scald|p2a: Starmie
|-resisted|p2a: Starmie
|-damage|p2a: Starmie|265\/324
|-status|p2a: Starmie|brn
|
|-heal|p2a: Starmie|285\/324 brn|[from] item: Leftovers
|-heal|p1a: Empoleon|167\/372 brn|[from] item: Leftovers
|-damage|p2a: Starmie|245\/324 brn|[from] brn
|-damage|p1a: Empoleon|121\/372 brn|[from] brn
|turn|17
|
|switch|p2a: Florges|Florges, F|320\/360
|move|p1a: Empoleon|Scald|p2a: Florges
|-damage|p2a: Florges|221\/360
|
|-heal|p2a: Florges|243\/360|[from] item: Leftovers
|-heal|p1a: Empoleon|144\/372 brn|[from] item: Leftovers
|-damage|p1a: Empoleon|98\/372 brn|[from] brn
|turn|18
|
|move|p2a: Florges|Heal Bell|p2a: Florges
|-cureteam|p2a: Florges|[from] move: HealBell
|move|p1a: Empoleon|Flash Cannon|p2a: Florges
|-supereffective|p2a: Florges
|-damage|p2a: Florges|97\/360
|
|-heal|p2a: Florges|119\/360|[from] item: Leftovers
|-heal|p1a: Empoleon|121\/372 brn|[from] item: Leftovers
|-damage|p1a: Empoleon|75\/372 brn|[from] brn
|turn|19
|
|move|p2a: Florges|Protect|p2a: Florges
|-singleturn|p2a: Florges|Protect
|move|p1a: Empoleon|Flash Cannon|p2a: Florges
|-activate|p2a: Florges|Protect
|
|-heal|p2a: Florges|141\/360|[from] item: Leftovers
|-heal|p1a: Empoleon|98\/372 brn|[from] item: Leftovers
|-damage|p1a: Empoleon|52\/372 brn|[from] brn
|turn|20
|
|switch|p2a: Starmie|Starmie|245\/324
|move|p1a: Empoleon|Flash Cannon|p2a: Starmie
|-resisted|p2a: Starmie
|-damage|p2a: Starmie|186\/324
|
|-heal|p2a: Starmie|206\/324|[from] item: Leftovers
|-heal|p1a: Empoleon|75\/372 brn|[from] item: Leftovers
|-damage|p1a: Empoleon|29\/372 brn|[from] brn
|turn|21
|
|move|p2a: Starmie|Scald|p1a: Empoleon
|-crit|p1a: Empoleon
|-resisted|p1a: Empoleon
|-damage|p1a: Empoleon|0 fnt
|faint|p1a: Empoleon
|
|-heal|p2a: Starmie|226\/324|[from] item: Leftovers
|
|switch|p1a: Alakazam|Alakazam, F|251\/251
|turn|22
|
|switch|p2a: Tangela|Tangela, F|334\/334
|move|p1a: Alakazam|Shadow Ball|p2a: Tangela
|-damage|p2a: Tangela|205\/334
|
|turn|23
|
|move|p1a: Alakazam|Psyshock|p2a: Tangela
|-damage|p2a: Tangela|114\/334
|move|p2a: Tangela|Sleep Powder|p1a: Alakazam
|-status|p1a: Alakazam|slp
|
|turn|24
|
|cant|p1a: Alakazam|slp
|move|p2a: Tangela|Giga Drain|p1a: Alakazam
|-damage|p1a: Alakazam|158\/251 slp
|-heal|p2a: Tangela|161\/334|[from] drain|[of] p1a: Alakazam
|
|turn|25
|
|-curestatus|p1a: Alakazam|slp
|move|p1a: Alakazam|Shadow Ball|p2a: Tangela
|-damage|p2a: Tangela|10\/334
|move|p2a: Tangela|Giga Drain|p1a: Alakazam
|-damage|p1a: Alakazam|65\/251
|-heal|p2a: Tangela|57\/334|[from] drain|[of] p1a: Alakazam
|
|turn|26
|
|switch|p2a: Arcanine|Arcanine, M|369\/384
|-ability|p2a: Arcanine|Intimidate|[of] p1a: Alakazam
|-unboost|p1a: Alakazam|atk|1
|move|p1a: Alakazam|Shadow Ball|p2a: Arcanine
|-damage|p2a: Arcanine|261\/384
|
|-heal|p2a: Arcanine|285\/384|[from] item: Leftovers
|turn|27
|
|move|p1a: Alakazam|Psyshock|p2a: Arcanine
|-damage|p2a: Arcanine|74\/384
|move|p2a: Arcanine|Flare Blitz|p1a: Alakazam
|-damage|p1a: Alakazam|0 fnt
|-damage|p2a: Arcanine|53\/384|[from] recoil|[of] p1a: Alakazam
|faint|p1a: Alakazam
|
|-heal|p2a: Arcanine|77\/384|[from] item: Leftovers
|
|switch|p1a: Medicham|Medicham, F|261\/261
|turn|28
|
|switch|p2a: Tangela|Tangela, F|168\/334
|detailschange|p1a: Medicham|Medicham-Mega, F
|-mega|p1a: Medicham|Medicham|Medichamite
|move|p1a: Medicham|Fake Out|p2a: Tangela
|-damage|p2a: Tangela|131\/334
|
|turn|29
|
|move|p1a: Medicham|Ice Punch|p2a: Tangela
|-supereffective|p2a: Tangela
|-damage|p2a: Tangela|1\/334
|move|p2a: Tangela|Sleep Powder|p1a: Medicham
|-status|p1a: Medicham|slp
|
|turn|30
|
|cant|p1a: Medicham|slp
|move|p2a: Tangela|Leech Seed|p1a: Medicham
|-start|p1a: Medicham|move: Leech Seed
|
|-damage|p1a: Medicham|229\/261 slp|[from] Leech Seed|[of] p2a: Tangela
|-heal|p2a: Tangela|33\/334|[silent]
|turn|31
|
|switch|p2a: Florges|Florges, F|141\/360
|cant|p1a: Medicham|slp
|
|-heal|p2a: Florges|163\/360|[from] item: Leftovers
|-damage|p1a: Medicham|197\/261 slp|[from] Leech Seed|[of] p2a: Florges
|-heal|p2a: Florges|195\/360|[silent]
|turn|32
|
|cant|p1a: Medicham|slp
|move|p2a: Florges|Wish|p2a: Florges
|
|-heal|p2a: Florges|217\/360|[from] item: Leftovers
|-damage|p1a: Medicham|165\/261 slp|[from] Leech Seed|[of] p2a: Florges
|-heal|p2a: Florges|249\/360|[silent]
|turn|33
|
|-curestatus|p1a: Medicham|slp
|move|p1a: Medicham|Psycho Cut|p2a: Florges
|-crit|p2a: Florges
|-damage|p2a: Florges|0 fnt
|faint|p2a: Florges
|
|
|switch|p2a: Crobat|Crobat, F|374\/374
|turn|34
|
|move|p2a: Crobat|Brave Bird|p1a: Medicham
|-supereffective|p1a: Medicham
|-damage|p1a: Medicham|0 fnt
|-damage|p2a: Crobat|320\/374|[from] recoil|[of] p1a: Medicham
|faint|p1a: Medicham
|
|-heal|p2a: Crobat|343\/374|[from] item: Black Sludge
|
|switch|p1a: Arcanine|Arcanine, M|383\/383
|-ability|p1a: Arcanine|Intimidate|[of] p2a: Crobat
|-unboost|p2a: Crobat|atk|1
|turn|35
|
|switch|p2a: Starmie|Starmie|226\/324
|move|p1a: Arcanine|Will-O-Wisp|p2a: Starmie
|-status|p2a: Starmie|brn
|
|-heal|p2a: Starmie|246\/324 brn|[from] item: Leftovers
|-damage|p2a: Starmie|206\/324 brn|[from] brn
|turn|36
|
|switch|p2a: Tangela|Tangela, F|144\/334
|switch|p1a: Scrafty|Scrafty, M|271\/271
|-ability|p1a: Scrafty|Intimidate|[of] p2a: Tangela
|-unboost|p2a: Tangela|atk|1
|
|turn|37
|
|move|p1a: Scrafty|Dragon Dance|p1a: Scrafty
|-boost|p1a: Scrafty|atk|1
|-boost|p1a: Scrafty|spe|1
|move|p2a: Tangela|Leech Seed|p1a: Scrafty|[miss]
|-miss|p2a: Tangela|p1a: Scrafty
|
|turn|38
|
|move|p1a: Scrafty|Crunch|p2a: Tangela
|-damage|p2a: Tangela|50\/334
|move|p2a: Tangela|Leech Seed|p1a: Scrafty
|-start|p1a: Scrafty|move: Leech Seed
|
|-damage|p1a: Scrafty|238\/271|[from] Leech Seed|[of] p2a: Tangela
|-heal|p2a: Tangela|83\/334|[silent]
|turn|39
|
|switch|p2a: Arcanine|Arcanine, M|77\/384
|-ability|p2a: Arcanine|Intimidate|[of] p1a: Scrafty
|-unboost|p1a: Scrafty|atk|1
|move|p1a: Scrafty|Crunch|p2a: Arcanine
|-damage|p2a: Arcanine|0 fnt
|faint|p2a: Arcanine
|
|
|switch|p2a: Crobat|Crobat, F|343\/374
|turn|40
|
|switch|p1a: Arcanine|Arcanine, M|383\/383
|-ability|p1a: Arcanine|Intimidate|[of] p2a: Crobat
|-unboost|p2a: Crobat|atk|1
|move|p2a: Crobat|Brave Bird|p1a: Arcanine
|-damage|p1a: Arcanine|284\/383
|-damage|p2a: Crobat|281\/374|[from] item: Rocky Helmet|[of] p1a: Arcanine
|-damage|p2a: Crobat|248\/374|[from] recoil|[of] p1a: Arcanine
|
|-heal|p2a: Crobat|271\/374|[from] item: Black Sludge
|turn|41
|
|switch|p2a: Starmie|Starmie|206\/324
|move|p1a: Arcanine|Extreme Speed|p2a: Starmie
|-damage|p2a: Starmie|125\/324
|
|-heal|p2a: Starmie|145\/324|[from] item: Leftovers
|turn|42
|
|move|p1a: Arcanine|Extreme Speed|p2a: Starmie
|-damage|p2a: Starmie|72\/324
|move|p2a: Starmie|Recover|p2a: Starmie
|-heal|p2a: Starmie|234\/324
|
|-heal|p2a: Starmie|254\/324|[from] item: Leftovers
|turn|43
|
|switch|p1a: Scrafty|Scrafty, M|238\/271
|-ability|p1a: Scrafty|Intimidate|[of] p2a: Starmie
|-unboost|p2a: Starmie|atk|1
|move|p2a: Starmie|Scald|p1a: Scrafty
|-damage|p1a: Scrafty|148\/271
|
|-heal|p2a: Starmie|274\/324|[from] item: Leftovers
|turn|44
|
|switch|p2a: Tangela|Tangela, F|194\/334
|move|p1a: Scrafty|Crunch|p2a: Tangela
|-damage|p2a: Tangela|131\/334
|
|turn|45
|
|move|p1a: Scrafty|Dragon Dance|p1a: Scrafty
|-boost|p1a: Scrafty|atk|1
|-boost|p1a: Scrafty|spe|1
|move|p2a: Tangela|Leech Seed|p1a: Scrafty
|-start|p1a: Scrafty|move: Leech Seed
|
|-damage|p1a: Scrafty|115\/271|[from] Leech Seed|[of] p2a: Tangela
|-heal|p2a: Tangela|164\/334|[silent]
|turn|46
|
|move|p1a: Scrafty|Drain Punch|p2a: Tangela
|-crit|p2a: Tangela
|-damage|p2a: Tangela|43\/334
|-heal|p1a: Scrafty|176\/271|[from] drain|[of] p2a: Tangela
|move|p2a: Tangela|Sleep Powder|p1a: Scrafty
|-status|p1a: Scrafty|slp
|-enditem|p1a: Scrafty|Chesto Berry|[eat]
|-curestatus|p1a: Scrafty|slp
|
|-damage|p1a: Scrafty|143\/271|[from] Leech Seed|[of] p2a: Tangela
|-heal|p2a: Tangela|76\/334|[silent]
|turn|47
|
|switch|p2a: Crobat|Crobat, F|271\/374
|move|p1a: Scrafty|Crunch|p2a: Crobat
|-damage|p2a: Crobat|63\/374
|
|-heal|p2a: Crobat|86\/374|[from] item: Black Sludge
|-damage|p1a: Scrafty|110\/271|[from] Leech Seed|[of] p2a: Crobat
|-heal|p2a: Crobat|119\/374|[silent]
|turn|48
|
|switch|p1a: Arcanine|Arcanine, M|284\/383
|-ability|p1a: Arcanine|Intimidate|[of] p2a: Crobat
|-unboost|p2a: Crobat|atk|1
|move|p2a: Crobat|Brave Bird|p1a: Arcanine
|-damage|p1a: Arcanine|184\/383
|-damage|p2a: Crobat|57\/374|[from] item: Rocky Helmet|[of] p1a: Arcanine
|-damage|p2a: Crobat|24\/374|[from] recoil|[of] p1a: Arcanine
|
|-heal|p2a: Crobat|47\/374|[from] item: Black Sludge
|turn|49
|
|switch|p2a: Starmie|Starmie|274\/324
|move|p1a: Arcanine|Morning Sun|p1a: Arcanine
|-heal|p1a: Arcanine|375\/383
|
|-heal|p2a: Starmie|294\/324|[from] item: Leftovers
|turn|50
|
|switch|p2a: Crobat|Crobat, F|47\/374
|move|p1a: Arcanine|Will-O-Wisp|p2a: Crobat|[miss]
|-miss|p1a: Arcanine|p2a: Crobat
|
|-heal|p2a: Crobat|70\/374|[from] item: Black Sludge
|turn|51
|
|switch|p2a: Starmie|Starmie|294\/324
|move|p1a: Arcanine|Extreme Speed|p2a: Starmie
|-damage|p2a: Starmie|209\/324
|
|-heal|p2a: Starmie|229\/324|[from] item: Leftovers
|turn|52
|
|move|p2a: Starmie|Scald|p1a: Arcanine
|-supereffective|p1a: Arcanine
|-damage|p1a: Arcanine|225\/383
|move|p1a: Arcanine|Will-O-Wisp|p2a: Starmie
|-status|p2a: Starmie|brn
|
|-heal|p2a: Starmie|249\/324 brn|[from] item: Leftovers
|-damage|p2a: Starmie|209\/324 brn|[from] brn
|turn|53
|
|move|p2a: Starmie|Scald|p1a: Arcanine
|-supereffective|p1a: Arcanine
|-damage|p1a: Arcanine|73\/383
|move|p1a: Arcanine|Morning Sun|p1a: Arcanine
|-heal|p1a: Arcanine|264\/383
|
|-heal|p2a: Starmie|229\/324 brn|[from] item: Leftovers
|-damage|p2a: Starmie|189\/324 brn|[from] brn
|turn|54
|
|move|p2a: Starmie|Recover|p2a: Starmie
|-heal|p2a: Starmie|324\/324 brn
|move|p1a: Arcanine|Morning Sun|p1a: Arcanine
|-heal|p1a: Arcanine|383\/383
|
|-damage|p2a: Starmie|284\/324 brn|[from] brn
|turn|55
|
|switch|p2a: Tangela|Tangela, F|187\/334
|move|p1a: Arcanine|Extreme Speed|p2a: Tangela
|-damage|p2a: Tangela|157\/334
|
|turn|56
|
|switch|p2a: Starmie|Starmie|284\/324
|move|p1a: Arcanine|Flare Blitz|p2a: Starmie
|-resisted|p2a: Starmie
|-damage|p2a: Starmie|191\/324
|-damage|p1a: Arcanine|352\/383|[from] recoil|[of] p2a: Starmie
|
|-heal|p2a: Starmie|211\/324|[from] item: Leftovers
|turn|57
|
|switch|p1a: Scrafty|Scrafty, M|110\/271
|-ability|p1a: Scrafty|Intimidate|[of] p2a: Starmie
|-unboost|p2a: Starmie|atk|1
|move|p2a: Starmie|Scald|p1a: Scrafty
|-damage|p1a: Scrafty|20\/271
|-status|p1a: Scrafty|brn
|
|-heal|p2a: Starmie|231\/324|[from] item: Leftovers
|-damage|p1a: Scrafty|0 fnt|[from] brn
|faint|p1a: Scrafty
|
|switch|p1a: Arcanine|Arcanine, M|352\/383
|-ability|p1a: Arcanine|Intimidate|[of] p2a: Starmie
|-unboost|p2a: Starmie|atk|1
|turn|58
|
|switch|p2a: Tangela|Tangela, F|268\/334
|move|p1a: Arcanine|Will-O-Wisp|p2a: Tangela
|-status|p2a: Tangela|brn
|
|-damage|p2a: Tangela|227\/334 brn|[from] brn
|turn|59
|
|move|p1a: Arcanine|Extreme Speed|p2a: Tangela
|-crit|p2a: Tangela
|-damage|p2a: Tangela|173\/334 brn
|move|p2a: Tangela|Leech Seed|p1a: Arcanine
|-start|p1a: Arcanine|move: Leech Seed
|
|-damage|p1a: Arcanine|305\/383|[from] Leech Seed|[of] p2a: Tangela
|-heal|p2a: Tangela|220\/334 brn|[silent]
|-damage|p2a: Tangela|179\/334 brn|[from] brn
|turn|60
|
|switch|p2a: Starmie|Starmie|231\/324
|move|p1a: Arcanine|Flare Blitz|p2a: Starmie
|-resisted|p2a: Starmie
|-damage|p2a: Starmie|142\/324
|-damage|p1a: Arcanine|276\/383|[from] recoil|[of] p2a: Starmie
|
|-heal|p2a: Starmie|162\/324|[from] item: Leftovers
|-damage|p1a: Arcanine|229\/383|[from] Leech Seed|[of] p2a: Starmie
|-heal|p2a: Starmie|209\/324|[silent]
|turn|61
|
|move|p2a: Starmie|Scald|p1a: Arcanine
|-supereffective|p1a: Arcanine
|-damage|p1a: Arcanine|77\/383
|move|p1a: Arcanine|Flare Blitz|p2a: Starmie
|-crit|p2a: Starmie
|-resisted|p2a: Starmie
|-damage|p2a: Starmie|74\/324
|-damage|p1a: Arcanine|32\/383|[from] recoil|[of] p2a: Starmie
|
|-heal|p2a: Starmie|94\/324|[from] item: Leftovers
|-damage|p1a: Arcanine|0 fnt|[from] Leech Seed|[of] p2a: Starmie
|-heal|p2a: Starmie|126\/324|[silent]
|faint|p1a: Arcanine
|
|win|RMC2
|raw|Ladder updating...
|raw|nigerian crowbar's rating: 1398 &rarr; <strong>1382<\/strong><br \/>(-16 for losing)
|raw|RMC2's rating: 1467 &rarr; <strong>1483<\/strong><br \/>(+16 for winning)