|join|Nightmare Vampire
|join|RMC2
|player|p1|Nightmare Vampire|272
|player|p2|RMC2|266
|gametype|singles
|gen|6
|tier|UU
|rated
|rule|Sleep Clause Mod: Limit one foe put to sleep
|rule|Species Clause: Limit one of each Pokémon
|rule|OHKO Clause: OHKO moves are banned
|rule|Moody Clause: Moody is banned
|rule|Evasion Moves Clause: Evasion moves are banned
|rule|Endless Battle Clause: Forcing endless battles is banned
|rule|HP Percentage Mod: HP is shown in percentages
|clearpoke
|poke|p1|Froslass, F
|poke|p1|Beedrill, F
|poke|p1|Raikou
|poke|p1|Braviary, M
|poke|p1|Lucario, M
|poke|p1|Starmie
|poke|p2|Crobat, F
|poke|p2|Aggron, M
|poke|p2|Tangela, F
|poke|p2|Starmie
|poke|p2|Arcanine, F
|poke|p2|Florges, F
|rule|Swagger Clause: Swagger is banned
|rule|Baton Pass Clause: Limit one Pokémon knowing Baton Pass
|teampreview
|
|start
|switch|p1a: Beedrill|Beedrill, F|271\/271
|switch|p2a: Arcanine|Arcanine, F|384\/384
|-ability|p2a: Arcanine|Intimidate|[of] p1a: Beedrill
|-unboost|p1a: Beedrill|atk|1
|turn|1
|
|detailschange|p1a: Beedrill|Beedrill-Mega, F
|-mega|p1a: Beedrill|Beedrill|Beedrillite
|move|p1a: Beedrill|Protect|p1a: Beedrill
|-singleturn|p1a: Beedrill|Protect
|move|p2a: Arcanine|Flare Blitz|p1a: Beedrill
|-activate|p1a: Beedrill|Protect
|
|turn|2
|
|move|p1a: Beedrill|U-turn|p2a: Arcanine
|-resisted|p2a: Arcanine
|-damage|p2a: Arcanine|306\/384
|
|switch|p1a: Starmie|Starmie|323\/323
|move|p2a: Arcanine|Crunch|p1a: Starmie
|-supereffective|p1a: Starmie
|-damage|p1a: Starmie|175\/323
|
|-heal|p1a: Starmie|195\/323|[from] item: Leftovers
|-heal|p2a: Arcanine|330\/384|[from] item: Leftovers
|turn|3
|
|switch|p2a: Tangela|Tangela, F|334\/334
|move|p1a: Starmie|Recover|p1a: Starmie
|-heal|p1a: Starmie|323\/323
|
|turn|4
|
|move|p1a: Starmie|Ice Beam|p2a: Tangela
|-supereffective|p2a: Tangela
|-damage|p2a: Tangela|168\/334
|move|p2a: Tangela|Sleep Powder|p1a: Starmie
|-status|p1a: Starmie|slp
|
|turn|5
|
|switch|p1a: Froslass|Froslass, F|281\/281
|move|p2a: Tangela|Sleep Powder|p1a: Froslass
|-status|p1a: Froslass|slp
|
|turn|6
|
|switch|p1a: Starmie|Starmie|323\/323
|switch|p2a: Aggron|Aggron, M|344\/344
|
|turn|7
|
|switch|p2a: Florges|Florges, F|360\/360
|move|p1a: Starmie|Scald|p2a: Florges
|-damage|p2a: Florges|297\/360
|
|-heal|p2a: Florges|319\/360|[from] item: Leftovers
|turn|8
|
|switch|p1a: Braviary|Braviary, M|404\/404
|move|p2a: Florges|Moonblast|p1a: Braviary
|-damage|p1a: Braviary|284\/404
|-unboost|p1a: Braviary|spa|1
|-boost|p1a: Braviary|atk|2|[from] ability: Defiant
|
|-heal|p1a: Braviary|309\/404|[from] item: Leftovers
|-heal|p2a: Florges|341\/360|[from] item: Leftovers
|turn|9
|c|★Nightmare Vampire|Thanks ;)
|
|switch|p2a: Aggron|Aggron, M|344\/344
|move|p1a: Braviary|Substitute|p1a: Braviary
|-start|p1a: Braviary|Substitute
|-damage|p1a: Braviary|208\/404
|
|-heal|p1a: Braviary|233\/404|[from] item: Leftovers
|turn|10
|
|detailschange|p2a: Aggron|Aggron-Mega, M
|-mega|p2a: Aggron|Aggron|Aggronite
|move|p1a: Braviary|Bulk Up|p1a: Braviary
|-boost|p1a: Braviary|atk|1
|-boost|p1a: Braviary|def|1
|move|p2a: Aggron|Iron Head|p1a: Braviary
|-activate|p1a: Braviary|Substitute|[damage]
|
|-heal|p1a: Braviary|258\/404|[from] item: Leftovers
|turn|11
|
|move|p1a: Braviary|Bulk Up|p1a: Braviary
|-boost|p1a: Braviary|atk|1
|-boost|p1a: Braviary|def|1
|move|p2a: Aggron|Iron Head|p1a: Braviary
|-end|p1a: Braviary|Substitute
|
|-heal|p1a: Braviary|283\/404|[from] item: Leftovers
|turn|12
|
|switch|p2a: Crobat|Crobat, F|374\/374
|move|p1a: Braviary|Substitute|p1a: Braviary
|-start|p1a: Braviary|Substitute
|-damage|p1a: Braviary|182\/404
|
|-heal|p1a: Braviary|207\/404|[from] item: Leftovers
|turn|13
|
|move|p2a: Crobat|Brave Bird|p1a: Braviary
|-crit|p1a: Braviary
|-damage|p1a: Braviary|0 fnt
|-damage|p2a: Crobat|306\/374|[from] recoil|[of] p1a: Braviary
|faint|p1a: Braviary
|
|-heal|p2a: Crobat|329\/374|[from] item: Black Sludge
|c|★Nightmare Vampire|Fkin crit
|
|switch|p1a: Raikou|Raikou|321\/321
|-ability|p1a: Raikou|Pressure
|turn|14
|
|switch|p2a: Tangela|Tangela, F|279\/334
|move|p1a: Raikou|Volt Switch|p2a: Tangela
|-resisted|p2a: Tangela
|-damage|p2a: Tangela|194\/334
|
|switch|p1a: Beedrill|Beedrill-Mega, F|271\/271
|
|turn|15
|
|switch|p2a: Aggron|Aggron-Mega, M|344\/344
|move|p1a: Beedrill|U-turn|p2a: Aggron
|-resisted|p2a: Aggron
|-damage|p2a: Aggron|302\/344
|
|switch|p1a: Raikou|Raikou|321\/321
|-ability|p1a: Raikou|Pressure
|
|turn|16
|
|move|p1a: Raikou|Volt Switch|p2a: Aggron
|-damage|p2a: Aggron|160\/344
|
|switch|p1a: Starmie|Starmie|323\/323
|move|p2a: Aggron|Stealth Rock|p1a: Starmie
|-sidestart|p1: Nightmare Vampire|move: Stealth Rock
|
|turn|17
|
|switch|p2a: Florges|Florges, F|341\/360
|move|p1a: Starmie|Rapid Spin|p2a: Florges
|-damage|p2a: Florges|331\/360
|-sideend|p1: Nightmare Vampire|Stealth Rock|[from] move: Rapid Spin|[of] p1a: Starmie
|
|-heal|p2a: Florges|353\/360|[from] item: Leftovers
|turn|18
|
|switch|p1a: Lucario|Lucario, M|279\/279
|move|p2a: Florges|Wish|p2a: Florges
|
|-heal|p2a: Florges|360\/360|[from] item: Leftovers
|turn|19
|
|move|p1a: Lucario|Swords Dance|p1a: Lucario
|-boost|p1a: Lucario|atk|2
|move|p2a: Florges|Moonblast|p1a: Lucario
|-damage|p1a: Lucario|113\/279
|
|turn|20
|
|move|p2a: Florges|Protect|p2a: Florges
|-singleturn|p2a: Florges|Protect
|move|p1a: Lucario|Bullet Punch|p2a: Florges
|-activate|p2a: Florges|Protect
|
|turn|21
|
|move|p1a: Lucario|Bullet Punch|p2a: Florges
|-supereffective|p2a: Florges
|-damage|p2a: Florges|32\/360
|-damage|p1a: Lucario|86\/279|[from] item: Life Orb
|move|p2a: Florges|Moonblast|p1a: Lucario
|-damage|p1a: Lucario|0 fnt
|faint|p1a: Lucario
|
|-heal|p2a: Florges|54\/360|[from] item: Leftovers
|
|switch|p1a: Raikou|Raikou|321\/321
|-ability|p1a: Raikou|Pressure
|turn|22
|
|move|p2a: Florges|Protect|p2a: Florges
|-singleturn|p2a: Florges|Protect
|move|p1a: Raikou|Volt Switch|p2a: Florges
|-activate|p2a: Florges|Protect
|
|-heal|p2a: Florges|76\/360|[from] item: Leftovers
|turn|23
|
|switch|p2a: Tangela|Tangela, F|305\/334
|move|p1a: Raikou|Volt Switch|p2a: Tangela
|-resisted|p2a: Tangela
|-damage|p2a: Tangela|206\/334
|
|switch|p1a: Beedrill|Beedrill-Mega, F|271\/271
|
|turn|24
|
|switch|p2a: Crobat|Crobat, F|329\/374
|move|p1a: Beedrill|U-turn|p2a: Crobat
|-resisted|p2a: Crobat
|-damage|p2a: Crobat|281\/374
|
|switch|p1a: Raikou|Raikou|321\/321
|-ability|p1a: Raikou|Pressure
|
|-heal|p2a: Crobat|304\/374|[from] item: Black Sludge
|turn|25
|
|move|p2a: Crobat|Roost|p2a: Crobat
|-heal|p2a: Crobat|374\/374
|move|p1a: Raikou|Volt Switch|p2a: Crobat
|-crit|p2a: Crobat
|-damage|p2a: Crobat|64\/374
|
|switch|p1a: Beedrill|Beedrill-Mega, F|271\/271
|
|-heal|p2a: Crobat|87\/374|[from] item: Black Sludge
|turn|26
|
|switch|p2a: Arcanine|Arcanine, F|330\/384
|-ability|p2a: Arcanine|Intimidate|[of] p1a: Beedrill
|-unboost|p1a: Beedrill|atk|1
|move|p1a: Beedrill|Knock Off|p2a: Arcanine
|-damage|p2a: Arcanine|227\/384
|-enditem|p2a: Arcanine|Leftovers|[from] move: Knock Off|[of] p1a: Beedrill
|
|turn|27
|
|move|p1a: Beedrill|U-turn|p2a: Arcanine
|-resisted|p2a: Arcanine
|-damage|p2a: Arcanine|146\/384
|
|switch|p1a: Starmie|Starmie|323\/323
|move|p2a: Arcanine|Morning Sun|p2a: Arcanine
|-heal|p2a: Arcanine|338\/384
|
|turn|28
|
|switch|p2a: Tangela|Tangela, F|317\/334
|move|p1a: Starmie|Scald|p2a: Tangela
|-resisted|p2a: Tangela
|-damage|p2a: Tangela|269\/334
|-status|p2a: Tangela|brn
|
|-damage|p2a: Tangela|228\/334 brn|[from] brn
|turn|29
|
|move|p1a: Starmie|Ice Beam|p2a: Tangela
|-supereffective|p2a: Tangela
|-damage|p2a: Tangela|72\/334 brn
|move|p2a: Tangela|Giga Drain|p1a: Starmie
|-crit|p1a: Starmie
|-supereffective|p1a: Starmie
|-damage|p1a: Starmie|0 fnt
|-heal|p2a: Tangela|234\/334 brn|[from] drain|[of] p1a: Starmie
|faint|p1a: Starmie
|
|-damage|p2a: Tangela|193\/334 brn|[from] brn
|c|★Nightmare Vampire|Fkin
|c|★Nightmare Vampire|Crit
|
|switch|p1a: Beedrill|Beedrill-Mega, F|271\/271
|turn|30
|
|switch|p2a: Starmie|Starmie|324\/324
|move|p1a: Beedrill|U-turn|p2a: Starmie
|-supereffective|p2a: Starmie
|-damage|p2a: Starmie|0 fnt
|faint|p2a: Starmie
|
|switch|p1a: Froslass|Froslass, F|281\/281 slp
|
|
|switch|p2a: Aggron|Aggron-Mega, M|160\/344
|turn|31
|
|cant|p1a: Froslass|slp
|move|p2a: Aggron|Stealth Rock|p1a: Froslass
|-sidestart|p1: Nightmare Vampire|move: Stealth Rock
|
|turn|32
|
|cant|p1a: Froslass|slp
|move|p2a: Aggron|Iron Head|p1a: Froslass
|-supereffective|p1a: Froslass
|-enditem|p1a: Froslass|Focus Sash
|-damage|p1a: Froslass|1\/281 slp
|
|turn|33
|
|switch|p2a: Florges|Florges, F|76\/360
|-curestatus|p1a: Froslass|slp
|move|p1a: Froslass|Destiny Bond|p1a: Froslass
|-singlemove|p1a: Froslass|Destiny Bond
|
|-heal|p2a: Florges|98\/360|[from] item: Leftovers
|turn|34
|
|move|p1a: Froslass|Spikes|p2a: Florges
|-sidestart|p2: RMC2|Spikes
|move|p2a: Florges|Wish|p2a: Florges
|
|-heal|p2a: Florges|120\/360|[from] item: Leftovers
|turn|35
|
|move|p1a: Froslass|Destiny Bond|p1a: Froslass
|-singlemove|p1a: Froslass|Destiny Bond
|move|p2a: Florges|Moonblast|p1a: Froslass
|-damage|p1a: Froslass|0 fnt
|faint|p1a: Froslass
|-activate|p1a: Froslass|Destiny Bond
|faint|p2a: Florges
|
|
|switch|p2a: Crobat|Crobat, F|87\/374
|switch|p1a: Raikou|Raikou|321\/321
|-damage|p1a: Raikou|281\/321|[from] Stealth Rock
|-ability|p1a: Raikou|Pressure
|turn|36
|
|move|p2a: Crobat|Roost|p2a: Crobat
|-heal|p2a: Crobat|274\/374
|move|p1a: Raikou|Extrasensory|p2a: Crobat
|-crit|p2a: Crobat
|-supereffective|p2a: Crobat
|-damage|p2a: Crobat|0 fnt
|faint|p2a: Crobat
|
|
|switch|p2a: Arcanine|Arcanine, F|338\/384
|-damage|p2a: Arcanine|290\/384|[from] Spikes
|-ability|p2a: Arcanine|Intimidate|[of] p1a: Raikou
|-unboost|p1a: Raikou|atk|1
|turn|37
|
|switch|p1a: Beedrill|Beedrill-Mega, F|271\/271
|-damage|p1a: Beedrill|204\/271|[from] Stealth Rock
|move|p2a: Arcanine|Flare Blitz|p1a: Beedrill
|-supereffective|p1a: Beedrill
|-damage|p1a: Beedrill|0 fnt
|-damage|p2a: Arcanine|223\/384|[from] recoil|[of] p1a: Beedrill
|faint|p1a: Beedrill
|
|
|switch|p1a: Raikou|Raikou|281\/321
|-damage|p1a: Raikou|241\/321|[from] Stealth Rock
|-ability|p1a: Raikou|Pressure
|turn|38
|
|move|p1a: Raikou|Thunderbolt|p2a: Arcanine
|-damage|p2a: Arcanine|52\/384
|move|p2a: Arcanine|Flare Blitz|p1a: Raikou
|-damage|p1a: Raikou|37\/321
|-damage|p2a: Arcanine|0 fnt|[from] recoil|[of] p1a: Raikou
|faint|p2a: Arcanine
|
|
|switch|p2a: Tangela|Tangela, F|304\/334 brn
|-damage|p2a: Tangela|263\/334 brn|[from] Spikes
|turn|39
|
|move|p1a: Raikou|Thunderbolt|p2a: Tangela
|-resisted|p2a: Tangela
|-damage|p2a: Tangela|145\/334 brn
|move|p2a: Tangela|Giga Drain|p1a: Raikou
|-damage|p1a: Raikou|0 fnt
|-heal|p2a: Tangela|164\/334 brn|[from] drain|[of] p1a: Raikou
|faint|p1a: Raikou
|
|win|RMC2
|raw|Ladder updating...
|raw|Nightmare Vampire's rating: 1276 &rarr; <strong>1249<\/strong><br \/>(-27 for losing)
|raw|RMC2's rating: 1261 &rarr; <strong>1287<\/strong><br \/>(+26 for winning)
|c|★Nightmare Vampire|Gg