|join|jk1ne
|join|RMC2
|player|p1|jk1ne|244
|player|p2|RMC2|265
|gametype|singles
|gen|6
|tier|UU
|rated
|rule|Sleep Clause Mod: Limit one foe put to sleep
|rule|Species Clause: Limit one of each Pokémon
|rule|OHKO Clause: OHKO moves are banned
|rule|Moody Clause: Moody is banned
|rule|Evasion Moves Clause: Evasion moves are banned
|rule|Endless Battle Clause: Forcing endless battles is banned
|rule|HP Percentage Mod: HP is shown in percentages
|clearpoke
|poke|p1|Aerodactyl, M, shiny
|poke|p1|Cloyster, M, shiny
|poke|p1|Jirachi, shiny
|poke|p1|Serperior, F, shiny
|poke|p1|Galvantula, F, shiny
|poke|p1|Porygon2, shiny
|poke|p2|Crobat, F
|poke|p2|Aggron, F
|poke|p2|Tangela, M
|poke|p2|Starmie
|poke|p2|Arcanine, M
|poke|p2|Florges, F
|rule|Swagger Clause: Swagger is banned
|rule|Baton Pass Clause: Limit one Pokémon knowing Baton Pass
|teampreview
|
|start
|switch|p1a: Aerodactyl|Aerodactyl, M, shiny|301\/301
|switch|p2a: Aggron|Aggron, F|344\/344
|turn|1
|
|detailschange|p1a: Aerodactyl|Aerodactyl-Mega, M, shiny
|-mega|p1a: Aerodactyl|Aerodactyl|Aerodactylite
|detailschange|p2a: Aggron|Aggron-Mega, F
|-mega|p2a: Aggron|Aggron|Aggronite
|move|p1a: Aerodactyl|Earthquake|p2a: Aggron
|-supereffective|p2a: Aggron
|-damage|p2a: Aggron|260\/344
|move|p2a: Aggron|Iron Head|p1a: Aerodactyl
|-supereffective|p1a: Aerodactyl
|-damage|p1a: Aerodactyl|29\/301
|
|turn|2
|
|move|p1a: Aerodactyl|Earthquake|p2a: Aggron
|-supereffective|p2a: Aggron
|-damage|p2a: Aggron|175\/344
|move|p2a: Aggron|Stealth Rock|p1a: Aerodactyl
|-sidestart|p1: jk1ne|move: Stealth Rock
|
|turn|3
|
|switch|p2a: Tangela|Tangela, M|334\/334
|move|p1a: Aerodactyl|Earthquake|p2a: Tangela
|-resisted|p2a: Tangela
|-damage|p2a: Tangela|303\/334
|
|turn|4
|
|move|p1a: Aerodactyl|Aerial Ace|p2a: Tangela
|-supereffective|p2a: Tangela
|-damage|p2a: Tangela|157\/334
|move|p2a: Tangela|Hidden Power|p1a: Aerodactyl
|-supereffective|p1a: Aerodactyl
|-damage|p1a: Aerodactyl|0 fnt
|faint|p1a: Aerodactyl
|
|
|switch|p1a: Kratt|Cloyster, M, shiny|241\/241
|-damage|p1a: Kratt|181\/241|[from] Stealth Rock
|turn|5
|
|switch|p2a: Aggron|Aggron-Mega, F|175\/344
|move|p1a: Kratt|Icicle Spear|p2a: Aggron
|-resisted|p2a: Aggron
|-damage|p2a: Aggron|165\/344
|-resisted|p2a: Aggron
|-damage|p2a: Aggron|156\/344
|-resisted|p2a: Aggron
|-damage|p2a: Aggron|147\/344
|-resisted|p2a: Aggron
|-damage|p2a: Aggron|138\/344
|-resisted|p2a: Aggron
|-damage|p2a: Aggron|129\/344
|-hitcount|p2a: Aggron|5
|
|turn|6
|
|switch|p1a: Porygon2|Porygon2, shiny|373\/373
|-damage|p1a: Porygon2|327\/373|[from] Stealth Rock
|-boost|p1a: Porygon2|spa|1|[from] ability: Download
|move|p2a: Aggron|Thunder Wave|p1a: Porygon2
|-status|p1a: Porygon2|par
|
|turn|7
|
|switch|p2a: Florges|Florges, F|360\/360
|move|p1a: Porygon2|Discharge|p2a: Florges
|-damage|p2a: Florges|261\/360
|-status|p2a: Florges|par
|
|-heal|p2a: Florges|283\/360 par|[from] item: Leftovers
|turn|8
|
|move|p2a: Florges|Wish|p2a: Florges
|move|p1a: Porygon2|Tri Attack|p2a: Florges
|-damage|p2a: Florges|136\/360 par
|
|-heal|p2a: Florges|158\/360 par|[from] item: Leftovers
|turn|9
|
|move|p2a: Florges|Heal Bell|p2a: Florges
|-cureteam|p2a: Florges|[from] move: HealBell
|move|p1a: Porygon2|Tri Attack|p2a: Florges
|-damage|p2a: Florges|17\/360
|
|-heal|p2a: Florges|197\/360|[from] move: Wish|[wisher] Florges
|-heal|p2a: Florges|219\/360|[from] item: Leftovers
|turn|10
|
|move|p2a: Florges|Wish|p2a: Florges
|cant|p1a: Porygon2|par
|
|-heal|p2a: Florges|241\/360|[from] item: Leftovers
|turn|11
|
|switch|p2a: Aggron|Aggron-Mega, F|129\/344
|move|p1a: Porygon2|Tri Attack|p2a: Aggron
|-resisted|p2a: Aggron
|-damage|p2a: Aggron|48\/344
|
|-heal|p2a: Aggron|228\/344|[from] move: Wish|[wisher] Florges
|turn|12
|
|switch|p2a: Florges|Florges, F|241\/360
|move|p1a: Porygon2|Tri Attack|p2a: Florges
|-damage|p2a: Florges|111\/360
|
|-heal|p2a: Florges|133\/360|[from] item: Leftovers
|turn|13
|
|move|p2a: Florges|Protect|p2a: Florges
|-singleturn|p2a: Florges|Protect
|move|p1a: Porygon2|Tri Attack|p2a: Florges
|-activate|p2a: Florges|Protect
|
|-heal|p2a: Florges|155\/360|[from] item: Leftovers
|turn|14
|
|move|p2a: Florges|Wish|p2a: Florges
|move|p1a: Porygon2|Tri Attack|p2a: Florges
|-damage|p2a: Florges|11\/360
|
|-heal|p2a: Florges|33\/360|[from] item: Leftovers
|turn|15
|-message|jk1ne lost due to inactivity.
|
|win|RMC2
|raw|Ladder updating...