|join|RMC2
|join|LASHLEY 93
|player|p1|RMC2|2
|player|p2|LASHLEY 93|102
|gametype|singles
|gen|6
|tier|UU
|rated
|rule|Sleep Clause Mod: Limit one foe put to sleep
|rule|Species Clause: Limit one of each Pokémon
|rule|OHKO Clause: OHKO moves are banned
|rule|Moody Clause: Moody is banned
|rule|Evasion Moves Clause: Evasion moves are banned
|rule|Endless Battle Clause: Forcing endless battles is banned
|rule|HP Percentage Mod: HP is shown in percentages
|clearpoke
|poke|p1|Crobat, F
|poke|p1|Aggron, F
|poke|p1|Tangela, F
|poke|p1|Starmie
|poke|p1|Arcanine, F
|poke|p1|Florges, F
|poke|p2|Porygon-Z, shiny
|poke|p2|Suicune, shiny
|poke|p2|Krookodile, F
|poke|p2|Medicham, M
|poke|p2|Crobat, F
|poke|p2|Jirachi, shiny
|rule|Swagger Clause: Swagger is banned
|rule|Baton Pass Clause: Limit one Pokémon knowing Baton Pass
|teampreview
|
|start
|switch|p1a: Aggron|Aggron, F|344\/344
|switch|p2a: Medicham|Medicham, M|261\/261
|turn|1
|
|detailschange|p2a: Medicham|Medicham-Mega, M
|-mega|p2a: Medicham|Medicham|Medichamite
|detailschange|p1a: Aggron|Aggron-Mega, F
|-mega|p1a: Aggron|Aggron|Aggronite
|move|p2a: Medicham|Substitute|p2a: Medicham
|-start|p2a: Medicham|Substitute
|-damage|p2a: Medicham|196\/261
|move|p1a: Aggron|Thunder Wave|p2a: Medicham
|
|turn|2
|
|switch|p1a: Crobat|Crobat, F|374\/374
|move|p2a: Medicham|High Jump Kick|p1a: Crobat
|-resisted|p1a: Crobat
|-damage|p1a: Crobat|258\/374
|
|-heal|p1a: Crobat|281\/374|[from] item: Black Sludge
|turn|3
|
|switch|p2a: Jirachi|Jirachi, shiny|342\/342
|move|p1a: Crobat|Brave Bird|p2a: Jirachi
|-resisted|p2a: Jirachi
|-damage|p2a: Jirachi|295\/342
|-damage|p1a: Crobat|265\/374|[from] recoil|[of] p2a: Jirachi
|
|-heal|p1a: Crobat|288\/374|[from] item: Black Sludge
|-heal|p2a: Jirachi|316\/342|[from] item: Leftovers
|turn|4
|
|switch|p1a: Arcanine|Arcanine, F|384\/384
|-ability|p1a: Arcanine|Intimidate|[of] p2a: Jirachi
|-unboost|p2a: Jirachi|atk|1
|switch|p2a: REY|Suicune, shiny|373\/373
|-ability|p2a: REY|Pressure
|
|turn|5
|
|move|p1a: Arcanine|Toxic|p2a: REY
|-status|p2a: REY|tox
|move|p2a: REY|Substitute|p2a: REY
|-start|p2a: REY|Substitute
|-damage|p2a: REY|280\/373 tox
|
|-heal|p2a: REY|303\/373 tox|[from] item: Leftovers
|-damage|p2a: REY|280\/373 tox|[from] psn
|turn|6
|
|switch|p1a: Florges|Florges, F|360\/360
|move|p2a: REY|Calm Mind|p2a: REY
|-boost|p2a: REY|spa|1
|-boost|p2a: REY|spd|1
|
|-heal|p2a: REY|303\/373 tox|[from] item: Leftovers
|-damage|p2a: REY|257\/373 tox|[from] psn
|turn|7
|
|move|p2a: REY|Scald|p1a: Florges
|-damage|p1a: Florges|242\/360
|move|p1a: Florges|Wish|p1a: Florges
|
|-heal|p2a: REY|280\/373 tox|[from] item: Leftovers
|-heal|p1a: Florges|264\/360|[from] item: Leftovers
|-damage|p2a: REY|211\/373 tox|[from] psn
|turn|8
|
|switch|p2a: Medicham|Medicham-Mega, M|196\/261
|switch|p1a: Crobat|Crobat, F|288\/374
|
|-heal|p1a: Crobat|374\/374|[from] move: Wish|[wisher] Florges
|turn|9
|c|★LASHLEY 93|i have poison
|
|switch|p2a: Jirachi|Jirachi, shiny|316\/342
|move|p1a: Crobat|Brave Bird|p2a: Jirachi
|-resisted|p2a: Jirachi
|-damage|p2a: Jirachi|268\/342
|-damage|p1a: Crobat|358\/374|[from] recoil|[of] p2a: Jirachi
|
|-heal|p1a: Crobat|374\/374|[from] item: Black Sludge
|-heal|p2a: Jirachi|289\/342|[from] item: Leftovers
|turn|10
|
|move|p1a: Crobat|Taunt|p2a: Jirachi
|-start|p2a: Jirachi|move: Taunt
|cant|p2a: Jirachi|move: Taunt|Substitute
|
|-heal|p2a: Jirachi|310\/342|[from] item: Leftovers
|turn|11
|
|switch|p1a: Arcanine|Arcanine, F|384\/384
|-ability|p1a: Arcanine|Intimidate|[of] p2a: Jirachi
|-unboost|p2a: Jirachi|atk|1
|move|p2a: Jirachi|Psyshock|p1a: Arcanine
|-damage|p1a: Arcanine|269\/384
|
|-heal|p2a: Jirachi|331\/342|[from] item: Leftovers
|-heal|p1a: Arcanine|293\/384|[from] item: Leftovers
|turn|12
|
|switch|p2a: NWO BABY|Krookodile, F|331\/331
|-ability|p2a: NWO BABY|Intimidate|[of] p1a: Arcanine
|-unboost|p1a: Arcanine|atk|1
|move|p1a: Arcanine|Flare Blitz|p2a: NWO BABY
|-damage|p2a: NWO BABY|211\/331
|-damage|p1a: Arcanine|253\/384|[from] recoil|[of] p2a: NWO BABY
|
|-heal|p1a: Arcanine|277\/384|[from] item: Leftovers
|turn|13
|
|switch|p1a: Aggron|Aggron-Mega, F|344\/344
|move|p2a: NWO BABY|Stealth Rock|p1a: Aggron
|-sidestart|p1: RMC2|move: Stealth Rock
|
|turn|14
|
|move|p2a: NWO BABY|Earthquake|p1a: Aggron
|-supereffective|p1a: Aggron
|-damage|p1a: Aggron|223\/344
|move|p1a: Aggron|Stealth Rock|p2a: NWO BABY
|-sidestart|p2: LASHLEY 93|move: Stealth Rock
|
|turn|15
|
|switch|p1a: Tangela|Tangela, F|334\/334
|-damage|p1a: Tangela|293\/334|[from] Stealth Rock
|move|p2a: NWO BABY|Superpower|p1a: Tangela
|-damage|p1a: Tangela|228\/334
|-unboost|p2a: NWO BABY|atk|1
|-unboost|p2a: NWO BABY|def|1
|
|turn|16
|
|switch|p2a: XTREME TIGER|Crobat, F|343\/343
|-damage|p2a: XTREME TIGER|258\/343|[from] Stealth Rock
|move|p1a: Tangela|Sleep Powder|p2a: XTREME TIGER
|-status|p2a: XTREME TIGER|slp
|
|-heal|p2a: XTREME TIGER|279\/343 slp|[from] item: Black Sludge
|turn|17
|
|switch|p1a: Starmie|Starmie|324\/324
|-damage|p1a: Starmie|284\/324|[from] Stealth Rock
|cant|p2a: XTREME TIGER|slp
|
|-heal|p2a: XTREME TIGER|300\/343 slp|[from] item: Black Sludge
|-heal|p1a: Starmie|304\/324|[from] item: Leftovers
|turn|18
|c|★LASHLEY 93|!data tengela
No Pokemon, item, move, ability or nature named 'tengela' was found. Showing the data of 'Tangela' instead.
|c|~|\/data-pokemon Tangela

|
|switch|p2a: NWO BABY|Krookodile, F|211\/331
|-damage|p2a: NWO BABY|191\/331|[from] Stealth Rock
|-ability|p2a: NWO BABY|Intimidate|[of] p1a: Starmie
|-unboost|p1a: Starmie|atk|1
|move|p1a: Starmie|Rapid Spin|p2a: NWO BABY
|-damage|p2a: NWO BABY|181\/331
|-sideend|p1: RMC2|Stealth Rock|[from] move: Rapid Spin|[of] p1a: Starmie
|
|-heal|p1a: Starmie|324\/324|[from] item: Leftovers
|turn|19
|
|move|p1a: Starmie|Scald|p2a: NWO BABY
|-supereffective|p2a: NWO BABY
|-damage|p2a: NWO BABY|0 fnt
|faint|p2a: NWO BABY
|
|
|switch|p2a: Porygon-Z|Porygon-Z, shiny|311\/311
|-damage|p2a: Porygon-Z|273\/311|[from] Stealth Rock
|turn|20
|
|switch|p1a: Florges|Florges, F|264\/360
|move|p2a: Porygon-Z|Tri Attack|p1a: Florges
|-damage|p1a: Florges|126\/360
|-status|p1a: Florges|frz
|
|-heal|p1a: Florges|148\/360 frz|[from] item: Leftovers
|turn|21
|
|cant|p1a: Florges|frz
|move|p2a: Porygon-Z|Tri Attack|p1a: Florges
|-damage|p1a: Florges|2\/360 frz
|
|-heal|p1a: Florges|24\/360 frz|[from] item: Leftovers
|turn|22
|
|cant|p1a: Florges|frz
|move|p2a: Porygon-Z|Tri Attack|p1a: Florges
|-damage|p1a: Florges|0 fnt
|faint|p1a: Florges
|
|
|switch|p1a: Aggron|Aggron-Mega, F|223\/344
|turn|23
|
|move|p2a: Porygon-Z|Tri Attack|p1a: Aggron
|-resisted|p1a: Aggron
|-damage|p1a: Aggron|141\/344
|move|p1a: Aggron|Thunder Wave|p2a: Porygon-Z
|-status|p2a: Porygon-Z|par
|
|turn|24
|
|move|p1a: Aggron|Iron Head|p2a: Porygon-Z
|-damage|p2a: Porygon-Z|110\/311 par
|cant|p2a: Porygon-Z|flinch
|
|turn|25
|
|move|p1a: Aggron|Iron Head|p2a: Porygon-Z
|-damage|p2a: Porygon-Z|0 fnt
|faint|p2a: Porygon-Z
|
|
|switch|p2a: Medicham|Medicham-Mega, M|196\/261
|-damage|p2a: Medicham|180\/261|[from] Stealth Rock
|turn|26
|
|move|p2a: Medicham|Ice Punch|p1a: Aggron
|-resisted|p1a: Aggron
|-damage|p1a: Aggron|108\/344
|move|p1a: Aggron|Thunder Wave|p2a: Medicham
|-status|p2a: Medicham|par
|
|turn|27
|
|move|p1a: Aggron|Iron Head|p2a: Medicham
|-damage|p2a: Medicham|41\/261 par
|move|p2a: Medicham|High Jump Kick|p1a: Aggron
|-supereffective|p1a: Aggron
|-damage|p1a: Aggron|0 fnt
|faint|p1a: Aggron
|
|
|switch|p1a: Arcanine|Arcanine, F|277\/384
|-ability|p1a: Arcanine|Intimidate|[of] p2a: Medicham
|-unboost|p2a: Medicham|atk|1
|turn|28
|
|move|p1a: Arcanine|Flare Blitz|p2a: Medicham
|-damage|p2a: Medicham|0 fnt
|-damage|p1a: Arcanine|263\/384|[from] recoil|[of] p2a: Medicham
|faint|p2a: Medicham
|
|-heal|p1a: Arcanine|287\/384|[from] item: Leftovers
|
|switch|p2a: REY|Suicune, shiny|211\/373 tox
|-damage|p2a: REY|165\/373 tox|[from] Stealth Rock
|-ability|p2a: REY|Pressure
|turn|29
|
|switch|p1a: Tangela|Tangela, F|334\/334
|move|p2a: REY|Scald|p1a: Tangela
|-resisted|p1a: Tangela
|-damage|p1a: Tangela|275\/334
|
|-heal|p2a: REY|188\/373 tox|[from] item: Leftovers
|-damage|p2a: REY|165\/373 tox|[from] psn
|turn|30
|-message|LASHLEY 93 forfeited.
|leave|LASHLEY 93
|
|win|RMC2
|raw|Ladder updating...
|player|p2