|join|lil manaphy
|join|I'm The Cancer
|player|p1|lil manaphy|9
|player|p2|I'm The Cancer|196
|gametype|singles
|gen|6
|tier|OU
|rated
|clearpoke
|poke|p1|Thundurus, M
|poke|p1|Tyranitar, F
|poke|p1|Excadrill, F
|poke|p1|Gyarados, F
|poke|p1|Keldeo
|poke|p1|Talonflame, M
|poke|p2|Sableye, M
|poke|p2|Cresselia, F
|poke|p2|Chansey, F
|poke|p2|Skarmory, M
|poke|p2|Quagsire, F
|poke|p2|Gothitelle, F
|rule|Swagger Clause: Swagger is banned
|rule|Baton Pass Clause: Limit one Pokémon knowing Baton Pass
|rule|Sleep Clause Mod: Limit one foe put to sleep
|rule|Species Clause: Limit one of each Pokémon
|rule|OHKO Clause: OHKO moves are banned
|rule|Moody Clause: Moody is banned
|rule|Evasion Moves Clause: Evasion moves are banned
|rule|Endless Battle Clause: Forcing endless battles is banned
|rule|HP Percentage Mod: HP is shown in percentages
|teampreview
|join|Murkrow Jupiter
|join|Ox the Box
|join|Silverbacks
|join|jpw234
|c| Silverbacks|its your stall mana
|
|start
|switch|p1a: Keldeo|Keldeo|323\/323
|switch|p2a: LE GEM XD XD|Sableye, M|304\/304
|turn|1
|c|★I'm The Cancer|dude lil manaphy your team is such aids
|join|Super Mario Bros
|c| jpw234|the name
|c| jpw234|is so apt
|c| Murkrow Jupiter|lmao a taste of ur ol medicine
|join|habajiga
|join|Scotti
|
|detailschange|p2a: LE GEM XD XD|Sableye-Mega, M
|-mega|p2a: LE GEM XD XD|Sableye|Sablenite
|move|p2a: LE GEM XD XD|Will-O-Wisp|p1a: Keldeo
|-status|p1a: Keldeo|brn
|move|p1a: Keldeo|Hydro Pump|p2a: LE GEM XD XD
|-damage|p2a: LE GEM XD XD|49\/304
|
|-damage|p1a: Keldeo|283\/323 brn|[from] brn
|turn|2
|c| Silverbacks|your stall team is so similair to mine and i didnt even see your team before i made mine <_<
|
|switch|p2a: Gothitelletubby|Gothitelle, F|344\/344
|move|p1a: Keldeo|Hydro Pump|p2a: Gothitelletubby
|-damage|p2a: Gothitelletubby|106\/344
|
|-damage|p1a: Keldeo|243\/323 brn|[from] brn
|turn|3
|join|craing
|
|move|p2a: Gothitelletubby|Psyshock|p1a: Keldeo
|-supereffective|p1a: Keldeo
|-damage|p1a: Keldeo|63\/323 brn
|move|p1a: Keldeo|Hydro Pump|p2a: Gothitelletubby
|-damage|p2a: Gothitelletubby|0 fnt
|faint|p2a: Gothitelletubby
|
|-damage|p1a: Keldeo|23\/323 brn|[from] brn
|
|switch|p2a: Clutchselia|Cresselia, F|444\/444
|turn|4
|join|FlamingVictini PB
|join|gizmo
|join|All Together Now
|
|switch|p1a: Tyranitar|Tyranitar, F|404\/404
|-weather|Sandstorm
|move|p2a: Clutchselia|Lunar Dance|p2a: Clutchselia
|faint|p2a: Clutchselia
|
|-weather|Sandstorm|[upkeep]
|
|switch|p2a: LE GEM XD XD|Sableye-Mega, M|49\/304
|-heal|p2a: LE GEM XD XD|304\/304|[from] move: Lunar Dance
|turn|5
|
|switch|p1a: Keldeo|Keldeo|23\/323 brn
|move|p2a: LE GEM XD XD|Will-O-Wisp|p1a: Keldeo
|-fail|p1a: Keldeo|brn
|
|-weather|Sandstorm|[upkeep]
|-damage|p1a: Keldeo|3\/323 brn|[from] sandstorm
|-damage|p2a: LE GEM XD XD|285\/304|[from] sandstorm
|-damage|p1a: Keldeo|0 fnt|[from] brn
|faint|p1a: Keldeo
|
|switch|p1a: Thundurus|Thundurus, M|299\/299
|turn|6
|
|switch|p2a: Swagsire|Quagsire, F|394\/394
|move|p1a: Thundurus|Thunderbolt|p2a: Swagsire
|-immune|p2a: Swagsire|[msg]
|
|-weather|Sandstorm|[upkeep]
|-damage|p1a: Thundurus|281\/299|[from] sandstorm
|turn|7
|
|move|p1a: Thundurus|Focus Blast|p2a: Swagsire
|-damage|p2a: Swagsire|118\/394
|-damage|p1a: Thundurus|252\/299|[from] item: Life Orb
|move|p2a: Swagsire|Toxic|p1a: Thundurus
|-status|p1a: Thundurus|tox
|
|-weather|Sandstorm|[upkeep]
|-damage|p1a: Thundurus|234\/299 tox|[from] sandstorm
|-heal|p2a: Swagsire|142\/394|[from] item: Leftovers
|-damage|p1a: Thundurus|216\/299 tox|[from] psn
|turn|8
|
|move|p1a: Thundurus|Focus Blast|p2a: Swagsire|[miss]
|-miss|p1a: Thundurus|p2a: Swagsire
|move|p2a: Swagsire|Recover|p2a: Swagsire
|-heal|p2a: Swagsire|339\/394
|
|-weather|Sandstorm|[upkeep]
|-damage|p1a: Thundurus|198\/299 tox|[from] sandstorm
|-heal|p2a: Swagsire|363\/394|[from] item: Leftovers
|-damage|p1a: Thundurus|162\/299 tox|[from] psn
|turn|9
|c| gizmo|nice
|c| gizmo|job
|c| gizmo|dodging
|
|switch|p1a: Excadrill|Excadrill, F|361\/361
|switch|p2a: Queen of Twerk|Chansey, F|704\/704
|
|-weather|Sandstorm|[upkeep]
|-damage|p2a: Queen of Twerk|660\/704|[from] sandstorm
|turn|10
|
|switch|p2a: Happy Feet|Skarmory, M|334\/334
|move|p1a: Excadrill|Earthquake|p2a: Happy Feet
|-immune|p2a: Happy Feet|[msg]
|
|-weather|Sandstorm|[upkeep]
|turn|11
|c| jpw234|focus blast has a 100% chance to miss
|c| jpw234|when you need it to hit
|c| gizmo|to be fair
|
|switch|p1a: Talonflame|Talonflame, M|320\/320
|move|p2a: Happy Feet|Spikes|p1a: Talonflame
|-sidestart|p1: lil manaphy|Spikes
|
|-weather|none
|turn|12
|join|tomibello
|c| gizmo|they did use one before
|join|common projects
|join|fingerscrossed
|
|move|p1a: Talonflame|Brave Bird|p2a: Happy Feet
|-resisted|p2a: Happy Feet
|-damage|p2a: Happy Feet|282\/334
|-damage|p1a: Talonflame|303\/320|[from] recoil|[of] p2a: Happy Feet
|move|p2a: Happy Feet|Roost|p2a: Happy Feet
|-heal|p2a: Happy Feet|334\/334
|
|turn|13
|
|move|p1a: Talonflame|Flare Blitz|p2a: Happy Feet
|-supereffective|p2a: Happy Feet
|-damage|p2a: Happy Feet|158\/334
|-damage|p1a: Talonflame|245\/320|[from] recoil|[of] p2a: Happy Feet
|move|p2a: Happy Feet|Roost|p2a: Happy Feet
|-heal|p2a: Happy Feet|325\/334
|
|turn|14
|
|switch|p2a: Queen of Twerk|Chansey, F|660\/704
|move|p1a: Talonflame|Brave Bird|p2a: Queen of Twerk
|-damage|p2a: Queen of Twerk|411\/704
|-damage|p1a: Talonflame|163\/320|[from] recoil|[of] p2a: Queen of Twerk
|
|turn|15
|leave|fingerscrossed
|
|move|p1a: Talonflame|Swords Dance|p1a: Talonflame
|-boost|p1a: Talonflame|atk|2
|move|p2a: Queen of Twerk|Soft-Boiled|p2a: Queen of Twerk
|-heal|p2a: Queen of Twerk|704\/704
|
|turn|16
|
|switch|p2a: Swagsire|Quagsire, F|363\/394
|move|p1a: Talonflame|Brave Bird|p2a: Swagsire
|-damage|p2a: Swagsire|212\/394
|-damage|p1a: Talonflame|113\/320|[from] recoil|[of] p2a: Swagsire
|
|-heal|p2a: Swagsire|236\/394|[from] item: Leftovers
|turn|17
|
|switch|p1a: Thundurus|Thundurus, M|162\/299 tox
|move|p2a: Swagsire|Recover|p2a: Swagsire
|-heal|p2a: Swagsire|394\/394
|
|-damage|p1a: Thundurus|144\/299 tox|[from] psn
|turn|18
|
|switch|p1a: Gyarados|Gyarados, F|353\/353
|-ability|p1a: Gyarados|Intimidate|[of] p2a: Swagsire
|-unboost|p2a: Swagsire|atk|1
|switch|p2a: Queen of Twerk|Chansey, F|704\/704
|
|turn|19
|
|switch|p2a: Swagsire|Quagsire, F|394\/394
|move|p1a: Gyarados|Dragon Dance|p1a: Gyarados
|-boost|p1a: Gyarados|atk|1
|-boost|p1a: Gyarados|spe|1
|
|turn|20
|
|move|p1a: Gyarados|Dragon Dance|p1a: Gyarados
|-boost|p1a: Gyarados|atk|1
|-boost|p1a: Gyarados|spe|1
|move|p2a: Swagsire|Haze|p2a: Swagsire
|-clearallboost
|
|turn|21
|
|move|p1a: Gyarados|Dragon Dance|p1a: Gyarados
|-boost|p1a: Gyarados|atk|1
|-boost|p1a: Gyarados|spe|1
|move|p2a: Swagsire|Toxic|p1a: Gyarados|[miss]
|-miss|p2a: Swagsire|p1a: Gyarados
|
|turn|22
|c| Silverbacks|nice doge
|
|detailschange|p1a: Gyarados|Gyarados-Mega, F
|-mega|p1a: Gyarados|Gyarados|Gyaradosite
|-ability|p1a: Gyarados|Mold Breaker
|move|p1a: Gyarados|Waterfall|p2a: Swagsire
|-damage|p2a: Swagsire|184\/394
|move|p2a: Swagsire|Haze|p2a: Swagsire
|-clearallboost
|
|-heal|p2a: Swagsire|208\/394|[from] item: Leftovers
|turn|23
|
|move|p1a: Gyarados|Waterfall|p2a: Swagsire
|-damage|p2a: Swagsire|78\/394
|move|p2a: Swagsire|Recover|p2a: Swagsire
|-heal|p2a: Swagsire|275\/394
|
|-heal|p2a: Swagsire|299\/394|[from] item: Leftovers
|turn|24
|c| Ox the Box|flinch here
|
|move|p1a: Gyarados|Dragon Dance|p1a: Gyarados
|-boost|p1a: Gyarados|atk|1
|-boost|p1a: Gyarados|spe|1
|move|p2a: Swagsire|Toxic|p1a: Gyarados
|-status|p1a: Gyarados|tox
|
|-heal|p2a: Swagsire|323\/394|[from] item: Leftovers
|-damage|p1a: Gyarados|331\/353 tox|[from] psn
|turn|25
|c| jpw234|not the hax we deserve
|
|move|p1a: Gyarados|Waterfall|p2a: Swagsire
|-damage|p2a: Swagsire|122\/394
|move|p2a: Swagsire|Haze|p2a: Swagsire
|-clearallboost
|
|-heal|p2a: Swagsire|146\/394|[from] item: Leftovers
|-damage|p1a: Gyarados|287\/353 tox|[from] psn
|turn|26
|c| jpw234|but the hax we need
|
|move|p1a: Gyarados|Waterfall|p2a: Swagsire
|-damage|p2a: Swagsire|14\/394
|move|p2a: Swagsire|Recover|p2a: Swagsire
|-heal|p2a: Swagsire|211\/394
|
|-heal|p2a: Swagsire|235\/394|[from] item: Leftovers
|-damage|p1a: Gyarados|221\/353 tox|[from] psn
|turn|27
|
|move|p1a: Gyarados|Earthquake|p2a: Swagsire
|-damage|p2a: Swagsire|122\/394
|move|p2a: Swagsire|Recover|p2a: Swagsire
|-heal|p2a: Swagsire|319\/394
|
|-heal|p2a: Swagsire|343\/394|[from] item: Leftovers
|-damage|p1a: Gyarados|133\/353 tox|[from] psn
|turn|28
|join|fingerscrossed
|c| Silverbacks|is this quaq not unaware
|join|M0XI3 B00ST
|c|★lil manaphy|misclick
|c| Silverbacks|lol
|c| FlamingVictini PB|where is sub
|
|move|p1a: Gyarados|Dragon Dance|p1a: Gyarados
|-boost|p1a: Gyarados|atk|1
|-boost|p1a: Gyarados|spe|1
|move|p2a: Swagsire|Recover|p2a: Swagsire
|-heal|p2a: Swagsire|394\/394
|
|-damage|p1a: Gyarados|23\/353 tox|[from] psn
|turn|29
|join|daftmau5
|
|move|p1a: Gyarados|Waterfall|p2a: Swagsire
|-damage|p2a: Swagsire|193\/394
|move|p2a: Swagsire|Recover|p2a: Swagsire
|-heal|p2a: Swagsire|390\/394
|
|-heal|p2a: Swagsire|394\/394|[from] item: Leftovers
|-damage|p1a: Gyarados|0 fnt|[from] psn
|faint|p1a: Gyarados
|leave|fingerscrossed
|
|switch|p1a: Thundurus|Thundurus, M|144\/299 tox
|turn|30
|c| daftmau5|"swagsire"
|
|switch|p2a: Queen of Twerk|Chansey, F|704\/704
|move|p1a: Thundurus|Focus Blast|p2a: Queen of Twerk|[miss]
|-miss|p1a: Thundurus|p2a: Queen of Twerk
|
|-damage|p1a: Thundurus|126\/299 tox|[from] psn
|turn|31
|
|switch|p1a: Tyranitar|Tyranitar, F|404\/404
|-damage|p1a: Tyranitar|354\/404|[from] Spikes
|-weather|Sandstorm
|move|p2a: Queen of Twerk|Stealth Rock|p1a: Tyranitar
|-sidestart|p1: lil manaphy|move: Stealth Rock
|
|-weather|Sandstorm|[upkeep]
|-damage|p2a: Queen of Twerk|660\/704|[from] sandstorm
|turn|32
|c|★I'm The Cancer|all my nicknames are top tier not gonna lie
|
|move|p1a: Tyranitar|Stealth Rock|p2a: Queen of Twerk
|-sidestart|p2: I'm The Cancer|move: Stealth Rock
|move|p2a: Queen of Twerk|Thunder Wave|p1a: Tyranitar
|-status|p1a: Tyranitar|par
|
|-weather|Sandstorm|[upkeep]
|-damage|p2a: Queen of Twerk|616\/704|[from] sandstorm
|turn|33
|c| daftmau5|are you the sexy gamer dog
|
|move|p2a: Queen of Twerk|Seismic Toss|p1a: Tyranitar
|-damage|p1a: Tyranitar|254\/404 par
|cant|p1a: Tyranitar|par
|
|-weather|Sandstorm|[upkeep]
|-damage|p2a: Queen of Twerk|572\/704|[from] sandstorm
|turn|34
|c| daftmau5|or a different person :C
|c|★I'm The Cancer|I wish i was
|leave|All Together Now
|join|Touymato
|c|★I'm The Cancer|i am not a dog
|c|★I'm The Cancer|but i am a girl :
|c|★I'm The Cancer|:3
|c|★I'm The Cancer|dont hit on me guys
|c| daftmau5|LIAR
|c| daftmau5|i bet she has a bigger dick than all of us
|
|move|p2a: Queen of Twerk|Seismic Toss|p1a: Tyranitar
|-damage|p1a: Tyranitar|154\/404 par
|move|p1a: Tyranitar|Stone Edge|p2a: Queen of Twerk
|-damage|p2a: Queen of Twerk|377\/704
|
|-weather|Sandstorm|[upkeep]
|-damage|p2a: Queen of Twerk|333\/704|[from] sandstorm
|turn|35
|c|★I'm The Cancer|I have serious moral reservations about trannys actually
|
|switch|p1a: Excadrill|Excadrill, F|361\/361
|-damage|p1a: Excadrill|316\/361|[from] Spikes
|-damage|p1a: Excadrill|305\/361|[from] Stealth Rock
|move|p2a: Queen of Twerk|Soft-Boiled|p2a: Queen of Twerk
|-heal|p2a: Queen of Twerk|685\/704
|
|-weather|Sandstorm|[upkeep]
|-damage|p2a: Queen of Twerk|641\/704|[from] sandstorm
|turn|36
|
|switch|p2a: Happy Feet|Skarmory, M|325\/334
|-damage|p2a: Happy Feet|284\/334|[from] Stealth Rock
|move|p1a: Excadrill|Earthquake|p2a: Happy Feet
|-immune|p2a: Happy Feet|[msg]
|
|-weather|Sandstorm|[upkeep]
|turn|37
|
|move|p1a: Excadrill|Rapid Spin|p2a: Happy Feet
|-resisted|p2a: Happy Feet
|-damage|p2a: Happy Feet|275\/334
|-sideend|p1: lil manaphy|Spikes|[from] move: Rapid Spin|[of] p1a: Excadrill
|-sideend|p1: lil manaphy|Stealth Rock|[from] move: Rapid Spin|[of] p1a: Excadrill
|-damage|p1a: Excadrill|269\/361|[from] item: Life Orb
|move|p2a: Happy Feet|Brave Bird|p1a: Excadrill
|-resisted|p1a: Excadrill
|-damage|p1a: Excadrill|176\/361
|-damage|p2a: Happy Feet|244\/334|[from] recoil|[of] p1a: Excadrill
|
|-weather|Sandstorm|[upkeep]
|turn|38
|
|switch|p1a: Tyranitar|Tyranitar, F|154\/404 par
|move|p2a: Happy Feet|Defog|p1a: Tyranitar
|-unboost|p1a: Tyranitar|evasion|1
|-sideend|p2: I'm The Cancer|Stealth Rock|[from] move: Defog|[of] p2a: Happy Feet
|
|-weather|none
|turn|39
|
|switch|p2a: LE GEM XD XD|Sableye-Mega, M|285\/304
|cant|p1a: Tyranitar|par
|
|turn|40
|
|move|p2a: LE GEM XD XD|Calm Mind|p2a: LE GEM XD XD
|-boost|p2a: LE GEM XD XD|spa|1
|-boost|p2a: LE GEM XD XD|spd|1
|move|p1a: Tyranitar|Stone Edge|p2a: LE GEM XD XD
|-damage|p2a: LE GEM XD XD|191\/304
|
|turn|41
|
|switch|p1a: Excadrill|Excadrill, F|176\/361
|move|p2a: LE GEM XD XD|Calm Mind|p2a: LE GEM XD XD
|-boost|p2a: LE GEM XD XD|spa|1
|-boost|p2a: LE GEM XD XD|spd|1
|
|turn|42
|message|Guest 923962 forfeited by changing their name.
|join|mega driffblim
|
|move|p1a: Excadrill|Iron Head|p2a: LE GEM XD XD
|-damage|p2a: LE GEM XD XD|61\/304
|-damage|p1a: Excadrill|140\/361|[from] item: Life Orb
|move|p2a: LE GEM XD XD|Will-O-Wisp|p1a: Excadrill
|-status|p1a: Excadrill|brn
|
|-damage|p1a: Excadrill|95\/361 brn|[from] brn
|turn|43
|
|win|I'm The Cancer
|raw|Ladder updating...
|c|★I'm The Cancer|ok
|raw|lilmanaphy's rating: 1627 &rarr; <strong>1606<\/strong><br \/>(-21 for losing)
|raw|I&apos;m The Cancer's rating: 1619 &rarr; <strong>1640<\/strong><br \/>(+21 for winning)
|c|★I'm The Cancer|thanks dude
|join|Alldaalts
|leave|craing
|leave|Ox the Box
|leave|mega driffblim
|leave|Touymato
|leave|habajiga
|leave|tomibello
|leave|Silverbacks
|join|Watch This Battle
|leave|M0XI3 B00ST
|join|juandiegol2
|join|PokeAlert845
|leave|Alldaalts
|leave|PokeAlert845
|join|Alldaalts
|leave|Alldaalts
|join|snicker testing
|leave|snicker testing
|join|Alldaalts
|leave|Alldaalts
|leave|common projects
|join|Alldaalts
|leave|Alldaalts
|join|Communal Alt
|leave|Communal Alt
|leave|Scotti
|leave|gizmo
|join|bixck
|leave|FlamingVictini PB
|leave|bixck
|leave|jpw234
|leave|juandiegol2
|join|BattleXV
|leave|BattleXV
|leave|Watch This Battle
|join|l123
|leave|I'm The Cancer
|player|p2
|leave|Murkrow Jupiter
|join|anchorage
|leave|anchorage
|join|Demandred
|leave|Demandred
|join|Demandred
|leave|l123
|leave|Demandred