|join|Reverb
|join|HoloWolf~
|player|p1|Reverb|#reverb
|player|p2|HoloWolf~|277
|gametype|singles
|gen|6
|tier|OU
|rated
|clearpoke
|poke|p1|Celebi
|poke|p1|Heatran, F
|poke|p1|Gardevoir, M
|poke|p1|Keldeo
|poke|p1|Landorus-Therian, M
|poke|p1|Raikou
|poke|p2|Sylveon, F
|poke|p2|Manaphy
|poke|p2|Cobalion
|poke|p2|Landorus-Therian, M
|poke|p2|Manectric, F
|poke|p2|Hydreigon, F
|rule|Swagger Clause: Swagger is banned
|rule|Baton Pass Clause: Limit one Pokémon knowing Baton Pass
|rule|Sleep Clause Mod: Limit one foe put to sleep
|rule|Species Clause: Limit one of each Pokémon
|rule|OHKO Clause: OHKO moves are banned
|rule|Moody Clause: Moody is banned
|rule|Evasion Moves Clause: Evasion moves are banned
|rule|Endless Battle Clause: Forcing endless battles is banned
|rule|HP Percentage Mod: HP is shown in percentages
|teampreview
|join|Escavalier
|
|start
|switch|p1a: Gardevoir|Gardevoir, M|277\/277
|switch|p2a: Landorus-Therian|Landorus-Therian, M|319\/319
|-ability|p1a: Gardevoir|Intimidate|[from] ability: Trace|[of] p2a: Landorus-Therian
|-ability|p1a: Gardevoir|Intimidate|[of] p2a: Landorus-Therian
|-unboost|p2a: Landorus-Therian|atk|1
|-ability|p2a: Landorus-Therian|Intimidate|[of] p1a: Gardevoir
|-unboost|p1a: Gardevoir|atk|1
|turn|1
|
|detailschange|p1a: Gardevoir|Gardevoir-Mega, M
|-mega|p1a: Gardevoir|Gardevoir|Gardevoirite
|move|p1a: Gardevoir|Hyper Voice|p2a: Landorus-Therian
|-damage|p2a: Landorus-Therian|15\/319
|move|p2a: Landorus-Therian|Earthquake|p1a: Gardevoir
|-crit|p1a: Gardevoir
|-damage|p1a: Gardevoir|0 fnt
|faint|p1a: Gardevoir
|
|join|iplaytennislol
|
|switch|p1a: Landorus-Therian|Landorus-Therian, M|382\/382
|-ability|p1a: Landorus-Therian|Intimidate|[of] p2a: Landorus-Therian
|-unboost|p2a: Landorus-Therian|atk|1
|turn|2
|join|I Iike Squirtles
|
|move|p2a: Landorus-Therian|Knock Off|p1a: Landorus-Therian
|-damage|p1a: Landorus-Therian|323\/382
|-enditem|p1a: Landorus-Therian|Leftovers|[from] move: Knock Off|[of] p2a: Landorus-Therian
|move|p1a: Landorus-Therian|Stealth Rock|p2a: Landorus-Therian
|-sidestart|p2: HoloWolf~|move: Stealth Rock
|
|turn|3
|
|move|p2a: Landorus-Therian|U-turn|p1a: Landorus-Therian
|-crit|p1a: Landorus-Therian
|-resisted|p1a: Landorus-Therian
|-damage|p1a: Landorus-Therian|263\/382
|
|switch|p2a: Cobalion|Cobalion|358\/358
|-damage|p2a: Cobalion|347\/358|[from] Stealth Rock
|move|p1a: Landorus-Therian|U-turn|p2a: Cobalion
|-resisted|p2a: Cobalion
|-damage|p2a: Cobalion|332\/358
|
|switch|p1a: Keldeo|Keldeo|322\/322
|
|-heal|p2a: Cobalion|354\/358|[from] item: Leftovers
|turn|4
|
|move|p2a: Cobalion|Stealth Rock|p1a: Keldeo
|-sidestart|p1: Reverb|move: Stealth Rock
|move|p1a: Keldeo|Secret Sword|p2a: Cobalion
|-supereffective|p2a: Cobalion
|-damage|p2a: Cobalion|0 fnt
|faint|p2a: Cobalion
|
|
|switch|p2a: Sylveon|Sylveon, F|390\/390
|-damage|p2a: Sylveon|342\/390|[from] Stealth Rock
|turn|5
|
|switch|p1a: Heatran|Heatran, F|323\/323
|-damage|p1a: Heatran|283\/323|[from] Stealth Rock
|move|p2a: Sylveon|Baton Pass|p2a: Sylveon
|
|switch|p2a: Manaphy|Manaphy|365\/365
|-damage|p2a: Manaphy|320\/365|[from] Stealth Rock
|
|-heal|p2a: Manaphy|342\/365|[from] item: Leftovers
|turn|6
|
|switch|p1a: Raikou|Raikou|321\/321
|-damage|p1a: Raikou|281\/321|[from] Stealth Rock
|-ability|p1a: Raikou|Pressure
|move|p2a: Manaphy|Tail Glow|p2a: Manaphy
|-boost|p2a: Manaphy|spa|3
|
|-heal|p2a: Manaphy|364\/365|[from] item: Leftovers
|turn|7
|
|switch|p2a: Manectric|Manectric, F|281\/281
|-damage|p2a: Manectric|246\/281|[from] Stealth Rock
|move|p1a: Raikou|Thunderbolt|p2a: Manectric
|-boost|p2a: Manectric|spa|1|[from] ability: Lightning Rod
|
|turn|8
|
|detailschange|p2a: Manectric|Manectric-Mega, F
|-mega|p2a: Manectric|Manectric|Manectite
|-ability|p2a: Manectric|Intimidate|[of] p1a: Raikou
|-unboost|p1a: Raikou|atk|1
|move|p1a: Raikou|Extrasensory|p2a: Manectric
|-damage|p2a: Manectric|140\/281
|move|p2a: Manectric|Thunderbolt|p1a: Raikou
|-resisted|p1a: Raikou
|-damage|p1a: Raikou|208\/321
|
|turn|9
|
|move|p2a: Manectric|Volt Switch|p1a: Raikou
|-resisted|p1a: Raikou
|-damage|p1a: Raikou|142\/321
|join|tomi ♥ bello
|
|switch|p2a: Landorus-Therian|Landorus-Therian, M|15\/319
|-damage|p2a: Landorus-Therian|0 fnt|[from] Stealth Rock
|faint|p2a: Landorus-Therian
|move|p1a: Raikou|Extrasensory|p2: Landorus-Therian|[notarget]
|-notarget
|
|leave|tomi ♥ bello
|
|switch|p2a: Hydreigon|Hydreigon, F|337\/337
|-damage|p2a: Hydreigon|295\/337|[from] Stealth Rock
|turn|10
|
|switch|p1a: Landorus-Therian|Landorus-Therian, M|263\/382
|-damage|p1a: Landorus-Therian|216\/382|[from] Stealth Rock
|-ability|p1a: Landorus-Therian|Intimidate|[of] p2a: Hydreigon
|-unboost|p2a: Hydreigon|atk|1
|move|p2a: Hydreigon|Dark Pulse|p1a: Landorus-Therian
|-damage|p1a: Landorus-Therian|65\/382
|
|turn|11
|
|switch|p1a: Keldeo|Keldeo|322\/322
|-damage|p1a: Keldeo|302\/322|[from] Stealth Rock
|move|p2a: Hydreigon|Dark Pulse|p1a: Keldeo
|-resisted|p1a: Keldeo
|-damage|p1a: Keldeo|235\/322
|-boost|p1a: Keldeo|atk|1|[from] ability: Justified
|
|turn|12
|
|switch|p2a: Sylveon|Sylveon, F|342\/390
|-damage|p2a: Sylveon|294\/390|[from] Stealth Rock
|move|p1a: Keldeo|Scald|p2a: Sylveon
|-damage|p2a: Sylveon|123\/390
|-status|p2a: Sylveon|brn
|
|-damage|p2a: Sylveon|75\/390 brn|[from] brn
|turn|13
|
|move|p1a: Keldeo|Scald|p2a: Sylveon
|-damage|p2a: Sylveon|0 fnt
|faint|p2a: Sylveon
|
|
|switch|p2a: Manaphy|Manaphy|364\/365
|-damage|p2a: Manaphy|319\/365|[from] Stealth Rock
|turn|14
|
|switch|p1a: Landorus-Therian|Landorus-Therian, M|65\/382
|-damage|p1a: Landorus-Therian|18\/382|[from] Stealth Rock
|-ability|p1a: Landorus-Therian|Intimidate|[of] p2a: Manaphy
|-unboost|p2a: Manaphy|atk|1
|move|p2a: Manaphy|Scald|p1a: Landorus-Therian
|-supereffective|p1a: Landorus-Therian
|-damage|p1a: Landorus-Therian|0 fnt
|faint|p1a: Landorus-Therian
|
|-heal|p2a: Manaphy|341\/365|[from] item: Leftovers
|
|switch|p1a: Celebi|Celebi|361\/361
|-damage|p1a: Celebi|316\/361|[from] Stealth Rock
|turn|15
|
|switch|p2a: Hydreigon|Hydreigon, F|295\/337
|-damage|p2a: Hydreigon|253\/337|[from] Stealth Rock
|move|p1a: Celebi|Leaf Storm|p2a: Hydreigon
|-resisted|p2a: Hydreigon
|-damage|p2a: Hydreigon|136\/337
|-unboost|p1a: Celebi|spa|2
|
|turn|16
|
|switch|p1a: Keldeo|Keldeo|235\/322
|-damage|p1a: Keldeo|215\/322|[from] Stealth Rock
|move|p2a: Hydreigon|Earth Power|p1a: Keldeo
|-damage|p1a: Keldeo|109\/322
|
|turn|17
|
|move|p2a: Hydreigon|Earth Power|p1a: Keldeo
|-damage|p1a: Keldeo|0 fnt
|faint|p1a: Keldeo
|
|
|switch|p1a: Celebi|Celebi|316\/361
|-damage|p1a: Celebi|271\/361|[from] Stealth Rock
|turn|18
|
|switch|p2a: Manectric|Manectric-Mega, F|140\/281
|-damage|p2a: Manectric|105\/281|[from] Stealth Rock
|-ability|p2a: Manectric|Intimidate|[of] p1a: Celebi
|-unboost|p1a: Celebi|atk|1
|move|p1a: Celebi|Hidden Power|p2a: Manectric
|-damage|p2a: Manectric|26\/281
|
|turn|19
|join|champion knigkt
|
|switch|p1a: Heatran|Heatran, F|283\/323
|-damage|p1a: Heatran|243\/323|[from] Stealth Rock
|move|p2a: Manectric|Thunderbolt|p1a: Heatran
|-damage|p1a: Heatran|96\/323
|-status|p1a: Heatran|par
|
|turn|20
|c| Escavalier|lol what did that hit
|c|★Reverb|fk
|
|move|p2a: Manectric|Thunderbolt|p1a: Heatran
|-damage|p1a: Heatran|0 fnt
|faint|p1a: Heatran
|
|
|switch|p1a: Raikou|Raikou|142\/321
|-damage|p1a: Raikou|102\/321|[from] Stealth Rock
|-ability|p1a: Raikou|Pressure
|turn|21
|c| Escavalier|ur choking lol
|
|move|p2a: Manectric|Flamethrower|p1a: Raikou
|-damage|p1a: Raikou|29\/321
|move|p1a: Raikou|Hidden Power|p2a: Manectric
|-damage|p2a: Manectric|0 fnt
|faint|p2a: Manectric
|
|
|switch|p2a: Hydreigon|Hydreigon, F|136\/337
|-damage|p2a: Hydreigon|94\/337|[from] Stealth Rock
|turn|22
|
|move|p2a: Hydreigon|Dark Pulse|p1a: Raikou
|-damage|p1a: Raikou|0 fnt
|faint|p1a: Raikou
|
|
|switch|p1a: Celebi|Celebi|271\/361
|-damage|p1a: Celebi|226\/361|[from] Stealth Rock
|turn|23
|
|move|p2a: Hydreigon|Dark Pulse|p1a: Celebi
|-supereffective|p1a: Celebi
|-damage|p1a: Celebi|0 fnt
|faint|p1a: Celebi
|
|win|HoloWolf~
|raw|Ladder updating...
|c|★HoloWolf~|gg
|leave|champion knigkt
|raw|Reverb's rating: 1732 &rarr; <strong>1703<\/strong><br \/>(-29 for losing)
|raw|HoloWolf~'s rating: 1573 &rarr; <strong>1601<\/strong><br \/>(+28 for winning)
|leave|iplaytennislol
|leave|Escavalier
|leave|Reverb
|player|p1
|leave|I Iike Squirtles