|join|foncused
|join|HoloWolf~
|player|p1|foncused|169
|player|p2|HoloWolf~|70
|gametype|singles
|gen|6
|tier|OU
|rated
|clearpoke
|poke|p1|Gyarados, M
|poke|p1|Talonflame, M
|poke|p1|Latias, F
|poke|p1|Clefable, M
|poke|p1|Gliscor, M
|poke|p1|Kyurem-Black
|poke|p2|Mamoswine, M
|poke|p2|Bisharp, M
|poke|p2|Articuno, shiny
|poke|p2|Manectric, M
|poke|p2|Thundurus, M
|poke|p2|Azumarill, M
|rule|Swagger Clause: Swagger is banned
|rule|Baton Pass Clause: Limit one Pokémon knowing Baton Pass
|rule|Sleep Clause Mod: Limit one foe put to sleep
|rule|Species Clause: Limit one of each Pokémon
|rule|OHKO Clause: OHKO moves are banned
|rule|Moody Clause: Moody is banned
|rule|Evasion Moves Clause: Evasion moves are banned
|rule|Endless Battle Clause: Forcing endless battles is banned
|rule|HP Percentage Mod: HP is shown in percentages
|teampreview
|
|start
|switch|p1a: Talonflame|Talonflame, M|345\/345
|switch|p2a: Mamoswine|Mamoswine, M|362\/362
|turn|1
|
|move|p1a: Talonflame|Brave Bird|p2a: Mamoswine
|-damage|p2a: Mamoswine|127\/362
|-damage|p1a: Talonflame|267\/345|[from] recoil|[of] p2a: Mamoswine
|move|p2a: Mamoswine|Stealth Rock|p1a: Talonflame
|-sidestart|p1: foncused|move: Stealth Rock
|
|turn|2
|
|move|p1a: Talonflame|Brave Bird|p2a: Mamoswine
|-damage|p2a: Mamoswine|0 fnt
|-damage|p1a: Talonflame|225\/345|[from] recoil|[of] p2a: Mamoswine
|faint|p2a: Mamoswine
|
|
|switch|p2a: Azumarill|Azumarill, M|372\/372
|turn|3
|
|move|p1a: Talonflame|Brave Bird|p2a: Azumarill
|-crit|p2a: Azumarill
|-damage|p2a: Azumarill|0 fnt
|-damage|p1a: Talonflame|102\/345|[from] recoil|[of] p2a: Azumarill
|faint|p2a: Azumarill
|
|c|★HoloWolf~|really
|c|★foncused|nah
|
|switch|p2a: Bisharp|Bisharp, M|272\/272
|turn|4
|c|★foncused|jk
|
|move|p1a: Talonflame|Roost|p1a: Talonflame
|-heal|p1a: Talonflame|275\/345
|move|p2a: Bisharp|Sucker Punch|p1a: Talonflame
|-fail|p1a: Talonflame
|
|turn|5
|
|move|p1a: Talonflame|Brave Bird|p2a: Bisharp
|-resisted|p2a: Bisharp
|-damage|p2a: Bisharp|162\/272
|-damage|p1a: Talonflame|239\/345|[from] recoil|[of] p2a: Bisharp
|move|p2a: Bisharp|Knock Off|p1a: Talonflame
|-damage|p1a: Talonflame|0 fnt
|-enditem|p1a: Talonflame|Sharp Beak|[from] move: Knock Off|[of] p2a: Bisharp
|faint|p1a: Talonflame
|
|
|switch|p1a: Gliscor|Gliscor, M|352\/352
|-damage|p1a: Gliscor|308\/352|[from] Stealth Rock
|turn|6
|
|switch|p2a: Articuno|Articuno, shiny|321\/321
|-ability|p2a: Articuno|Pressure
|move|p1a: Gliscor|Earthquake|p2a: Articuno
|-immune|p2a: Articuno|[msg]
|
|-status|p1a: Gliscor|tox|[from] item: Toxic Orb
|turn|7
|
|switch|p1a: Clefable|Clefable, M|394\/394
|move|p2a: Articuno|Substitute|p2a: Articuno
|-start|p2a: Articuno|Substitute
|-damage|p2a: Articuno|241\/321
|
|turn|8
|
|move|p2a: Articuno|Hurricane|p1a: Clefable|[miss]
|-miss|p2a: Articuno|p1a: Clefable
|move|p1a: Clefable|Calm Mind|p1a: Clefable
|-boost|p1a: Clefable|spa|1
|-boost|p1a: Clefable|spd|1
|
|turn|9
|
|move|p2a: Articuno|Hurricane|p1a: Clefable
|-damage|p1a: Clefable|225\/394
|-start|p1a: Clefable|confusion
|-damage|p2a: Articuno|209\/321|[from] item: Life Orb
|-activate|p1a: Clefable|confusion
|-damage|p1a: Clefable|205\/394|[from] confusion
|
|-heal|p1a: Clefable|229\/394|[from] item: Leftovers
|turn|10
|
|move|p2a: Articuno|Hurricane|p1a: Clefable
|-damage|p1a: Clefable|61\/394
|-damage|p2a: Articuno|177\/321|[from] item: Life Orb
|-end|p1a: Clefable|confusion
|move|p1a: Clefable|Soft-Boiled|p1a: Clefable
|-heal|p1a: Clefable|258\/394
|
|-heal|p1a: Clefable|282\/394|[from] item: Leftovers
|turn|11
|
|switch|p2a: Bisharp|Bisharp, M|162\/272
|move|p1a: Clefable|Moonblast|p2a: Bisharp
|-damage|p2a: Bisharp|0 fnt
|faint|p2a: Bisharp
|
|-heal|p1a: Clefable|306\/394|[from] item: Leftovers
|-message|HoloWolf~ forfeited.
|
|win|foncused
|raw|Ladder updating...
|leave|HoloWolf~
|player|p2
|raw|foncused's rating: 1491 &rarr; <strong>1510<\/strong><br \/>(+19 for winning)
|raw|HoloWolf~'s rating: 1470 &rarr; <strong>1451<\/strong><br \/>(-19 for losing)