|join|lil manaphy
|join|HoloWolf~
|player|p1|lil manaphy|9
|player|p2|HoloWolf~|70
|gametype|singles
|gen|6
|tier|OU
|rated
|clearpoke
|poke|p1|Gardevoir, M
|poke|p1|Keldeo
|poke|p1|Amoonguss, M
|poke|p1|Chansey, F
|poke|p1|Mandibuzz, F
|poke|p1|Landorus-Therian, M
|poke|p2|Infernape, F
|poke|p2|Scizor, F
|poke|p2|Landorus, M
|poke|p2|Tyranitar, F
|poke|p2|Azumarill, F
|poke|p2|Latios, M
|rule|Swagger Clause: Swagger is banned
|rule|Baton Pass Clause: Limit one Pokémon knowing Baton Pass
|rule|Sleep Clause Mod: Limit one foe put to sleep
|rule|Species Clause: Limit one of each Pokémon
|rule|OHKO Clause: OHKO moves are banned
|rule|Moody Clause: Moody is banned
|rule|Evasion Moves Clause: Evasion moves are banned
|rule|Endless Battle Clause: Forcing endless battles is banned
|rule|HP Percentage Mod: HP is shown in percentages
|teampreview
|
|start
|switch|p1a: Keldeo|Keldeo|323\/323
|switch|p2a: Landorus|Landorus, M|319\/319
|turn|1
|
|switch|p2a: Latios|Latios, M|301\/301
|move|p1a: Keldeo|Scald|p2a: Latios
|-resisted|p2a: Latios
|-damage|p2a: Latios|241\/301
|
|turn|2
|
|switch|p2a: Scizor|Scizor, F|282\/282
|switch|p1a: Chansey|Chansey, F|703\/703
|
|turn|3
|
|switch|p1a: Landorus-Therian|Landorus-Therian, M|382\/382
|-ability|p1a: Landorus-Therian|Intimidate|[of] p2a: Scizor
|-unboost|p2a: Scizor|atk|1
|detailschange|p2a: Scizor|Scizor-Mega, F
|-mega|p2a: Scizor|Scizor|Scizorite
|move|p2a: Scizor|Swords Dance|p2a: Scizor
|-boost|p2a: Scizor|atk|2
|
|turn|4
|
|switch|p2a: Landorus|Landorus, M|319\/319
|move|p1a: Landorus-Therian|U-turn|p2a: Landorus
|-resisted|p2a: Landorus
|-damage|p2a: Landorus|279\/319
|
|switch|p1a: Keldeo|Keldeo|323\/323
|
|turn|5
|
|switch|p2a: Latios|Latios, M|241\/301
|move|p1a: Keldeo|Scald|p2a: Latios
|-resisted|p2a: Latios
|-damage|p2a: Latios|181\/301
|
|turn|6
|
|switch|p1a: Chansey|Chansey, F|703\/703
|move|p2a: Latios|Recover|p2a: Latios
|-heal|p2a: Latios|301\/301
|
|turn|7
|
|switch|p2a: Landorus|Landorus, M|279\/319
|move|p1a: Chansey|Seismic Toss|p2a: Landorus
|-damage|p2a: Landorus|179\/319
|
|turn|8
|
|move|p2a: Landorus|Stealth Rock|p1a: Chansey
|-sidestart|p1: lil manaphy|move: Stealth Rock
|move|p1a: Chansey|Seismic Toss|p2a: Landorus
|-damage|p2a: Landorus|79\/319
|
|turn|9
|
|move|p2a: Landorus|Focus Blast|p1a: Chansey|[miss]
|-miss|p2a: Landorus|p1a: Chansey
|move|p1a: Chansey|Seismic Toss|p2a: Landorus
|-damage|p2a: Landorus|0 fnt
|faint|p2a: Landorus
|
|
|switch|p2a: Infernape|Infernape, F|293\/293
|turn|10
|
|switch|p1a: Landorus-Therian|Landorus-Therian, M|382\/382
|-damage|p1a: Landorus-Therian|335\/382|[from] Stealth Rock
|-ability|p1a: Landorus-Therian|Intimidate|[of] p2a: Infernape
|-unboost|p2a: Infernape|atk|1
|move|p2a: Infernape|Focus Blast|p1a: Landorus-Therian|[miss]
|-miss|p2a: Infernape|p1a: Landorus-Therian
|
|-heal|p1a: Landorus-Therian|358\/382|[from] item: Leftovers
|turn|11
|
|move|p2a: Infernape|Fire Blast|p1a: Landorus-Therian
|-damage|p1a: Landorus-Therian|92\/382
|-damage|p2a: Infernape|264\/293|[from] item: Life Orb
|move|p1a: Landorus-Therian|Earthquake|p2a: Infernape
|-supereffective|p2a: Infernape
|-damage|p2a: Infernape|0 fnt
|faint|p2a: Infernape
|
|-heal|p1a: Landorus-Therian|115\/382|[from] item: Leftovers
|
|switch|p2a: Scizor|Scizor-Mega, F|282\/282
|turn|12
|
|move|p2a: Scizor|Bullet Punch|p1a: Landorus-Therian
|-damage|p1a: Landorus-Therian|13\/382
|move|p1a: Landorus-Therian|U-turn|p2a: Scizor
|-resisted|p2a: Scizor
|-damage|p2a: Scizor|254\/282
|
|switch|p1a: Mandibuzz|Mandibuzz, F|423\/423
|-damage|p1a: Mandibuzz|318\/423|[from] Stealth Rock
|
|turn|13
|
|switch|p2a: Azumarill|Azumarill, F|403\/403
|move|p1a: Mandibuzz|Defog|p2a: Azumarill
|-unboost|p2a: Azumarill|evasion|1
|-sideend|p1: lil manaphy|Stealth Rock|[from] move: Defog|[of] p1a: Mandibuzz
|
|turn|14
|
|switch|p1a: Amoonguss|Amoonguss, M|432\/432
|switch|p2a: Latios|Latios, M|301\/301
|
|turn|15
|
|switch|p1a: Chansey|Chansey, F|703\/703
|move|p2a: Latios|Calm Mind|p2a: Latios
|-boost|p2a: Latios|spa|1
|-boost|p2a: Latios|spd|1
|
|turn|16
|
|move|p2a: Latios|Calm Mind|p2a: Latios
|-boost|p2a: Latios|spa|1
|-boost|p2a: Latios|spd|1
|move|p1a: Chansey|Thunder Wave|p2a: Latios
|-status|p2a: Latios|par
|
|turn|17
|
|switch|p1a: Gardevoir|Gardevoir, M|277\/277
|-ability|p1a: Gardevoir|Levitate|[from] ability: Trace|[of] p2a: Latios
|move|p2a: Latios|Psyshock|p1a: Gardevoir
|-resisted|p1a: Gardevoir
|-damage|p1a: Gardevoir|4\/277
|-damage|p2a: Latios|271\/301 par|[from] item: Life Orb
|
|turn|18
|
|switch|p2a: Scizor|Scizor-Mega, F|254\/282
|detailschange|p1a: Gardevoir|Gardevoir-Mega, M
|-mega|p1a: Gardevoir|Gardevoir|Gardevoirite
|move|p1a: Gardevoir|Hyper Voice|p2a: Scizor
|-resisted|p2a: Scizor
|-damage|p2a: Scizor|133\/282
|
|turn|19
|
|switch|p1a: Mandibuzz|Mandibuzz, F|318\/423
|move|p2a: Scizor|Bullet Punch|p1a: Mandibuzz
|-damage|p1a: Mandibuzz|231\/423
|-damage|p2a: Scizor|86\/282|[from] item: Rocky Helmet|[of] p1a: Mandibuzz
|
|turn|20
|
|switch|p2a: Azumarill|Azumarill, F|403\/403
|move|p1a: Mandibuzz|Roost|p1a: Mandibuzz
|-heal|p1a: Mandibuzz|423\/423
|
|turn|21
|
|switch|p1a: Amoonguss|Amoonguss, M|432\/432
|switch|p2a: Latios|Latios, M|271\/301 par
|
|turn|22
|
|switch|p1a: Mandibuzz|Mandibuzz, F|423\/423
|move|p2a: Latios|Psyshock|p1a: Mandibuzz
|-immune|p1a: Mandibuzz|[msg]
|
|turn|23
|
|move|p1a: Mandibuzz|Foul Play|p2a: Latios
|-supereffective|p2a: Latios
|-damage|p2a: Latios|59\/301 par
|cant|p2a: Latios|par
|
|turn|24
|
|move|p1a: Mandibuzz|Foul Play|p2a: Latios
|-supereffective|p2a: Latios
|-damage|p2a: Latios|0 fnt
|faint|p2a: Latios
|
|
|switch|p2a: Azumarill|Azumarill, F|403\/403
|turn|25
|-message|HoloWolf~ forfeited.
|
|win|lil manaphy
|raw|Ladder updating...
|leave|HoloWolf~
|player|p2
|raw|lil manaphy's rating: 1726 &rarr; <strong>1737<\/strong><br \/>(+11 for winning)
|raw|HoloWolf~'s rating: 1548 &rarr; <strong>1538<\/strong><br \/>(-10 for losing)