|join|Skuukzky Wish
|join|Mistaken
|player|p1|Skuukzky Wish|265
|player|p2|Mistaken|92
|gametype|singles
|gen|6
|tier|OU
|clearpoke
|poke|p1|Bisharp, F, shiny
|poke|p1|Diggersby, F
|poke|p1|Azelf, shiny
|poke|p1|Thundurus, M, shiny
|poke|p1|Azumarill, M, shiny
|poke|p1|Pinsir, M, shiny
|poke|p2|Charizard, M
|poke|p2|Raikou
|poke|p2|Gengar, M
|poke|p2|Latios, M
|poke|p2|Cloyster, F
|poke|p2|Terrakion
|rule|Swagger Clause: Swagger is banned
|rule|Baton Pass Clause: Limit one Pokémon knowing Baton Pass
|rule|Sleep Clause Mod: Limit one foe put to sleep
|rule|Species Clause: Limit one of each Pokémon
|rule|OHKO Clause: OHKO moves are banned
|rule|Moody Clause: Moody is banned
|rule|Evasion Moves Clause: Evasion moves are banned
|rule|Endless Battle Clause: Forcing endless battles is banned
|rule|HP Percentage Mod: HP is shown in percentages
|teampreview
|join|Woolytop
|join|Alakabamm
|join|CaptainUnknown
|join|cfgvykhj
|join|Guesst 50792
|join|Alvok
|
|start
|switch|p1a: Azelf|Azelf, shiny|291\/291
|switch|p2a: Terrakion|Terrakion|323\/323
|turn|1
|
|move|p1a: Azelf|Taunt|p2a: Terrakion
|-start|p2a: Terrakion|move: Taunt
|move|p2a: Terrakion|Stone Edge|p1a: Azelf
|-damage|p1a: Azelf|62\/291
|
|turn|2
|join|LeCoqGrande
|join|riraiteu
|join|Bulky Deoxys-A
|
|move|p1a: Azelf|Stealth Rock|p2a: Terrakion
|-sidestart|p2: Mistaken|move: Stealth Rock
|move|p2a: Terrakion|Stone Edge|p1a: Azelf
|-damage|p1a: Azelf|0 fnt
|faint|p1a: Azelf
|
|join|Trinary Wind
|leave|Trinary Wind
|join|Mr.378
|join|The Siegfried
|join|gina lisa86
|
|switch|p1a: Azumarill|Azumarill, M, shiny|342\/342
|turn|3
|
|move|p2a: Terrakion|Stone Edge|p1a: Azumarill
|-damage|p1a: Azumarill|122\/342
|-enditem|p1a: Azumarill|Sitrus Berry|[eat]
|-heal|p1a: Azumarill|207\/342|[from] item: Sitrus Berry
|move|p1a: Azumarill|Play Rough|p2a: Terrakion
|-supereffective|p2a: Terrakion
|-enditem|p2a: Terrakion|Focus Sash
|-damage|p2a: Terrakion|1\/323
|
|-end|p2a: Terrakion|move: Taunt
|turn|4
|
|move|p1a: Azumarill|Aqua Jet|p2a: Terrakion
|-supereffective|p2a: Terrakion
|-damage|p2a: Terrakion|0 fnt
|faint|p2a: Terrakion
|
|join|Ikatskix
|
|switch|p2a: Latios|Latios, M|301\/301
|-damage|p2a: Latios|264\/301|[from] Stealth Rock
|turn|5
|join|Trinary Wind
|c| Alvok|this team looks familiar
|c| Alakabamm|which one?
|
|switch|p1a: Bisharp|Bisharp, F, shiny|271\/271
|move|p2a: Latios|Defog|p1a: Bisharp
|-unboost|p1a: Bisharp|evasion|1
|-boost|p1a: Bisharp|atk|2|[from] ability: Defiant
|-sideend|p2: Mistaken|Stealth Rock|[from] move: Defog|[of] p2a: Latios
|
|turn|6
|c| Alvok|mistaken's
|c| Alakabamm|Is it another of CTC's?
|c| Alvok|n
|join|Reskk
|join|whyywhy
|join|The TurtleLard
|
|switch|p2a: Gengar|Gengar, M|261\/261
|move|p1a: Bisharp|Knock Off|p2a: Gengar
|-supereffective|p2a: Gengar
|-damage|p2a: Gengar|0 fnt
|-enditem|p2a: Gengar|Life Orb|[from] move: Knock Off|[of] p1a: Bisharp
|faint|p2a: Gengar
|
|
|switch|p2a: Charizard|Charizard, M|315\/315
|turn|7
|join|IwG
|join|zed lepplin
|leave|The TurtleLard
|
|detailschange|p2a: Charizard|Charizard-Mega-X, M
|-mega|p2a: Charizard|Charizard|Charizardite X
|move|p1a: Bisharp|Sucker Punch|p2a: Charizard
|-damage|p2a: Charizard|0 fnt
|faint|p2a: Charizard
|
|
|switch|p2a: Cloyster|Cloyster, F|241\/241
|turn|8
|c| Alakabamm|jeebus
|join|Teeny Victory
|join|asdfCookie
|c| Alvok|lol
|c| Alvok|a clean sweep in finals
|c|★Mistaken|i get swept from here
|c|★Mistaken|:F
|c| Alvok|mistaken got bribed imo
|leave|Trinary Wind
|
|move|p1a: Bisharp|Iron Head|p2a: Cloyster
|-damage|p2a: Cloyster|57\/241
|cant|p2a: Cloyster|flinch
|
|turn|9
|c|★Mistaken|alvok i pm'd him a ct
|
|move|p2a: Cloyster|Ice Shard|p1a: Bisharp
|-resisted|p1a: Bisharp
|-damage|p1a: Bisharp|238\/271
|move|p1a: Bisharp|Knock Off|p2a: Cloyster
|-damage|p2a: Cloyster|0 fnt
|-enditem|p2a: Cloyster|White Herb|[from] move: Knock Off|[of] p1a: Bisharp
|faint|p2a: Cloyster
|
|c| Alvok|rip :]
|
|switch|p2a: Raikou|Raikou|321\/321
|-ability|p2a: Raikou|Pressure
|turn|10
|
|switch|p2a: Latios|Latios, M|264\/301
|move|p1a: Bisharp|Sucker Punch|p2a: Latios
|-fail|p2a: Latios
|
|turn|11
|c| Alvok|this team looks really like the italian offense shit tho
|
|switch|p2a: Raikou|Raikou|321\/321
|-ability|p2a: Raikou|Pressure
|move|p1a: Bisharp|Knock Off|p2a: Raikou
|-damage|p2a: Raikou|0 fnt
|-enditem|p2a: Raikou|Assault Vest|[from] move: Knock Off|[of] p1a: Bisharp
|faint|p2a: Raikou
|
|join|TyranitarTerror
|c| Alvok|just that thundy > lati
|
|switch|p2a: Latios|Latios, M|264\/301
|turn|12
|
|move|p1a: Bisharp|Sucker Punch|p2a: Latios
|-fail|p2a: Latios
|move|p2a: Latios|Defog|p1a: Bisharp
|-unboost|p1a: Bisharp|evasion|1
|-boost|p1a: Bisharp|atk|2|[from] ability: Defiant
|
|turn|13
|
|move|p2a: Latios|Thunderbolt|p1a: Bisharp
|-damage|p1a: Bisharp|56\/271
|-damage|p2a: Latios|234\/301|[from] item: Life Orb
|move|p1a: Bisharp|Knock Off|p2a: Latios
|-supereffective|p2a: Latios
|-damage|p2a: Latios|0 fnt
|-enditem|p2a: Latios|Life Orb|[from] move: Knock Off|[of] p1a: Bisharp
|faint|p2a: Latios
|
|win|Skuukzky Wish
|leave|asdfCookie
|leave|Alvok
|leave|Guesst 50792
|leave|Mr.378
|leave|Mistaken
|player|p2
|c| Alakabamm|ah, wanted to see EQ
|leave|Teeny Victory
|leave|LeCoqGrande
|leave|Alakabamm
|leave|gina lisa86
|leave|Skuukzky Wish
|player|p1
|leave|zed lepplin
|leave|IwG
|leave|Woolytop
|leave|cfgvykhj
|leave|whyywhy
|leave|Ikatskix
|leave|CaptainUnknown
|join|whyywhy
|leave|TyranitarTerror
|leave|whyywhy
|leave|The Siegfried
|join|whyywhy
|leave|whyywhy
|join|Murkrow Jupiter
|leave|Murkrow Jupiter
|leave|Bulky Deoxys-A
|leave|Reskk