|join|Merkur_Lampe
|join|Fabio96
|player|p1|Merkur_Lampe|260
|player|p2|Fabio96|101
|gametype|singles
|gen|6
|tier|OU
|rated
|clearpoke
|poke|p1|Raikou
|poke|p1|Gardevoir, F
|poke|p1|Keldeo-Resolute
|poke|p1|Dragonite, M
|poke|p1|Skarmory, F
|poke|p1|Azumarill, F
|poke|p2|Togekiss, M
|poke|p2|Dragonite, F
|poke|p2|Vaporeon, M
|poke|p2|Houndoom, F
|poke|p2|Electivire, F
|poke|p2|Skarmory, F
|rule|Swagger Clause: Swagger is banned
|rule|Baton Pass Clause: Limit one Pokémon knowing Baton Pass
|rule|Sleep Clause Mod: Limit one foe put to sleep
|rule|Species Clause: Limit one of each Pokémon
|rule|OHKO Clause: OHKO moves are banned
|rule|Moody Clause: Moody is banned
|rule|Evasion Moves Clause: Evasion moves are banned
|rule|Endless Battle Clause: Forcing endless battles is banned
|rule|HP Percentage Mod: HP is reported as percentages
|teampreview
|
|start
|switch|p1a: Skarmory|Skarmory, F|333\/333
|switch|p2a: Skarmory|Skarmory, F|334\/334
|turn|1
|
|move|p2a: Skarmory|Taunt|p1a: Skarmory
|-start|p1a: Skarmory|move: Taunt
|cant|p1a: Skarmory|move: Taunt|Stealth Rock
|
|turn|2
|
|switch|p1a: Raikou|Raikou|322\/322
|-ability|p1a: Raikou|Pressure
|move|p2a: Skarmory|Stealth Rock|p1a: Raikou
|-sidestart|p1: Merkur_Lampe|move: Stealth Rock
|
|turn|3
|
|switch|p2a: Electivire|Electivire, F|291\/291
|move|p1a: Raikou|Calm Mind|p1a: Raikou
|-boost|p1a: Raikou|spa|1
|-boost|p1a: Raikou|spd|1
|
|turn|4
|
|switch|p2a: Dragonite|Dragonite, F|324\/324
|move|p1a: Raikou|Extrasensory|p2a: Dragonite
|-damage|p2a: Dragonite|256\/324
|
|turn|5
|
|move|p1a: Raikou|Hidden Power|p2a: Dragonite
|-crit|p2a: Dragonite
|-supereffective|p2a: Dragonite
|-damage|p2a: Dragonite|0 fnt
|faint|p2a: Dragonite
|
|
|switch|p2a: Electivire|Electivire, F|291\/291
|turn|6
|
|move|p1a: Raikou|Extrasensory|p2a: Electivire
|-damage|p2a: Electivire|144\/291
|move|p2a: Electivire|Brick Break|p1a: Raikou
|-damage|p1a: Raikou|223\/322
|
|-heal|p1a: Raikou|243\/322|[from] item: Leftovers
|turn|7
|
|move|p1a: Raikou|Extrasensory|p2a: Electivire
|-damage|p2a: Electivire|0 fnt
|faint|p2a: Electivire
|
|-heal|p1a: Raikou|263\/322|[from] item: Leftovers
|
|switch|p2a: Togekiss|Togekiss, M|374\/374
|turn|8
|
|move|p1a: Raikou|Thunderbolt|p2a: Togekiss
|-supereffective|p2a: Togekiss
|-damage|p2a: Togekiss|0 fnt
|faint|p2a: Togekiss
|
|-heal|p1a: Raikou|283\/322|[from] item: Leftovers
|
|switch|p2a: Houndoom|Houndoom, F|292\/292
|turn|9
|
|detailschange|p2a: Houndoom|Houndoom-Mega, F
|message|Houndoom has Mega Evolved into Mega Houndoom!
|move|p1a: Raikou|Thunderbolt|p2a: Houndoom
|-damage|p2a: Houndoom|45\/292
|move|p2a: Houndoom|Flamethrower|p1a: Raikou
|-damage|p1a: Raikou|151\/322
|
|-heal|p1a: Raikou|171\/322|[from] item: Leftovers
|turn|10
|-message|Fabio96 forfeited.
|
|win|Merkur_Lampe
|raw|Ladder updating...
|leave|Fabio96
|player|p2
|raw|Merkur_Lampe's rating: 1131 &rarr; <strong>1160<\/strong><br \/>(+29 for winning)
|raw|Fabio96's rating: 1182 &rarr; <strong>1153<\/strong><br \/>(-29 for losing)