|join|Fabio96
|join|Sensory
|player|p1|Fabio96|153
|player|p2|Sensory|143
|gametype|singles
|gen|6
|tier|OU
|rated
|clearpoke
|poke|p1|Garchomp, M
|poke|p1|Thundurus, M
|poke|p1|Gardevoir, F
|poke|p1|Azumarill, M
|poke|p1|Scizor, M
|poke|p1|Latias, F
|poke|p2|Landorus-Therian, M
|poke|p2|Rotom-Wash
|poke|p2|Heatran, F
|poke|p2|Clefable, M
|poke|p2|Lopunny, M
|poke|p2|Latios, M
|rule|Swagger Clause: Swagger is banned
|rule|Baton Pass Clause: Limit one Pokémon knowing Baton Pass
|rule|Sleep Clause Mod: Limit one foe put to sleep
|rule|Species Clause: Limit one of each Pokémon
|rule|OHKO Clause: OHKO moves are banned
|rule|Moody Clause: Moody is banned
|rule|Evasion Moves Clause: Evasion moves are banned
|rule|Endless Battle Clause: Forcing endless battles is banned
|rule|HP Percentage Mod: HP is shown in percentages
|teampreview
|
|start
|switch|p1a: Defoggy|Latias, F|319\/319
|switch|p2a: Rotom-Wash|Rotom-Wash|303\/303
|turn|1
|
|switch|p2a: Clefable|Clefable, M|394\/394
|move|p1a: Defoggy|Psyshock|p2a: Clefable
|-damage|p2a: Clefable|268\/394
|-damage|p1a: Defoggy|288\/319|[from] item: Life Orb
|
|-heal|p2a: Clefable|292\/394|[from] item: Leftovers
|turn|2
|
|switch|p1a: Lady Fairy|Gardevoir, F|278\/278
|-ability|p1a: Lady Fairy|Magic Guard|[from] ability: Trace|[of] p2a: Clefable
|move|p2a: Clefable|Moonblast|p1a: Lady Fairy
|-damage|p1a: Lady Fairy|188\/278
|
|-heal|p2a: Clefable|316\/394|[from] item: Leftovers
|turn|3
|
|switch|p2a: Heatran|Heatran, F|337\/337
|detailschange|p1a: Lady Fairy|Gardevoir-Mega, F
|-mega|p1a: Lady Fairy|Gardevoir|Gardevoirite
|move|p1a: Lady Fairy|Hidden Power|p2a: Heatran
|-supereffective|p2a: Heatran
|-damage|p2a: Heatran|0 fnt
|faint|p2a: Heatran
|
|
|switch|p2a: Lopunny|Lopunny, M|271\/271
|turn|4
|
|switch|p1a: Gimmy|Garchomp, M|420\/420
|detailschange|p2a: Lopunny|Lopunny-Mega, M
|-mega|p2a: Lopunny|Lopunny|Lopunnite
|move|p2a: Lopunny|Frustration|p1a: Gimmy
|-damage|p1a: Gimmy|282\/420
|-damage|p2a: Lopunny|238\/271|[from] ability: Rough Skin|[of] p1a: Gimmy
|-damage|p2a: Lopunny|193\/271|[from] item: Rocky Helmet|[of] p1a: Gimmy
|
|turn|5
|
|move|p2a: Lopunny|Ice Punch|p1a: Gimmy
|-supereffective|p1a: Gimmy
|-damage|p1a: Gimmy|18\/420
|-damage|p2a: Lopunny|160\/271|[from] ability: Rough Skin|[of] p1a: Gimmy
|-damage|p2a: Lopunny|115\/271|[from] item: Rocky Helmet|[of] p1a: Gimmy
|move|p1a: Gimmy|Stealth Rock|p2a: Lopunny
|-sidestart|p2: Sensory|move: Stealth Rock
|
|turn|6
|
|switch|p2a: Latios|Latios, M|301\/301
|-damage|p2a: Latios|264\/301|[from] Stealth Rock
|move|p1a: Gimmy|Fire Blast|p2a: Latios
|-resisted|p2a: Latios
|-damage|p2a: Latios|228\/301
|
|turn|7
|
|switch|p1a: Lady Fairy|Gardevoir-Mega, F|188\/278
|move|p2a: Latios|Defog|p1a: Lady Fairy
|-unboost|p1a: Lady Fairy|evasion|1
|-sideend|p2: Sensory|Stealth Rock|[from] move: Defog|[of] p2a: Latios
|
|turn|8
|
|move|p2a: Latios|Psyshock|p1a: Lady Fairy
|-resisted|p1a: Lady Fairy
|-damage|p1a: Lady Fairy|62\/278
|-damage|p2a: Latios|198\/301|[from] item: Life Orb
|move|p1a: Lady Fairy|Hyper Voice|p2a: Latios
|-supereffective|p2a: Latios
|-damage|p2a: Latios|0 fnt
|faint|p2a: Latios
|
|
|switch|p2a: Landorus-Therian|Landorus-Therian, M|327\/327
|-ability|p2a: Landorus-Therian|Intimidate|[of] p1a: Lady Fairy
|-unboost|p1a: Lady Fairy|atk|1
|turn|9
|
|switch|p1a: Gimmy|Garchomp, M|18\/420
|move|p2a: Landorus-Therian|U-turn|p1a: Gimmy
|-crit|p1a: Gimmy
|-damage|p1a: Gimmy|0 fnt
|-damage|p2a: Landorus-Therian|287\/327|[from] ability: Rough Skin|[of] p1a: Gimmy
|-damage|p2a: Landorus-Therian|233\/327|[from] item: Rocky Helmet|[of] p1a: Gimmy
|faint|p1a: Gimmy
|
|switch|p2a: Lopunny|Lopunny-Mega, M|115\/271
|
|
|switch|p1a: Red Bull|Scizor, M|344\/344
|turn|10
|
|switch|p2a: Rotom-Wash|Rotom-Wash|303\/303
|move|p1a: Red Bull|Knock Off|p2a: Rotom-Wash
|-damage|p2a: Rotom-Wash|187\/303
|-enditem|p2a: Rotom-Wash|Leftovers|[from] move: Knock Off|[of] p1a: Red Bull
|-damage|p1a: Red Bull|310\/344|[from] item: Life Orb
|
|turn|11
|
|switch|p1a: Lady Fairy|Gardevoir-Mega, F|62\/278
|move|p2a: Rotom-Wash|Volt Switch|p1a: Lady Fairy
|-damage|p1a: Lady Fairy|0 fnt
|faint|p1a: Lady Fairy
|
|switch|p2a: Landorus-Therian|Landorus-Therian, M|233\/327
|
|
|switch|p1a: Azu bomb|Azumarill, M|364\/364
|turn|12
|
|move|p2a: Landorus-Therian|U-turn|p1a: Azu bomb
|-resisted|p1a: Azu bomb
|-damage|p1a: Azu bomb|308\/364
|
|switch|p2a: Rotom-Wash|Rotom-Wash|187\/303
|move|p1a: Azu bomb|Play Rough|p2a: Rotom-Wash
|-damage|p2a: Rotom-Wash|48\/303
|
|turn|13
|
|switch|p1a: Defoggy|Latias, F|288\/319
|move|p2a: Rotom-Wash|Pain Split|p1a: Defoggy
|-sethp|p1a: Defoggy|168\/319|p2a: Rotom-Wash|168\/303|[from] move: Pain Split
|
|turn|14
|
|switch|p2a: Clefable|Clefable, M|316\/394
|move|p1a: Defoggy|Psyshock|p2a: Clefable
|-damage|p2a: Clefable|187\/394
|-damage|p1a: Defoggy|137\/319|[from] item: Life Orb
|
|-heal|p2a: Clefable|211\/394|[from] item: Leftovers
|turn|15
|
|switch|p1a: Red Bull|Scizor, M|310\/344
|move|p2a: Clefable|Soft-Boiled|p2a: Clefable
|-heal|p2a: Clefable|394\/394
|
|turn|16
|
|switch|p2a: Landorus-Therian|Landorus-Therian, M|233\/327
|-ability|p2a: Landorus-Therian|Intimidate|[of] p1a: Red Bull
|-unboost|p1a: Red Bull|atk|1
|move|p1a: Red Bull|Superpower|p2a: Landorus-Therian
|-crit|p2a: Landorus-Therian
|-resisted|p2a: Landorus-Therian
|-damage|p2a: Landorus-Therian|59\/327
|-unboost|p1a: Red Bull|atk|1
|-unboost|p1a: Red Bull|def|1
|-damage|p1a: Red Bull|276\/344|[from] item: Life Orb
|
|turn|17
|
|switch|p2a: Rotom-Wash|Rotom-Wash|168\/303
|move|p1a: Red Bull|Bullet Punch|p2a: Rotom-Wash
|-resisted|p2a: Rotom-Wash
|-damage|p2a: Rotom-Wash|155\/303
|-damage|p1a: Red Bull|242\/344|[from] item: Life Orb
|
|turn|18
|
|switch|p1a: Defoggy|Latias, F|137\/319
|move|p2a: Rotom-Wash|Will-O-Wisp|p1a: Defoggy
|-status|p1a: Defoggy|brn
|
|-damage|p1a: Defoggy|98\/319 brn|[from] brn
|turn|19
|
|switch|p1a: Red Bull|Scizor, M|242\/344
|switch|p2a: Clefable|Clefable, M|394\/394
|
|turn|20
|
|move|p1a: Red Bull|Swords Dance|p1a: Red Bull
|-boost|p1a: Red Bull|atk|2
|move|p2a: Clefable|Soft-Boiled|p2a: Clefable
|-fail|p2a: Clefable
|
|turn|21
|
|switch|p2a: Landorus-Therian|Landorus-Therian, M|59\/327
|-ability|p2a: Landorus-Therian|Intimidate|[of] p1a: Red Bull
|-unboost|p1a: Red Bull|atk|1
|move|p1a: Red Bull|Bullet Punch|p2a: Landorus-Therian
|-crit|p2a: Landorus-Therian
|-damage|p2a: Landorus-Therian|0 fnt
|-damage|p1a: Red Bull|208\/344|[from] item: Life Orb
|faint|p2a: Landorus-Therian
|
|
|switch|p2a: Rotom-Wash|Rotom-Wash|155\/303
|turn|22
|
|move|p2a: Rotom-Wash|Will-O-Wisp|p1a: Red Bull
|-status|p1a: Red Bull|brn
|move|p1a: Red Bull|Superpower|p2a: Rotom-Wash
|-damage|p2a: Rotom-Wash|54\/303
|-unboost|p1a: Red Bull|atk|1
|-unboost|p1a: Red Bull|def|1
|-damage|p1a: Red Bull|174\/344 brn|[from] item: Life Orb
|
|-damage|p1a: Red Bull|131\/344 brn|[from] brn
|turn|23
|
|switch|p1a: Defoggy|Latias, F|98\/319 brn
|move|p2a: Rotom-Wash|Hydro Pump|p1a: Defoggy
|-resisted|p1a: Defoggy
|-damage|p1a: Defoggy|41\/319 brn
|
|-damage|p1a: Defoggy|2\/319 brn|[from] brn
|turn|24
|
|switch|p2a: Clefable|Clefable, M|394\/394
|move|p1a: Defoggy|Healing Wish|p1a: Defoggy
|faint|p1a: Defoggy
|
|c|★Sensory|i hate min damage
|
|switch|p1a: Red Bull|Scizor, M|131\/344 brn
|-heal|p1a: Red Bull|344\/344|[from] move: Healing Wish
|turn|25
|
|move|p1a: Red Bull|Swords Dance|p1a: Red Bull
|-boost|p1a: Red Bull|atk|2
|move|p2a: Clefable|Moonblast|p1a: Red Bull
|-resisted|p1a: Red Bull
|-damage|p1a: Red Bull|282\/344
|-unboost|p1a: Red Bull|spa|1
|
|turn|26
|-message|Sensory forfeited.
|leave|Sensory
|
|move|p1a: Red Bull|Bullet Punch|p2a: Clefable
|-supereffective|p2a: Clefable
|-damage|p2a: Clefable|0 fnt
|-damage|p1a: Red Bull|248\/344|[from] item: Life Orb
|faint|p2a: Clefable
|
|
|win|Fabio96
|raw|Ladder updating...
|player|p2
|raw|Fabio96's rating: 1563 &rarr; <strong>1585<\/strong><br \/>(+22 for winning)
|raw|Sensory's rating: 1588 &rarr; <strong>1567<\/strong><br \/>(-21 for losing)