|join|S2EeveeS2
|join|Fabio96
|player|p1|S2EeveeS2|138
|player|p2|Fabio96|153
|gametype|singles
|gen|6
|tier|OU
|rated
|clearpoke
|poke|p1|Sceptile, M, shiny
|poke|p1|Heatran, M, shiny
|poke|p1|Rotom-Wash, shiny
|poke|p1|Conkeldurr, M, shiny
|poke|p1|Landorus-Therian, M, shiny
|poke|p1|Magnezone, shiny
|poke|p2|Garchomp, M
|poke|p2|Thundurus, M
|poke|p2|Gardevoir, F
|poke|p2|Azumarill, M
|poke|p2|Scizor, M
|poke|p2|Latias, F
|rule|Swagger Clause: Swagger is banned
|rule|Baton Pass Clause: Limit one Pokémon knowing Baton Pass
|rule|Sleep Clause Mod: Limit one foe put to sleep
|rule|Species Clause: Limit one of each Pokémon
|rule|OHKO Clause: OHKO moves are banned
|rule|Moody Clause: Moody is banned
|rule|Evasion Moves Clause: Evasion moves are banned
|rule|Endless Battle Clause: Forcing endless battles is banned
|rule|HP Percentage Mod: HP is shown in percentages
|teampreview
|
|start
|switch|p1a: Sceptile|Sceptile, M, shiny|281\/281
|switch|p2a: Defoggy|Latias, F|319\/319
|turn|1
|
|switch|p2a: Lady Fairy|Gardevoir, F|278\/278
|-ability|p2a: Lady Fairy|Overgrow|[from] ability: Trace|[of] p1a: Sceptile
|move|p1a: Sceptile|Dragon Pulse|p2a: Lady Fairy
|-immune|p2a: Lady Fairy|[msg]
|
|turn|2
|
|switch|p1a: Magnezone|Magnezone, shiny|281\/281
|detailschange|p2a: Lady Fairy|Gardevoir-Mega, F
|-mega|p2a: Lady Fairy|Gardevoir|Gardevoirite
|move|p2a: Lady Fairy|Hyper Voice|p1a: Magnezone
|-resisted|p1a: Magnezone
|-damage|p1a: Magnezone|141\/281
|
|turn|3
|
|move|p1a: Magnezone|Flash Cannon|p2a: Lady Fairy
|-supereffective|p2a: Lady Fairy
|-damage|p2a: Lady Fairy|44\/278
|move|p2a: Lady Fairy|Hidden Power|p1a: Magnezone
|-supereffective|p1a: Magnezone
|-damage|p1a: Magnezone|0 fnt
|faint|p1a: Magnezone
|
|
|switch|p1a: Sceptile|Sceptile, M, shiny|281\/281
|turn|4
|
|switch|p2a: Red Bull|Scizor, M|344\/344
|detailschange|p1a: Sceptile|Sceptile-Mega, M, shiny
|-mega|p1a: Sceptile|Sceptile|Sceptilite
|move|p1a: Sceptile|Giga Drain|p2a: Red Bull
|-resisted|p2a: Red Bull
|-damage|p2a: Red Bull|304\/344
|
|turn|5
|
|switch|p1a: Heatran|Heatran, M, shiny|385\/385
|-item|p1a: Heatran|Air Balloon
|move|p2a: Red Bull|Bullet Punch|p1a: Heatran
|-resisted|p1a: Heatran
|-damage|p1a: Heatran|358\/385
|-enditem|p1a: Heatran|Air Balloon
|-damage|p2a: Red Bull|270\/344|[from] item: Life Orb
|
|turn|6
|
|switch|p2a: Gimmy|Garchomp, M|420\/420
|move|p1a: Heatran|Stealth Rock|p2a: Gimmy
|-sidestart|p2: Fabio96|move: Stealth Rock
|
|turn|7
|
|switch|p1a: Rotom-Wash|Rotom-Wash, shiny|303\/303
|move|p2a: Gimmy|Hidden Power|p1a: Rotom-Wash
|-resisted|p1a: Rotom-Wash
|-damage|p1a: Rotom-Wash|290\/303
|
|-heal|p1a: Rotom-Wash|303\/303|[from] item: Leftovers
|turn|8
|
|switch|p2a: Defoggy|Latias, F|319\/319
|-damage|p2a: Defoggy|280\/319|[from] Stealth Rock
|move|p1a: Rotom-Wash|Will-O-Wisp|p2a: Defoggy
|-status|p2a: Defoggy|brn
|
|-damage|p2a: Defoggy|241\/319 brn|[from] brn
|turn|9
|
|move|p2a: Defoggy|Draco Meteor|p1a: Rotom-Wash
|-damage|p1a: Rotom-Wash|124\/303
|-unboost|p2a: Defoggy|spa|2
|-damage|p2a: Defoggy|210\/319 brn|[from] item: Life Orb
|move|p1a: Rotom-Wash|Volt Switch|p2a: Defoggy
|-resisted|p2a: Defoggy
|-damage|p2a: Defoggy|177\/319 brn
|
|switch|p1a: Landorus-Therian|Landorus-Therian, M, shiny|319\/319
|-ability|p1a: Landorus-Therian|Intimidate|[of] p2a: Defoggy
|-unboost|p2a: Defoggy|atk|1
|
|-damage|p2a: Defoggy|138\/319 brn|[from] brn
|turn|10
|
|switch|p2a: Gimmy|Garchomp, M|420\/420
|-damage|p2a: Gimmy|394\/420|[from] Stealth Rock
|move|p1a: Landorus-Therian|U-turn|p2a: Gimmy
|-damage|p2a: Gimmy|323\/420
|-damage|p1a: Landorus-Therian|280\/319|[from] ability: Rough Skin|[of] p2a: Gimmy
|-damage|p1a: Landorus-Therian|227\/319|[from] item: Rocky Helmet|[of] p2a: Gimmy
|
|switch|p1a: Sceptile|Sceptile-Mega, M, shiny|281\/281
|
|turn|11
|
|move|p1a: Sceptile|Focus Blast|p2a: Gimmy
|-damage|p2a: Gimmy|155\/420
|move|p2a: Gimmy|Hidden Power|p1a: Sceptile
|-supereffective|p1a: Sceptile
|-damage|p1a: Sceptile|97\/281
|
|turn|12
|
|switch|p2a: Azu bomb|Azumarill, M|364\/364
|-damage|p2a: Azu bomb|319\/364|[from] Stealth Rock
|move|p1a: Sceptile|Giga Drain|p2a: Azu bomb
|-supereffective|p2a: Azu bomb
|-damage|p2a: Azu bomb|0 fnt
|-heal|p1a: Sceptile|257\/281|[from] drain|[of] p2a: Azu bomb
|faint|p2a: Azu bomb
|
|
|switch|p2a: Red Bull|Scizor, M|270\/344
|-damage|p2a: Red Bull|227\/344|[from] Stealth Rock
|turn|13
|
|switch|p1a: Landorus-Therian|Landorus-Therian, M, shiny|227\/319
|-ability|p1a: Landorus-Therian|Intimidate|[of] p2a: Red Bull
|-unboost|p2a: Red Bull|atk|1
|move|p2a: Red Bull|Knock Off|p1a: Landorus-Therian
|-damage|p1a: Landorus-Therian|109\/319
|-enditem|p1a: Landorus-Therian|Choice Scarf|[from] move: Knock Off|[of] p2a: Red Bull
|-damage|p2a: Red Bull|193\/344|[from] item: Life Orb
|
|turn|14
|
|move|p2a: Red Bull|Bullet Punch|p1a: Landorus-Therian
|-damage|p1a: Landorus-Therian|4\/319
|-damage|p2a: Red Bull|159\/344|[from] item: Life Orb
|move|p1a: Landorus-Therian|Knock Off|p2a: Red Bull
|-damage|p2a: Red Bull|29\/344
|-enditem|p2a: Red Bull|Life Orb|[from] move: Knock Off|[of] p1a: Landorus-Therian
|
|turn|15
|
|move|p2a: Red Bull|Bullet Punch|p1a: Landorus-Therian
|-damage|p1a: Landorus-Therian|0 fnt
|faint|p1a: Landorus-Therian
|
|
|switch|p1a: Heatran|Heatran, M, shiny|358\/385
|turn|16
|
|move|p1a: Heatran|Lava Plume|p2a: Red Bull
|-supereffective|p2a: Red Bull
|-damage|p2a: Red Bull|0 fnt
|faint|p2a: Red Bull
|
|
|switch|p2a: Defoggy|Latias, F|138\/319 brn
|-damage|p2a: Defoggy|99\/319 brn|[from] Stealth Rock
|turn|17
|
|move|p2a: Defoggy|Healing Wish|p2a: Defoggy
|faint|p2a: Defoggy
|move|p1a: Heatran|Flash Cannon|p2: Defoggy|[notarget]
|-notarget
|
|
|switch|p2a: Lady Fairy|Gardevoir-Mega, F|44\/278
|-heal|p2a: Lady Fairy|278\/278|[from] move: Healing Wish
|-damage|p2a: Lady Fairy|244\/278|[from] Stealth Rock
|turn|18
|
|switch|p2a: Gimmy|Garchomp, M|155\/420
|-damage|p2a: Gimmy|129\/420|[from] Stealth Rock
|move|p1a: Heatran|Flash Cannon|p2a: Gimmy
|-damage|p2a: Gimmy|2\/420
|
|turn|19
|
|switch|p1a: Rotom-Wash|Rotom-Wash, shiny|124\/303
|move|p2a: Gimmy|Earthquake|p1a: Rotom-Wash
|-immune|p1a: Rotom-Wash|[msg]
|
|-heal|p1a: Rotom-Wash|142\/303|[from] item: Leftovers
|turn|20
|
|move|p2a: Gimmy|Stealth Rock|p1a: Rotom-Wash
|-sidestart|p1: S2EeveeS2|move: Stealth Rock
|move|p1a: Rotom-Wash|Hydro Pump|p2a: Gimmy
|-damage|p2a: Gimmy|0 fnt
|faint|p2a: Gimmy
|
|-heal|p1a: Rotom-Wash|160\/303|[from] item: Leftovers
|
|switch|p2a: Lady Fairy|Gardevoir-Mega, F|244\/278
|-damage|p2a: Lady Fairy|210\/278|[from] Stealth Rock
|turn|21
|
|move|p2a: Lady Fairy|Hyper Voice|p1a: Rotom-Wash
|-damage|p1a: Rotom-Wash|0 fnt
|faint|p1a: Rotom-Wash
|
|
|switch|p1a: Heatran|Heatran, M, shiny|358\/385
|-damage|p1a: Heatran|310\/385|[from] Stealth Rock
|turn|22
|
|switch|p2a: Zlatan|Thundurus, M|299\/299
|-damage|p2a: Zlatan|225\/299|[from] Stealth Rock
|move|p1a: Heatran|Flash Cannon|p2a: Zlatan
|-resisted|p2a: Zlatan
|-damage|p2a: Zlatan|147\/299
|
|turn|23
|
|switch|p1a: Conkeldurr|Conkeldurr, M, shiny|413\/413
|-damage|p1a: Conkeldurr|388\/413|[from] Stealth Rock
|move|p2a: Zlatan|Superpower|p1a: Conkeldurr
|-damage|p1a: Conkeldurr|244\/413
|-unboost|p2a: Zlatan|atk|1
|-unboost|p2a: Zlatan|def|1
|-damage|p2a: Zlatan|118\/299|[from] item: Life Orb
|
|turn|24
|
|move|p2a: Zlatan|Thunderbolt|p1a: Conkeldurr
|-damage|p1a: Conkeldurr|71\/413
|-damage|p2a: Zlatan|89\/299|[from] item: Life Orb
|move|p1a: Conkeldurr|Ice Punch|p2a: Zlatan
|-supereffective|p2a: Zlatan
|-damage|p2a: Zlatan|0 fnt
|faint|p2a: Zlatan
|
|
|switch|p2a: Lady Fairy|Gardevoir-Mega, F|210\/278
|-damage|p2a: Lady Fairy|176\/278|[from] Stealth Rock
|turn|25
|
|move|p1a: Conkeldurr|Mach Punch|p2a: Lady Fairy
|-resisted|p2a: Lady Fairy
|-damage|p2a: Lady Fairy|147\/278
|move|p2a: Lady Fairy|Hyper Voice|p1a: Conkeldurr
|-supereffective|p1a: Conkeldurr
|-damage|p1a: Conkeldurr|0 fnt
|faint|p1a: Conkeldurr
|
|
|switch|p1a: Sceptile|Sceptile-Mega, M, shiny|257\/281
|-damage|p1a: Sceptile|222\/281|[from] Stealth Rock
|turn|26
|
|move|p1a: Sceptile|Giga Drain|p2a: Lady Fairy
|-damage|p2a: Lady Fairy|29\/278
|-heal|p1a: Sceptile|281\/281|[from] drain|[of] p2a: Lady Fairy
|move|p2a: Lady Fairy|Hyper Voice|p1a: Sceptile
|-crit|p1a: Sceptile
|-supereffective|p1a: Sceptile
|-damage|p1a: Sceptile|0 fnt
|faint|p1a: Sceptile
|
|
|switch|p1a: Heatran|Heatran, M, shiny|310\/385
|-damage|p1a: Heatran|262\/385|[from] Stealth Rock
|turn|27
|
|move|p2a: Lady Fairy|Hidden Power|p1a: Heatran
|-supereffective|p1a: Heatran
|-damage|p1a: Heatran|0 fnt
|faint|p1a: Heatran
|
|win|Fabio96
|raw|Ladder updating...
|raw|S2EeveeS2's rating: 1648 &rarr; <strong>1623<\/strong><br \/>(-25 for losing)
|raw|Fabio96's rating: 1566 &rarr; <strong>1591<\/strong><br \/>(+25 for winning)
|c|★Fabio96|yesssss
|c|★S2EeveeS2|gg
|c|★Fabio96|gg
|leave|S2EeveeS2
|player|p1