|join|pokemonisfun
|join|kokoloko
|player|p1|pokemonisfun|184
|player|p2|kokoloko|169
|gametype|singles
|gen|6
|tier|UU
|rated
|rule|Sleep Clause Mod: Limit one foe put to sleep
|rule|Species Clause: Limit one of each Pokémon
|rule|OHKO Clause: OHKO moves are banned
|rule|Moody Clause: Moody is banned
|rule|Evasion Moves Clause: Evasion moves are banned
|rule|Endless Battle Clause: Forcing endless battles is banned
|rule|HP Percentage Mod: HP is shown in percentages
|clearpoke
|poke|p1|Blissey, F
|poke|p1|Nidoqueen, F
|poke|p1|Sableye, F
|poke|p1|Granbull, F
|poke|p1|Crobat, F
|poke|p1|Suicune
|poke|p2|Jirachi
|poke|p2|Hydreigon, F
|poke|p2|Umbreon, F, shiny
|poke|p2|Swampert, F
|poke|p2|Crobat, M
|poke|p2|Infernape, F
|rule|Swagger Clause: Swagger is banned
|rule|Baton Pass Clause: Limit one Pokémon knowing Baton Pass
|teampreview
|
|start
|switch|p1a: Sableye|Sableye, F|285\/285
|switch|p2a: Infernape|Infernape, F|293\/293
|turn|1
|
|switch|p1a: Crobat|Crobat, F|373\/373
|move|p2a: Infernape|Close Combat|p1a: Crobat
|-resisted|p1a: Crobat
|-damage|p1a: Crobat|303\/373
|-unboost|p2a: Infernape|def|1
|-unboost|p2a: Infernape|spd|1
|-damage|p2a: Infernape|264\/293|[from] item: Life Orb
|
|-heal|p1a: Crobat|326\/373|[from] item: Black Sludge
|turn|2
|
|switch|p1a: Sableye|Sableye, F|285\/285
|switch|p2a: Swampert|Swampert, F|401\/401
|
|turn|3
|
|move|p1a: Sableye|Knock Off|p2a: Swampert
|-damage|p2a: Swampert|331\/401
|-enditem|p2a: Swampert|Leftovers|[from] move: Knock Off|[of] p1a: Sableye
|move|p2a: Swampert|Stealth Rock|p1a: Sableye
|-sidestart|p1: pokemonisfun|move: Stealth Rock
|
|turn|4
|
|switch|p1a: Suicune|Suicune|402\/402
|-damage|p1a: Suicune|352\/402|[from] Stealth Rock
|-ability|p1a: Suicune|Pressure
|move|p2a: Swampert|Scald|p1a: Suicune
|-resisted|p1a: Suicune
|-damage|p1a: Suicune|318\/402
|-status|p1a: Suicune|brn
|
|-heal|p1a: Suicune|343\/402 brn|[from] item: Leftovers
|-damage|p1a: Suicune|293\/402 brn|[from] brn
|turn|5
|join|Bob the Bro
|c| Bob the Bro|kekek
|
|move|p1a: Suicune|Scald|p2a: Swampert
|-damage|p2a: Swampert|240\/401
|move|p2a: Swampert|Earthquake|p1a: Suicune
|-damage|p1a: Suicune|215\/402 brn
|
|-heal|p1a: Suicune|240\/402 brn|[from] item: Leftovers
|-damage|p1a: Suicune|190\/402 brn|[from] brn
|turn|6
|
|switch|p2a: Jirachi|Jirachi|341\/341
|move|p1a: Suicune|Rest|p1a: Suicune
|-status|p1a: Suicune|slp
|-heal|p1a: Suicune|402\/402 slp|[silent]
|-status|p1a: Suicune|slp|[from] move: Rest
|
|turn|7
|
|switch|p1a: Sableye|Sableye, F|285\/285
|-damage|p1a: Sableye|250\/285|[from] Stealth Rock
|move|p2a: Jirachi|Calm Mind|p2a: Jirachi
|-boost|p2a: Jirachi|spa|1
|-boost|p2a: Jirachi|spd|1
|
|-heal|p1a: Sableye|267\/285|[from] item: Leftovers
|turn|8
|join|Monsisfun
|
|move|p2a: Jirachi|Flash Cannon|p1a: Sableye
|-damage|p1a: Sableye|105\/285
|move|p1a: Sableye|Knock Off|p2a: Jirachi
|-supereffective|p2a: Jirachi
|-damage|p2a: Jirachi|153\/341
|-enditem|p2a: Jirachi|Leftovers|[from] move: Knock Off|[of] p1a: Sableye
|
|-heal|p1a: Sableye|122\/285|[from] item: Leftovers
|turn|9
|c| Monsisfun|kek its kokoloko
|c| Monsisfun|i swear fealty to you m'lord
|join|Emma Bae ♥
|
|move|p1a: Sableye|Will-O-Wisp|p2a: Jirachi
|-status|p2a: Jirachi|brn
|move|p2a: Jirachi|Psyshock|p1a: Sableye
|-immune|p1a: Sableye|[msg]
|
|-heal|p1a: Sableye|139\/285|[from] item: Leftovers
|-damage|p2a: Jirachi|111\/341 brn|[from] brn
|turn|10
|c|★kokoloko|ur 2 good man i cant,,,
|-message|kokoloko forfeited.
|
|win|pokemonisfun
|raw|Ladder updating...
|leave|kokoloko
|player|p2
|raw|pokemonisfun's rating: 1693 &rarr; <strong>1708<\/strong><br \/>(+15 for winning)
|raw|kokoloko's rating: 1613 &rarr; <strong>1597<\/strong><br \/>(-16 for losing)
|c| Monsisfun|kek