|join|kokoloko
|join|whats flare blitz
|player|p1|kokoloko|169
|player|p2|whats flare blitz|171
|gametype|singles
|gen|6
|tier|UU
|rated
|rule|Sleep Clause Mod: Limit one foe put to sleep
|rule|Species Clause: Limit one of each Pokémon
|rule|OHKO Clause: OHKO moves are banned
|rule|Moody Clause: Moody is banned
|rule|Evasion Moves Clause: Evasion moves are banned
|rule|Endless Battle Clause: Forcing endless battles is banned
|rule|HP Percentage Mod: HP is shown in percentages
|clearpoke
|poke|p1|Shaymin
|poke|p1|Swampert, F
|poke|p1|Jirachi
|poke|p1|Sableye, F, shiny
|poke|p1|Machamp, F
|poke|p1|Alakazam, F
|poke|p2|Sharpedo, F
|poke|p2|Entei, shiny
|poke|p2|Celebi
|poke|p2|Cobalion
|poke|p2|Whimsicott, F
|poke|p2|Aerodactyl, M
|rule|Swagger Clause: Swagger is banned
|rule|Baton Pass Clause: Limit one Pokémon knowing Baton Pass
|teampreview
|
|start
|switch|p1a: Machamp|Machamp, F|363\/363
|switch|p2a: Vegetable 1|Whimsicott, F|261\/261
|turn|1
|
|switch|p1a: Jirachi|Jirachi|341\/341
|move|p2a: Vegetable 1|U-turn|p1a: Jirachi
|-damage|p1a: Jirachi|303\/341
|
|switch|p2a: Dog 1|Cobalion|323\/323
|
|turn|2
|
|move|p1a: Jirachi|Trick|p2a: Dog 1
|-activate|p1a: Jirachi|move: Trick|[of] p2a: Dog 1
|-item|p2a: Dog 1|Choice Scarf|[from] move: Trick
|-item|p1a: Jirachi|Leftovers|[from] move: Trick
|move|p2a: Dog 1|Stealth Rock|p1a: Jirachi
|-sidestart|p1: kokoloko|move: Stealth Rock
|
|-heal|p1a: Jirachi|324\/341|[from] item: Leftovers
|turn|3
|
|switch|p2a: Dog 2|Entei, shiny|371\/371
|-ability|p2a: Dog 2|Pressure
|move|p1a: Jirachi|U-turn|p2a: Dog 2
|-resisted|p2a: Dog 2
|-damage|p2a: Dog 2|333\/371
|
|switch|p1a: Swampert|Swampert, F|401\/401
|-damage|p1a: Swampert|376\/401|[from] Stealth Rock
|
|-heal|p1a: Swampert|401\/401|[from] item: Leftovers
|turn|4
|
|move|p2a: Dog 2|Sacred Fire|p1a: Swampert
|-resisted|p1a: Swampert
|-damage|p1a: Swampert|313\/401
|-status|p1a: Swampert|brn
|-damage|p2a: Dog 2|296\/371|[from] item: Life Orb
|move|p1a: Swampert|Stealth Rock|p2a: Dog 2
|-sidestart|p2: whats flare blitz|move: Stealth Rock
|
|-heal|p1a: Swampert|338\/401 brn|[from] item: Leftovers
|-damage|p1a: Swampert|288\/401 brn|[from] brn
|turn|5
|
|switch|p2a: Vegetable 1|Whimsicott, F|261\/261
|-damage|p2a: Vegetable 1|229\/261|[from] Stealth Rock
|move|p1a: Swampert|Scald|p2a: Vegetable 1
|-resisted|p2a: Vegetable 1
|-damage|p2a: Vegetable 1|175\/261
|
|-heal|p2a: Vegetable 1|191\/261|[from] item: Leftovers
|-heal|p1a: Swampert|313\/401 brn|[from] item: Leftovers
|-damage|p1a: Swampert|263\/401 brn|[from] brn
|turn|6
|
|move|p2a: Vegetable 1|U-turn|p1a: Swampert
|-damage|p1a: Swampert|235\/401 brn
|
|switch|p2a: Vegetable 2|Celebi|404\/404
|-damage|p2a: Vegetable 2|354\/404|[from] Stealth Rock
|move|p1a: Swampert|Scald|p2a: Vegetable 2
|-resisted|p2a: Vegetable 2
|-damage|p2a: Vegetable 2|312\/404
|-status|p2a: Vegetable 2|brn
|
|-heal|p1a: Swampert|260\/401 brn|[from] item: Leftovers
|-damage|p2a: Vegetable 2|262\/404 brn|[from] brn
|-damage|p1a: Swampert|210\/401 brn|[from] brn
|turn|7
|
|switch|p1a: Jirachi|Jirachi|324\/341
|-damage|p1a: Jirachi|303\/341|[from] Stealth Rock
|move|p2a: Vegetable 2|Recover|p2a: Vegetable 2
|-heal|p2a: Vegetable 2|404\/404 brn
|
|-heal|p1a: Jirachi|324\/341|[from] item: Leftovers
|-damage|p2a: Vegetable 2|354\/404 brn|[from] brn
|turn|8
|join|dynamic testing
|
|move|p1a: Jirachi|U-turn|p2a: Vegetable 2
|-supereffective|p2a: Vegetable 2
|-damage|p2a: Vegetable 2|142\/404 brn
|-enditem|p2a: Vegetable 2|Weakness Policy
|-boost|p2a: Vegetable 2|atk|2|[from] item: Weakness Policy
|-boost|p2a: Vegetable 2|spa|2|[from] item: Weakness Policy
|c| dynamic testing|oo
|c| dynamic testing|nb
|c|★kokoloko|huh
|c|★kokoloko|i made that set
|c|★kokoloko|and literally forgot about it
|c|★kokoloko|i wonder if i lose
|c|★whats flare blitz|lol i'm using a different spread
|
|switch|p1a: Shaymin|Shaymin|341\/341
|-damage|p1a: Shaymin|299\/341|[from] Stealth Rock
|move|p2a: Vegetable 2|Baton Pass|p2a: Vegetable 2
|c|★whats flare blitz|eh
|
|switch|p2a: Shark 2|Sharpedo, F|281\/281
|-damage|p2a: Shark 2|246\/281|[from] Stealth Rock
|
|turn|9
|c|★kokoloko|why that lol entei wins it
|
|move|p2a: Shark 2|Protect|p2a: Shark 2
|-singleturn|p2a: Shark 2|Protect
|move|p1a: Shaymin|Earth Power|p2a: Shark 2
|-activate|p2a: Shark 2|Protect
|
|-boost|p2a: Shark 2|spe|1|[from] ability: Speed Boost
|turn|10
|c|★whats flare blitz|entei can't kill shaymin
|c|★kokoloko|o right its slow as fck
|c|★kokoloko|i forgot
|
|move|p2a: Shark 2|Crunch|p1a: Shaymin
|-crit|p1a: Shaymin
|-damage|p1a: Shaymin|0 fnt
|-damage|p2a: Shark 2|218\/281|[from] item: Life Orb
|faint|p1a: Shaymin
|
|-boost|p2a: Shark 2|spe|1|[from] ability: Speed Boost
|
|switch|p1a: Sableye|Sableye, F, shiny|303\/303
|-damage|p1a: Sableye|266\/303|[from] Stealth Rock
|turn|11
|c|★whats flare blitz|dodge this imo
|c| dynamic testing|dodging
|c| dynamic testing|the wisp ez
|
|switch|p2a: Dog 2|Entei, shiny|296\/371
|-damage|p2a: Dog 2|204\/371|[from] Stealth Rock
|-ability|p2a: Dog 2|Pressure
|move|p1a: Sableye|Will-O-Wisp|p2a: Dog 2
|-fail|p2a: Dog 2
|
|-heal|p1a: Sableye|284\/303|[from] item: Leftovers
|turn|12
|
|switch|p1a: Swampert|Swampert, F|210\/401 brn
|-damage|p1a: Swampert|185\/401 brn|[from] Stealth Rock
|move|p2a: Dog 2|Sacred Fire|p1a: Swampert|[miss]
|-miss|p2a: Dog 2|p1a: Swampert
|
|-heal|p1a: Swampert|210\/401 brn|[from] item: Leftovers
|-damage|p1a: Swampert|160\/401 brn|[from] brn
|turn|13
|
|switch|p2a: Vegetable 2|Celebi|142\/404
|-damage|p2a: Vegetable 2|92\/404|[from] Stealth Rock
|move|p1a: Swampert|Scald|p2a: Vegetable 2
|-resisted|p2a: Vegetable 2
|-damage|p2a: Vegetable 2|56\/404
|
|-heal|p1a: Swampert|185\/401 brn|[from] item: Leftovers
|-damage|p1a: Swampert|135\/401 brn|[from] brn
|turn|14
|
|switch|p1a: Jirachi|Jirachi|324\/341
|-damage|p1a: Jirachi|303\/341|[from] Stealth Rock
|move|p2a: Vegetable 2|Seed Bomb|p1a: Jirachi
|-resisted|p1a: Jirachi
|-damage|p1a: Jirachi|256\/341
|
|-heal|p1a: Jirachi|277\/341|[from] item: Leftovers
|turn|15
|
|move|p1a: Jirachi|Iron Head|p2a: Vegetable 2
|-damage|p2a: Vegetable 2|0 fnt
|faint|p2a: Vegetable 2
|
|-heal|p1a: Jirachi|298\/341|[from] item: Leftovers
|
|switch|p2a: Shark 1|Aerodactyl, M|301\/301
|-damage|p2a: Shark 1|226\/301|[from] Stealth Rock
|-ability|p2a: Shark 1|Pressure
|turn|16
|
|detailschange|p2a: Shark 1|Aerodactyl-Mega, M
|message|Aerodactyl has Mega Evolved into Mega Aerodactyl!
|move|p2a: Shark 1|Pursuit|p1a: Jirachi|[from]Pursuit
|-supereffective|p1a: Jirachi
|-damage|p1a: Jirachi|18\/341
|switch|p1a: Sableye|Sableye, F, shiny|284\/303
|-damage|p1a: Sableye|247\/303|[from] Stealth Rock
|
|-heal|p1a: Sableye|265\/303|[from] item: Leftovers
|turn|17
|
|move|p1a: Sableye|Will-O-Wisp|p2a: Shark 1
|-status|p2a: Shark 1|brn
|move|p2a: Shark 1|Stone Edge|p1a: Sableye
|-crit|p1a: Sableye
|-damage|p1a: Sableye|129\/303
|
|-heal|p1a: Sableye|147\/303|[from] item: Leftovers
|-damage|p2a: Shark 1|189\/301 brn|[from] brn
|turn|18
|
|switch|p2a: Vegetable 1|Whimsicott, F|191\/261
|-damage|p2a: Vegetable 1|159\/261|[from] Stealth Rock
|move|p1a: Sableye|Recover|p1a: Sableye
|-heal|p1a: Sableye|299\/303
|
|-heal|p2a: Vegetable 1|175\/261|[from] item: Leftovers
|-heal|p1a: Sableye|303\/303|[from] item: Leftovers
|turn|19
|
|switch|p1a: Jirachi|Jirachi|18\/341
|-damage|p1a: Jirachi|0 fnt|[from] Stealth Rock
|faint|p1a: Jirachi
|move|p2a: Vegetable 1|U-turn|p1: Jirachi|[notarget]
|-notarget
|
|-heal|p2a: Vegetable 1|191\/261|[from] item: Leftovers
|
|switch|p1a: Machamp|Machamp, F|363\/363
|-damage|p1a: Machamp|341\/363|[from] Stealth Rock
|turn|20
|
|move|p1a: Machamp|Bullet Punch|p2a: Vegetable 1
|-supereffective|p2a: Vegetable 1
|-damage|p2a: Vegetable 1|79\/261
|move|p2a: Vegetable 1|Moonblast|p1a: Machamp
|-supereffective|p1a: Machamp
|-damage|p1a: Machamp|165\/363
|
|-heal|p2a: Vegetable 1|95\/261|[from] item: Leftovers
|turn|21
|
|switch|p2a: Dog 1|Cobalion|323\/323
|-damage|p2a: Dog 1|313\/323|[from] Stealth Rock
|move|p1a: Machamp|Bullet Punch|p2a: Dog 1
|-resisted|p2a: Dog 1
|-damage|p2a: Dog 1|291\/323
|
|turn|22
|
|switch|p1a: Sableye|Sableye, F, shiny|303\/303
|-damage|p1a: Sableye|266\/303|[from] Stealth Rock
|move|p2a: Dog 1|Close Combat|p1a: Sableye
|-immune|p1a: Sableye|[msg]
|
|-heal|p1a: Sableye|284\/303|[from] item: Leftovers
|turn|23
|
|move|p1a: Sableye|Will-O-Wisp|p2a: Dog 1
|-status|p2a: Dog 1|brn
|move|p2a: Dog 1|Close Combat|p1a: Sableye
|-immune|p1a: Sableye|[msg]
|
|-heal|p1a: Sableye|302\/303|[from] item: Leftovers
|-damage|p2a: Dog 1|251\/323 brn|[from] brn
|turn|24
|
|move|p1a: Sableye|Will-O-Wisp|p2a: Dog 1
|-fail|p2a: Dog 1|brn
|move|p2a: Dog 1|Close Combat|p1a: Sableye
|-immune|p1a: Sableye|[msg]
|
|-heal|p1a: Sableye|303\/303|[from] item: Leftovers
|-damage|p2a: Dog 1|211\/323 brn|[from] brn
|turn|25
|join|Mann's Bridge
|
|switch|p2a: Dog 2|Entei, shiny|204\/371
|-damage|p2a: Dog 2|112\/371|[from] Stealth Rock
|-ability|p2a: Dog 2|Pressure
|move|p1a: Sableye|Knock Off|p2a: Dog 2
|-damage|p2a: Dog 2|13\/371
|-enditem|p2a: Dog 2|Life Orb|[from] move: Knock Off|[of] p1a: Sableye
|
|turn|26
|
|switch|p1a: Swampert|Swampert, F|135\/401 brn
|-damage|p1a: Swampert|110\/401 brn|[from] Stealth Rock
|move|p2a: Dog 2|Sacred Fire|p1a: Swampert
|-resisted|p1a: Swampert
|-damage|p1a: Swampert|38\/401 brn
|
|-heal|p1a: Swampert|63\/401 brn|[from] item: Leftovers
|-damage|p1a: Swampert|13\/401 brn|[from] brn
|turn|27
|
|move|p2a: Dog 2|Extreme Speed|p1a: Swampert
|-damage|p1a: Swampert|0 fnt
|faint|p1a: Swampert
|
|
|switch|p1a: Machamp|Machamp, F|165\/363
|-damage|p1a: Machamp|143\/363|[from] Stealth Rock
|turn|28
|
|move|p2a: Dog 2|Extreme Speed|p1a: Machamp
|-damage|p1a: Machamp|22\/363
|move|p1a: Machamp|Bullet Punch|p2a: Dog 2
|-resisted|p2a: Dog 2
|-damage|p2a: Dog 2|0 fnt
|faint|p2a: Dog 2
|
|
|switch|p2a: Dog 1|Cobalion|211\/323 brn
|-damage|p2a: Dog 1|201\/323 brn|[from] Stealth Rock
|turn|29
|
|switch|p1a: Sableye|Sableye, F, shiny|303\/303
|-damage|p1a: Sableye|266\/303|[from] Stealth Rock
|move|p2a: Dog 1|Volt Switch|p1a: Sableye
|-damage|p1a: Sableye|202\/303
|
|switch|p2a: Vegetable 1|Whimsicott, F|95\/261
|-damage|p2a: Vegetable 1|63\/261|[from] Stealth Rock
|
|-heal|p2a: Vegetable 1|79\/261|[from] item: Leftovers
|-heal|p1a: Sableye|220\/303|[from] item: Leftovers
|turn|30
|
|switch|p1a: Alakazam|Alakazam, F|252\/252
|move|p2a: Vegetable 1|Moonblast|p1a: Alakazam
|-damage|p1a: Alakazam|137\/252
|
|-heal|p2a: Vegetable 1|95\/261|[from] item: Leftovers
|turn|31
|
|detailschange|p1a: Alakazam|Alakazam-Mega, F
|message|Alakazam has Mega Evolved into Mega Alakazam!
|-ability|p1a: Alakazam|Prankster|[from] ability: Trace|[of] p2a: Vegetable 1
|move|p2a: Vegetable 1|U-turn|p1a: Alakazam
|-supereffective|p1a: Alakazam
|-damage|p1a: Alakazam|33\/252
|c|★whats flare blitz|if you're encore
|c|★whats flare blitz|lol
|
|switch|p2a: Dog 1|Cobalion|201\/323 brn
|-damage|p2a: Dog 1|191\/323 brn|[from] Stealth Rock
|move|p1a: Alakazam|Psychic|p2a: Dog 1
|-damage|p2a: Dog 1|0 fnt
|faint|p2a: Dog 1
|
|
|switch|p2a: Shark 1|Aerodactyl-Mega, M|189\/301 brn
|-damage|p2a: Shark 1|114\/301 brn|[from] Stealth Rock
|turn|32
|c|★kokoloko|i wish i had recover 
|c|★kokoloko|would be nice with prankster
|c| Mann's Bridge|recover zam
|
|move|p1a: Alakazam|Psychic|p2a: Shark 1
|-damage|p2a: Shark 1|0 fnt
|faint|p2a: Shark 1
|
|
|switch|p2a: Shark 2|Sharpedo, F|218\/281
|-damage|p2a: Shark 2|183\/281|[from] Stealth Rock
|turn|33
|c|★kokoloko|ah nice and adamant
|c|★whats flare blitz|fuck lol
|
|switch|p1a: Machamp|Machamp, F|22\/363
|-damage|p1a: Machamp|0 fnt|[from] Stealth Rock
|faint|p1a: Machamp
|move|p2a: Shark 2|Protect|p2a: Shark 2
|-fail|p2a: Shark 2
|
|-boost|p2a: Shark 2|spe|1|[from] ability: Speed Boost
|
|switch|p1a: Sableye|Sableye, F, shiny|220\/303
|-damage|p1a: Sableye|183\/303|[from] Stealth Rock
|turn|34
|
|switch|p2a: Vegetable 1|Whimsicott, F|95\/261
|-damage|p2a: Vegetable 1|63\/261|[from] Stealth Rock
|move|p1a: Sableye|Will-O-Wisp|p2a: Vegetable 1
|-status|p2a: Vegetable 1|brn
|
|-heal|p2a: Vegetable 1|79\/261 brn|[from] item: Leftovers
|-heal|p1a: Sableye|201\/303|[from] item: Leftovers
|-damage|p2a: Vegetable 1|47\/261 brn|[from] brn
|turn|35
|
|move|p2a: Vegetable 1|Encore|p1a: Sableye
|-start|p1a: Sableye|Encore
|move|p1a: Sableye|Will-O-Wisp|p2a: Vegetable 1
|-fail|p2a: Vegetable 1|brn
|
|-heal|p2a: Vegetable 1|63\/261 brn|[from] item: Leftovers
|-heal|p1a: Sableye|219\/303|[from] item: Leftovers
|-damage|p2a: Vegetable 1|31\/261 brn|[from] brn
|turn|36
|
|switch|p1a: Alakazam|Alakazam-Mega, F|33\/252
|-damage|p1a: Alakazam|2\/252|[from] Stealth Rock
|-ability|p1a: Alakazam|Prankster|[from] ability: Trace|[of] p2a: Vegetable 1
|move|p2a: Vegetable 1|Moonblast|p1a: Alakazam
|-damage|p1a: Alakazam|0 fnt
|faint|p1a: Alakazam
|
|-heal|p2a: Vegetable 1|47\/261 brn|[from] item: Leftovers
|-damage|p2a: Vegetable 1|15\/261 brn|[from] brn
|
|switch|p1a: Sableye|Sableye, F, shiny|219\/303
|-damage|p1a: Sableye|182\/303|[from] Stealth Rock
|turn|37
|
|move|p1a: Sableye|Recover|p1a: Sableye
|-heal|p1a: Sableye|303\/303
|move|p2a: Vegetable 1|Moonblast|p1a: Sableye
|-supereffective|p1a: Sableye
|-damage|p1a: Sableye|0 fnt
|faint|p1a: Sableye
|
|win|whats flare blitz
|raw|Ladder updating...
|c|★whats flare blitz|gg
|raw|kokoloko's rating: 1716 &rarr; <strong>1687<\/strong><br \/>(-29 for losing)
|raw|whats flare blitz's rating: 1544 &rarr; <strong>1573<\/strong><br \/>(+29 for winning)