|join|Alloy1
|join|kokoloko
|player|p1|Alloy1|33
|player|p2|kokoloko|265
|gametype|singles
|gen|6
|tier|UU
|rule|Sleep Clause Mod: Limit one foe put to sleep
|rule|Species Clause: Limit one of each Pokémon
|rule|OHKO Clause: OHKO moves are banned
|rule|Moody Clause: Moody is banned
|rule|Evasion Moves Clause: Evasion moves are banned
|rule|Endless Battle Clause: Forcing endless battles is banned
|rule|HP Percentage Mod: HP is shown in percentages
|clearpoke
|poke|p1|Mienshao, F
|poke|p1|Jirachi
|poke|p1|Crobat, M
|poke|p1|Hydreigon, F
|poke|p1|Blastoise, F
|poke|p1|Darmanitan, F
|poke|p2|Metagross
|poke|p2|Celebi
|poke|p2|Crobat, M
|poke|p2|Lucario, M
|poke|p2|Swampert, F
|poke|p2|Hydreigon, F
|rule|Swagger Clause: Swagger is banned
|rule|Baton Pass Clause: Limit one Pokémon knowing Baton Pass
|teampreview
|join|Quaggsterrr
|
|start
|switch|p1a: Mienshao|Mienshao, F|271\/271
|switch|p2a: Swampert|Swampert, F|401\/401
|turn|1
|join|watfor
|
|move|p2a: Swampert|Protect|p2a: Swampert
|-singleturn|p2a: Swampert|Protect
|move|p1a: Mienshao|Fake Out|p2a: Swampert
|-activate|p2a: Swampert|Protect
|
|turn|2
|
|move|p1a: Mienshao|Knock Off|p2a: Swampert
|-damage|p2a: Swampert|284\/401
|-enditem|p2a: Swampert|Leftovers|[from] move: Knock Off|[of] p1a: Mienshao
|-damage|p1a: Mienshao|244\/271|[from] item: Life Orb
|move|p2a: Swampert|Stealth Rock|p1a: Mienshao
|-sidestart|p1: Alloy1|move: Stealth Rock
|
|turn|3
|
|move|p1a: Mienshao|U-turn|p2a: Swampert
|-damage|p2a: Swampert|198\/401
|-damage|p1a: Mienshao|217\/271|[from] item: Life Orb
|
|switch|p1a: Blastoise|Blastoise, F|333\/333
|-damage|p1a: Blastoise|292\/333|[from] Stealth Rock
|move|p2a: Swampert|Scald|p1a: Blastoise
|-crit|p1a: Blastoise
|-resisted|p1a: Blastoise
|-damage|p1a: Blastoise|231\/333
|
|turn|4
|
|switch|p2a: Celebi|Celebi|401\/401
|detailschange|p1a: Blastoise|Blastoise-Mega, F
|message|Blastoise has Mega Evolved into Mega Blastoise!
|move|p1a: Blastoise|Hydro Pump|p2a: Celebi
|-resisted|p2a: Celebi
|-damage|p2a: Celebi|315\/401
|
|turn|5
|
|switch|p1a: Jirachi|Jirachi|371\/371
|-damage|p1a: Jirachi|348\/371|[from] Stealth Rock
|move|p2a: Celebi|Baton Pass|p2a: Celebi
|
|switch|p2a: Metagross|Metagross|302\/302
|
|-heal|p1a: Jirachi|371\/371|[from] item: Leftovers
|turn|6
|c| Quaggsterrr|MAN FRANKFURT
|c| Quaggsterrr|nach 1-0
|c| Quaggsterrr|1-2
|c| Quaggsterrr|was soll daaaaaas
|
|move|p1a: Jirachi|Stealth Rock|p2a: Metagross
|-sidestart|p2: kokoloko|move: Stealth Rock
|move|p2a: Metagross|Earthquake|p1a: Jirachi
|-supereffective|p1a: Jirachi
|-damage|p1a: Jirachi|25\/371
|-damage|p2a: Metagross|272\/302|[from] item: Life Orb
|
|-heal|p1a: Jirachi|48\/371|[from] item: Leftovers
|turn|7
|
|move|p1a: Jirachi|Fire Punch|p2a: Metagross
|-supereffective|p2a: Metagross
|-damage|p2a: Metagross|164\/302
|move|p2a: Metagross|Meteor Mash|p1a: Jirachi
|-resisted|p1a: Jirachi
|-damage|p1a: Jirachi|0 fnt
|-boost|p2a: Metagross|atk|1
|-damage|p2a: Metagross|134\/302|[from] item: Life Orb
|faint|p1a: Jirachi
|
|
|switch|p1a: Hydreigon|Hydreigon, F|325\/325
|-damage|p1a: Hydreigon|285\/325|[from] Stealth Rock
|turn|8
|
|move|p1a: Hydreigon|Fire Blast|p2a: Metagross
|-supereffective|p2a: Metagross
|-damage|p2a: Metagross|0 fnt
|faint|p2a: Metagross
|
|
|switch|p2a: Celebi|Celebi|315\/401
|-damage|p2a: Celebi|265\/401|[from] Stealth Rock
|turn|9
|
|move|p1a: Hydreigon|Fire Blast|p2a: Celebi
|-supereffective|p2a: Celebi
|-damage|p2a: Celebi|81\/401
|-enditem|p2a: Celebi|Weakness Policy
|-boost|p2a: Celebi|atk|2|[from] item: Weakness Policy
|-boost|p2a: Celebi|spa|2|[from] item: Weakness Policy
|move|p2a: Celebi|Baton Pass|p2a: Celebi
|join|Nightmare Vampire
|
|switch|p2a: Hydreigon|Hydreigon, F|325\/325
|-damage|p2a: Hydreigon|285\/325|[from] Stealth Rock
|
|turn|10
|
|switch|p1a: Darmanitan|Darmanitan, F|351\/351
|-damage|p1a: Darmanitan|264\/351|[from] Stealth Rock
|move|p2a: Hydreigon|Dark Pulse|p1a: Darmanitan
|-crit|p1a: Darmanitan
|-damage|p1a: Darmanitan|0 fnt
|faint|p1a: Darmanitan
|
|
|switch|p1a: Hydreigon|Hydreigon, F|285\/325
|-damage|p1a: Hydreigon|245\/325|[from] Stealth Rock
|turn|11
|
|move|p2a: Hydreigon|Dark Pulse|p1a: Hydreigon
|-resisted|p1a: Hydreigon
|-damage|p1a: Hydreigon|84\/325
|move|p1a: Hydreigon|Draco Meteor|p2a: Hydreigon
|-supereffective|p2a: Hydreigon
|-damage|p2a: Hydreigon|0 fnt
|-unboost|p1a: Hydreigon|spa|2
|faint|p2a: Hydreigon
|
|
|switch|p2a: Lucario|Lucario, M|281\/281
|-damage|p2a: Lucario|273\/281|[from] Stealth Rock
|turn|12
|
|switch|p1a: Crobat|Crobat, M|327\/327
|-damage|p1a: Crobat|246\/327|[from] Stealth Rock
|move|p2a: Lucario|Swords Dance|p2a: Lucario
|-boost|p2a: Lucario|atk|2
|
|-heal|p1a: Crobat|266\/327|[from] item: Black Sludge
|turn|13
|
|move|p2a: Lucario|Extreme Speed|p1a: Crobat
|-damage|p1a: Crobat|0 fnt
|-damage|p2a: Lucario|245\/281|[from] item: Life Orb
|faint|p1a: Crobat
|
|
|switch|p1a: Mienshao|Mienshao, F|271\/271
|-damage|p1a: Mienshao|255\/271|[from] Stealth Rock
|turn|14
|
|move|p2a: Lucario|Extreme Speed|p1a: Mienshao
|-damage|p1a: Mienshao|0 fnt
|-damage|p2a: Lucario|217\/281|[from] item: Life Orb
|faint|p1a: Mienshao
|
|
|switch|p1a: Hydreigon|Hydreigon, F|84\/325
|-damage|p1a: Hydreigon|44\/325|[from] Stealth Rock
|turn|15
|c|★kokoloko|g_g
|
|move|p2a: Lucario|Extreme Speed|p1a: Hydreigon
|-damage|p1a: Hydreigon|0 fnt
|-damage|p2a: Lucario|189\/281|[from] item: Life Orb
|faint|p1a: Hydreigon
|
|
|switch|p1a: Blastoise|Blastoise-Mega, F|231\/333
|-damage|p1a: Blastoise|190\/333|[from] Stealth Rock
|turn|16
|
|move|p2a: Lucario|Close Combat|p1a: Blastoise
|-damage|p1a: Blastoise|0 fnt
|-unboost|p2a: Lucario|def|1
|-unboost|p2a: Lucario|spd|1
|-damage|p2a: Lucario|161\/281|[from] item: Life Orb
|faint|p1a: Blastoise
|
|win|kokoloko
|c|★Alloy1|gg