|join|kokoloko
|join|feng
|player|p1|kokoloko|169
|player|p2|feng|23
|gametype|singles
|gen|6
|tier|UU
|rated
|rule|Sleep Clause Mod: Limit one foe put to sleep
|rule|Species Clause: Limit one of each Pokémon
|rule|OHKO Clause: OHKO moves are banned
|rule|Moody Clause: Moody is banned
|rule|Evasion Moves Clause: Evasion moves are banned
|rule|Endless Battle Clause: Forcing endless battles is banned
|rule|HP Percentage Mod: HP is shown in percentages
|clearpoke
|poke|p1|Sableye, F
|poke|p1|Machamp, M
|poke|p1|Shaymin
|poke|p1|Jirachi
|poke|p1|Swampert, F
|poke|p1|Alakazam, M
|poke|p2|Celebi
|poke|p2|Blissey, F
|poke|p2|Alomomola, M
|poke|p2|Aggron, M
|poke|p2|Krookodile, F
|poke|p2|Crobat, M
|rule|Swagger Clause: Swagger is banned
|rule|Baton Pass Clause: Limit one Pokémon knowing Baton Pass
|teampreview
|
|start
|switch|p1a: Machamp|Machamp, M|363\/363
|switch|p2a: Krookodile|Krookodile, F|331\/331
|-ability|p2a: Krookodile|Intimidate|[of] p1a: Machamp
|-unboost|p1a: Machamp|atk|1
|turn|1
|
|switch|p2a: Alomomola|Alomomola, M|534\/534
|move|p1a: Machamp|Dynamic Punch|p2a: Alomomola
|-damage|p2a: Alomomola|419\/534
|-damage|p1a: Machamp|303\/363|[from] item: Rocky Helmet|[of] p2a: Alomomola
|-start|p2a: Alomomola|confusion
|
|turn|2
|
|switch|p1a: Shaymin|Shaymin|341\/341
|switch|p2a: Crobat|Crobat, M|325\/325
|
|turn|3
|
|switch|p1a: Swampert|Swampert, F|401\/401
|move|p2a: Crobat|Acrobatics|p1a: Swampert
|-damage|p1a: Swampert|272\/401
|
|-heal|p1a: Swampert|297\/401|[from] item: Leftovers
|turn|4
|
|switch|p2a: Alomomola|Alomomola, M|534\/534
|move|p1a: Swampert|Protect|p1a: Swampert
|-fail|p1a: Swampert
|
|-heal|p1a: Swampert|322\/401|[from] item: Leftovers
|turn|5
|join|NBCAM
|
|move|p2a: Alomomola|Toxic|p1a: Swampert
|-status|p1a: Swampert|tox
|move|p1a: Swampert|Stealth Rock|p2a: Alomomola
|-sidestart|p2: feng|move: Stealth Rock
|
|-heal|p1a: Swampert|347\/401 tox|[from] item: Leftovers
|-damage|p1a: Swampert|322\/401 tox|[from] psn
|turn|6
|
|switch|p1a: Alakazam|Alakazam, M|252\/252
|move|p2a: Alomomola|Knock Off|p1a: Alakazam
|-supereffective|p1a: Alakazam
|-damage|p1a: Alakazam|104\/252
|
|turn|7
|
|detailschange|p1a: Alakazam|Alakazam-Mega, M
|message|Alakazam has Mega Evolved into Mega Alakazam!
|-ability|p1a: Alakazam|Regenerator|[from] ability: Trace|[of] p2a: Alomomola
|move|p1a: Alakazam|Psychic|p2a: Alomomola
|-damage|p2a: Alomomola|101\/534
|move|p2a: Alomomola|Knock Off|p1a: Alakazam
|-supereffective|p1a: Alakazam
|-damage|p1a: Alakazam|0 fnt
|faint|p1a: Alakazam
|
|
|switch|p1a: Machamp|Machamp, M|303\/363
|turn|8
|
|switch|p2a: Aggron|Aggron, M|344\/344
|-damage|p2a: Aggron|323\/344|[from] Stealth Rock
|move|p1a: Machamp|Dynamic Punch|p2a: Aggron
|-supereffective|p2a: Aggron
|-damage|p2a: Aggron|0 fnt
|faint|p2a: Aggron
|
|
|switch|p2a: Crobat|Crobat, M|325\/325
|-damage|p2a: Crobat|244\/325|[from] Stealth Rock
|turn|9
|
|switch|p1a: Jirachi|Jirachi|341\/341
|move|p2a: Crobat|Defog|p1a: Jirachi
|-unboost|p1a: Jirachi|evasion|1
|-sideend|p2: feng|Stealth Rock|[from] move: Defog|[of] p2a: Crobat
|
|turn|10
|
|switch|p2a: Alomomola|Alomomola, M|279\/534
|move|p1a: Jirachi|U-turn|p2a: Alomomola
|-damage|p2a: Alomomola|226\/534
|-damage|p1a: Jirachi|285\/341|[from] item: Rocky Helmet|[of] p2a: Alomomola
|
|switch|p1a: Shaymin|Shaymin|341\/341
|
|turn|11
|
|switch|p1a: Machamp|Machamp, M|303\/363
|switch|p2a: Blissey|Blissey, F|714\/714
|
|turn|12
|
|switch|p2a: Alomomola|Alomomola, M|404\/534
|move|p1a: Machamp|Knock Off|p2a: Alomomola
|-damage|p2a: Alomomola|296\/534
|-damage|p1a: Machamp|243\/363|[from] item: Rocky Helmet|[of] p2a: Alomomola
|-enditem|p2a: Alomomola|Rocky Helmet|[from] move: Knock Off|[of] p1a: Machamp
|
|turn|13
|
|move|p1a: Machamp|Dynamic Punch|p2a: Alomomola
|-damage|p2a: Alomomola|146\/534
|-start|p2a: Alomomola|confusion
|-activate|p2a: Alomomola|confusion
|move|p2a: Alomomola|Knock Off|p1a: Machamp
|-resisted|p1a: Machamp
|-damage|p1a: Machamp|206\/363
|-enditem|p1a: Machamp|Assault Vest|[from] move: Knock Off|[of] p2a: Alomomola
|
|turn|14
|
|switch|p2a: Crobat|Crobat, M|244\/325
|move|p1a: Machamp|Stone Edge|p2a: Crobat
|-supereffective|p2a: Crobat
|-damage|p2a: Crobat|0 fnt
|faint|p2a: Crobat
|
|
|switch|p2a: Krookodile|Krookodile, F|331\/331
|-ability|p2a: Krookodile|Intimidate|[of] p1a: Machamp
|-unboost|p1a: Machamp|atk|1
|turn|15
|
|switch|p1a: Shaymin|Shaymin|341\/341
|move|p2a: Krookodile|Earthquake|p1a: Shaymin
|-resisted|p1a: Shaymin
|-damage|p1a: Shaymin|207\/341
|
|turn|16
|
|switch|p2a: Celebi|Celebi|341\/341
|move|p1a: Shaymin|Synthesis|p1a: Shaymin
|-heal|p1a: Shaymin|341\/341
|
|turn|17
|
|switch|p1a: Jirachi|Jirachi|285\/341
|switch|p2a: Krookodile|Krookodile, F|331\/331
|-ability|p2a: Krookodile|Intimidate|[of] p1a: Jirachi
|-unboost|p1a: Jirachi|atk|1
|
|turn|18
|
|move|p1a: Jirachi|U-turn|p2a: Krookodile
|-supereffective|p2a: Krookodile
|-damage|p2a: Krookodile|219\/331
|
|switch|p1a: Shaymin|Shaymin|341\/341
|move|p2a: Krookodile|Knock Off|p1a: Shaymin
|-damage|p1a: Shaymin|107\/341
|-enditem|p1a: Shaymin|Life Orb|[from] move: Knock Off|[of] p2a: Krookodile
|
|turn|19
|
|switch|p2a: Blissey|Blissey, F|714\/714
|move|p1a: Shaymin|Synthesis|p1a: Shaymin
|-heal|p1a: Shaymin|277\/341
|
|turn|20
|
|switch|p1a: Swampert|Swampert, F|322\/401 tox
|move|p2a: Blissey|Wish|p2a: Blissey
|
|-heal|p1a: Swampert|347\/401 tox|[from] item: Leftovers
|-damage|p1a: Swampert|322\/401 tox|[from] psn
|turn|21
|
|switch|p2a: Alomomola|Alomomola, M|324\/534
|move|p1a: Swampert|Stealth Rock|p2a: Alomomola
|-sidestart|p2: feng|move: Stealth Rock
|
|-heal|p2a: Alomomola|534\/534|[from] move: Wish|[wisher] Blissey
|-heal|p1a: Swampert|347\/401 tox|[from] item: Leftovers
|-damage|p1a: Swampert|297\/401 tox|[from] psn
|turn|22
|
|switch|p1a: Shaymin|Shaymin|277\/341
|move|p2a: Alomomola|Toxic|p1a: Shaymin
|-status|p1a: Shaymin|tox
|
|-damage|p1a: Shaymin|256\/341 tox|[from] psn
|turn|23
|
|move|p1a: Shaymin|Synthesis|p1a: Shaymin
|-heal|p1a: Shaymin|341\/341 tox
|move|p2a: Alomomola|Knock Off|p1a: Shaymin
|-damage|p1a: Shaymin|299\/341 tox
|
|-damage|p1a: Shaymin|257\/341 tox|[from] psn
|turn|24
|
|switch|p1a: Sableye|Sableye, F|303\/303
|switch|p2a: Blissey|Blissey, F|714\/714
|-damage|p2a: Blissey|625\/714|[from] Stealth Rock
|
|-heal|p2a: Blissey|669\/714|[from] item: Leftovers
|turn|25
|
|switch|p2a: Alomomola|Alomomola, M|534\/534
|-damage|p2a: Alomomola|468\/534|[from] Stealth Rock
|move|p1a: Sableye|Knock Off|p2a: Alomomola
|-damage|p2a: Alomomola|422\/534
|
|turn|26
|
|move|p1a: Sableye|Taunt|p2a: Alomomola
|-start|p2a: Alomomola|move: Taunt
|move|p2a: Alomomola|Knock Off|p1a: Sableye
|-damage|p1a: Sableye|244\/303
|-enditem|p1a: Sableye|Leftovers|[from] move: Knock Off|[of] p2a: Alomomola
|
|turn|27
|
|move|p1a: Sableye|Will-O-Wisp|p2a: Alomomola
|-status|p2a: Alomomola|brn
|move|p2a: Alomomola|Scald|p1a: Sableye
|-crit|p1a: Sableye
|-damage|p1a: Sableye|151\/303
|-status|p1a: Sableye|brn
|
|-damage|p2a: Alomomola|356\/534 brn|[from] brn
|-damage|p1a: Sableye|114\/303 brn|[from] brn
|turn|28
|
|switch|p2a: Krookodile|Krookodile, F|219\/331
|-damage|p2a: Krookodile|199\/331|[from] Stealth Rock
|-ability|p2a: Krookodile|Intimidate|[of] p1a: Sableye
|-unboost|p1a: Sableye|atk|1
|move|p1a: Sableye|Recover|p1a: Sableye
|-heal|p1a: Sableye|266\/303 brn
|
|-damage|p1a: Sableye|229\/303 brn|[from] brn
|turn|29
|
|move|p1a: Sableye|Will-O-Wisp|p2a: Krookodile|[miss]
|-miss|p1a: Sableye|p2a: Krookodile
|move|p2a: Krookodile|Earthquake|p1a: Sableye
|-damage|p1a: Sableye|0 fnt
|faint|p1a: Sableye
|
|c|★kokoloko|lol.
|
|switch|p1a: Shaymin|Shaymin|257\/341
|turn|30
|
|switch|p1a: Machamp|Machamp, M|206\/363
|switch|p2a: Blissey|Blissey, F|669\/714
|-damage|p2a: Blissey|580\/714|[from] Stealth Rock
|
|-heal|p2a: Blissey|624\/714|[from] item: Leftovers
|turn|31
|
|move|p2a: Blissey|Protect|p2a: Blissey
|-singleturn|p2a: Blissey|Protect
|move|p1a: Machamp|Dynamic Punch|p2a: Blissey
|-activate|p2a: Blissey|Protect
|
|-heal|p2a: Blissey|668\/714|[from] item: Leftovers
|turn|32
|
|switch|p2a: Alomomola|Alomomola, M|534\/534 brn
|-damage|p2a: Alomomola|468\/534 brn|[from] Stealth Rock
|move|p1a: Machamp|Dynamic Punch|p2a: Alomomola
|-damage|p2a: Alomomola|297\/534 brn
|-start|p2a: Alomomola|confusion
|
|-damage|p2a: Alomomola|231\/534 brn|[from] brn
|turn|33
|
|switch|p2a: Celebi|Celebi|341\/341
|-damage|p2a: Celebi|299\/341|[from] Stealth Rock
|move|p1a: Machamp|Stone Edge|p2a: Celebi
|-damage|p2a: Celebi|163\/341
|
|-heal|p2a: Celebi|184\/341|[from] item: Leftovers
|turn|34
|
|switch|p1a: Jirachi|Jirachi|285\/341
|move|p2a: Celebi|Recover|p2a: Celebi
|-heal|p2a: Celebi|341\/341
|
|turn|35
|
|switch|p2a: Alomomola|Alomomola, M|409\/534 brn
|-damage|p2a: Alomomola|343\/534 brn|[from] Stealth Rock
|move|p1a: Jirachi|U-turn|p2a: Alomomola
|-damage|p2a: Alomomola|281\/534 brn
|
|switch|p1a: Machamp|Machamp, M|206\/363
|
|-damage|p2a: Alomomola|215\/534 brn|[from] brn
|turn|36
|
|move|p1a: Machamp|Knock Off|p2a: Alomomola
|-damage|p2a: Alomomola|138\/534 brn
|move|p2a: Alomomola|Toxic|p1a: Machamp
|-status|p1a: Machamp|tox
|
|-damage|p1a: Machamp|184\/363 tox|[from] psn
|-damage|p2a: Alomomola|72\/534 brn|[from] brn
|turn|37
|
|move|p1a: Machamp|Knock Off|p2a: Alomomola
|-damage|p2a: Alomomola|3\/534 brn
|move|p2a: Alomomola|Wish|p2a: Alomomola
|
|-damage|p1a: Machamp|140\/363 tox|[from] psn
|-damage|p2a: Alomomola|0 fnt|[from] brn
|faint|p2a: Alomomola
|
|switch|p2a: Krookodile|Krookodile, F|199\/331
|-damage|p2a: Krookodile|179\/331|[from] Stealth Rock
|-ability|p2a: Krookodile|Intimidate|[of] p1a: Machamp
|-unboost|p1a: Machamp|atk|1
|turn|38
|
|switch|p1a: Shaymin|Shaymin|257\/341
|move|p2a: Krookodile|Earthquake|p1a: Shaymin
|-resisted|p1a: Shaymin
|-damage|p1a: Shaymin|143\/341
|
|-heal|p2a: Krookodile|331\/331|[from] move: Wish|[wisher] Alomomola
|turn|39
|
|switch|p2a: Blissey|Blissey, F|668\/714
|-damage|p2a: Blissey|579\/714|[from] Stealth Rock
|move|p1a: Shaymin|Synthesis|p1a: Shaymin
|-heal|p1a: Shaymin|313\/341
|
|-heal|p2a: Blissey|623\/714|[from] item: Leftovers
|turn|40
|
|switch|p1a: Jirachi|Jirachi|285\/341
|move|p2a: Blissey|Seismic Toss|p1a: Jirachi
|-damage|p1a: Jirachi|185\/341
|
|-heal|p2a: Blissey|667\/714|[from] item: Leftovers
|turn|41
|
|move|p2a: Blissey|Protect|p2a: Blissey
|-singleturn|p2a: Blissey|Protect
|move|p1a: Jirachi|Healing Wish|p1a: Jirachi
|faint|p1a: Jirachi
|
|-heal|p2a: Blissey|711\/714|[from] item: Leftovers
|
|switch|p1a: Machamp|Machamp, M|140\/363 tox
|-heal|p1a: Machamp|363\/363|[from] move: Healing Wish
|turn|42
|
|switch|p2a: Celebi|Celebi|341\/341
|-damage|p2a: Celebi|299\/341|[from] Stealth Rock
|move|p1a: Machamp|Knock Off|p2a: Celebi
|-supereffective|p2a: Celebi
|-damage|p2a: Celebi|57\/341
|-enditem|p2a: Celebi|Leftovers|[from] move: Knock Off|[of] p1a: Machamp
|
|turn|43
|
|move|p2a: Celebi|Zen Headbutt|p1a: Machamp
|-crit|p1a: Machamp
|-supereffective|p1a: Machamp
|-damage|p1a: Machamp|0 fnt
|faint|p1a: Machamp
|
|c|★kokoloko|lmao of fucking course
|c|★kokoloko|thats twice you hax your way out of a sure loss
|c|★feng|k
|-message|kokoloko forfeited.
|
|win|feng
|raw|Ladder updating...
|leave|kokoloko
|player|p1
|raw|kokoloko's rating: 1747 &rarr; <strong>1722<\/strong><br \/>(-25 for losing)
|raw|feng's rating: 1665 &rarr; <strong>1689<\/strong><br \/>(+24 for winning)