|join|wishful thinking 1
|join|Fusherduelist
|player|p1|wishful thinking 1|101
|player|p2|Fusherduelist|147
|gametype|singles
|gen|6
|tier|UU
|rated
|rule|Sleep Clause Mod: Limit one foe put to sleep
|rule|Species Clause: Limit one of each Pokémon
|rule|OHKO Clause: OHKO moves are banned
|rule|Moody Clause: Moody is banned
|rule|Evasion Moves Clause: Evasion moves are banned
|rule|Endless Battle Clause: Forcing endless battles is banned
|rule|HP Percentage Mod: HP is shown in percentages
|clearpoke
|poke|p1|Raikou
|poke|p1|Chesnaught, M
|poke|p1|Umbreon, M
|poke|p1|Sceptile, F
|poke|p1|Tentacruel, F
|poke|p1|Chandelure, M
|poke|p2|Glalie, M
|poke|p2|Shaymin
|poke|p2|Jirachi
|poke|p2|Tentacruel, M
|poke|p2|Krookodile, F
|poke|p2|Rotom-Heat
|rule|Swagger Clause: Swagger is banned
|rule|Baton Pass Clause: Limit one Pokémon knowing Baton Pass
|teampreview
|
|start
|switch|p1a: Chandelure|Chandelure, M|261\/261
|switch|p2a: Rotom-Heat|Rotom-Heat|241\/241
|turn|1
|
|move|p2a: Rotom-Heat|Volt Switch|p1a: Chandelure
|-damage|p1a: Chandelure|74\/261
|
|switch|p2a: Krookodile|Krookodile, F|331\/331
|-ability|p2a: Krookodile|Intimidate|[of] p1a: Chandelure
|-unboost|p1a: Chandelure|atk|1
|move|p1a: Chandelure|Shadow Ball|p2a: Krookodile
|-resisted|p2a: Krookodile
|-damage|p2a: Krookodile|175\/331
|-unboost|p2a: Krookodile|spd|1
|
|turn|2
|
|move|p2a: Krookodile|Pursuit|p1a: Chandelure|[from]Pursuit
|-supereffective|p1a: Chandelure
|-damage|p1a: Chandelure|0 fnt
|-damage|p2a: Krookodile|142\/331|[from] item: Life Orb
|faint|p1a: Chandelure
|
|
|switch|p1a: Sceptile|Sceptile, F|281\/281
|turn|3
|
|switch|p2a: Jirachi|Jirachi|341\/341
|detailschange|p1a: Sceptile|Sceptile-Mega, F
|-mega|p1a: Sceptile|Sceptile|Sceptilite
|move|p1a: Sceptile|Dragon Pulse|p2a: Jirachi
|-resisted|p2a: Jirachi
|-damage|p2a: Jirachi|252\/341
|
|turn|4
|
|switch|p1a: Umbreon|Umbreon, M|394\/394
|move|p2a: Jirachi|U-turn|p1a: Umbreon
|-supereffective|p1a: Umbreon
|-damage|p1a: Umbreon|274\/394
|
|switch|p2a: Rotom-Heat|Rotom-Heat|241\/241
|
|-heal|p1a: Umbreon|298\/394|[from] item: Leftovers
|turn|5
|
|switch|p1a: Sceptile|Sceptile-Mega, F|281\/281
|move|p2a: Rotom-Heat|Overheat|p1a: Sceptile
|-damage|p1a: Sceptile|0 fnt
|-unboost|p2a: Rotom-Heat|spa|2
|faint|p1a: Sceptile
|
|
|switch|p1a: Raikou|Raikou|321\/321
|-ability|p1a: Raikou|Pressure
|turn|6
|
|switch|p1a: Chesnaught|Chesnaught, M|380\/380
|switch|p2a: Krookodile|Krookodile, F|142\/331
|-ability|p2a: Krookodile|Intimidate|[of] p1a: Chesnaught
|-unboost|p1a: Chesnaught|atk|1
|
|turn|7
|
|switch|p2a: Iggy|Shaymin|341\/341
|move|p1a: Chesnaught|Drain Punch|p2a: Iggy
|-damage|p2a: Iggy|283\/341
|
|turn|8
|
|switch|p1a: Umbreon|Umbreon, M|298\/394
|move|p2a: Iggy|Seed Flare|p1a: Umbreon
|-damage|p1a: Umbreon|162\/394
|-damage|p2a: Iggy|249\/341|[from] item: Life Orb
|
|-heal|p1a: Umbreon|186\/394|[from] item: Leftovers
|turn|9
|
|move|p2a: Iggy|Seed Flare|p1a: Umbreon|[miss]
|-miss|p2a: Iggy|p1a: Umbreon
|move|p1a: Umbreon|Moonlight|p1a: Umbreon
|-heal|p1a: Umbreon|383\/394
|
|-heal|p1a: Umbreon|394\/394|[from] item: Leftovers
|turn|10
|
|move|p2a: Iggy|Seed Flare|p1a: Umbreon
|-damage|p1a: Umbreon|254\/394
|-unboost|p1a: Umbreon|spd|2
|-damage|p2a: Iggy|215\/341|[from] item: Life Orb
|move|p1a: Umbreon|Foul Play|p2a: Iggy
|-damage|p2a: Iggy|113\/341
|
|-heal|p1a: Umbreon|278\/394|[from] item: Leftovers
|turn|11
|
|switch|p1a: Tentacruel|Tentacruel, F|364\/364
|move|p2a: Iggy|Rest|p2a: Iggy
|-status|p2a: Iggy|slp
|-heal|p2a: Iggy|341\/341 slp|[silent]
|-status|p2a: Iggy|slp|[from] move: Rest
|
|turn|12
|
|switch|p2a: Jirachi|Jirachi|252\/341
|move|p1a: Tentacruel|Scald|p2a: Jirachi
|-damage|p2a: Jirachi|167\/341
|-status|p2a: Jirachi|brn
|
|-damage|p2a: Jirachi|125\/341 brn|[from] brn
|turn|13
|
|switch|p1a: Chesnaught|Chesnaught, M|380\/380
|move|p2a: Jirachi|Iron Head|p1a: Chesnaught
|-damage|p1a: Chesnaught|340\/380
|
|-heal|p1a: Chesnaught|363\/380|[from] item: Leftovers
|-damage|p2a: Jirachi|83\/341 brn|[from] brn
|turn|14
|
|move|p2a: Jirachi|Iron Head|p1a: Chesnaught
|-damage|p1a: Chesnaught|324\/380
|cant|p1a: Chesnaught|flinch
|
|-heal|p1a: Chesnaught|347\/380|[from] item: Leftovers
|-damage|p2a: Jirachi|41\/341 brn|[from] brn
|turn|15
|
|switch|p1a: Umbreon|Umbreon, M|278\/394
|move|p2a: Jirachi|Iron Head|p1a: Umbreon
|-crit|p1a: Umbreon
|-damage|p1a: Umbreon|187\/394
|
|-heal|p1a: Umbreon|211\/394|[from] item: Leftovers
|-damage|p2a: Jirachi|0 fnt|[from] brn
|faint|p2a: Jirachi
|
|switch|p2a: Rotom-Heat|Rotom-Heat|241\/241
|turn|16
|
|move|p2a: Rotom-Heat|Thunderbolt|p1a: Umbreon
|-damage|p1a: Umbreon|72\/394
|move|p1a: Umbreon|Moonlight|p1a: Umbreon
|-heal|p1a: Umbreon|269\/394
|
|-heal|p1a: Umbreon|293\/394|[from] item: Leftovers
|turn|17
|
|switch|p2a: Krookodile|Krookodile, F|142\/331
|-ability|p2a: Krookodile|Intimidate|[of] p1a: Umbreon
|-unboost|p1a: Umbreon|atk|1
|move|p1a: Umbreon|Foul Play|p2a: Krookodile
|-resisted|p2a: Krookodile
|-damage|p2a: Krookodile|40\/331
|
|-heal|p1a: Umbreon|317\/394|[from] item: Leftovers
|turn|18
|
|move|p2a: Krookodile|Superpower|p1a: Umbreon
|-supereffective|p1a: Umbreon
|-damage|p1a: Umbreon|0 fnt
|-unboost|p2a: Krookodile|atk|1
|-unboost|p2a: Krookodile|def|1
|-damage|p2a: Krookodile|7\/331|[from] item: Life Orb
|faint|p1a: Umbreon
|
|
|switch|p1a: Chesnaught|Chesnaught, M|347\/380
|turn|19
|
|move|p2a: Krookodile|Knock Off|p1a: Chesnaught
|-resisted|p1a: Chesnaught
|-damage|p1a: Chesnaught|300\/380
|-enditem|p1a: Chesnaught|Leftovers|[from] move: Knock Off|[of] p2a: Krookodile
|-damage|p2a: Krookodile|0 fnt|[from] item: Life Orb
|faint|p2a: Krookodile
|move|p1a: Chesnaught|Drain Punch|p2: Krookodile|[notarget]
|-notarget
|
|
|switch|p2a: Rick Ross|Glalie, M|301\/301
|turn|20
|
|detailschange|p2a: Rick Ross|Glalie-Mega, M
|-mega|p2a: Rick Ross|Glalie|Glalitite
|move|p2a: Rick Ross|Return|p1a: Chesnaught
|-supereffective|p1a: Chesnaught
|-damage|p1a: Chesnaught|6\/380
|move|p1a: Chesnaught|Drain Punch|p2a: Rick Ross
|-supereffective|p2a: Rick Ross
|-damage|p2a: Rick Ross|85\/301
|-heal|p1a: Chesnaught|114\/380|[from] drain|[of] p2a: Rick Ross
|
|turn|21
|
|move|p2a: Rick Ross|Return|p1a: Chesnaught
|-supereffective|p1a: Chesnaught
|-damage|p1a: Chesnaught|0 fnt
|faint|p1a: Chesnaught
|
|
|switch|p1a: Raikou|Raikou|321\/321
|-ability|p1a: Raikou|Pressure
|turn|22
|
|move|p2a: Rick Ross|Ice Shard|p1a: Raikou
|-damage|p1a: Raikou|236\/321
|move|p1a: Raikou|Thunderbolt|p2a: Rick Ross
|-crit|p2a: Rick Ross
|-damage|p2a: Rick Ross|0 fnt
|faint|p2a: Rick Ross
|
|-heal|p1a: Raikou|256\/321|[from] item: Leftovers
|
|switch|p2a: Iggy|Shaymin|341\/341
|turn|23
|
|move|p1a: Raikou|Volt Switch|p2a: Iggy
|-resisted|p2a: Iggy
|-damage|p2a: Iggy|283\/341
|
|switch|p1a: Tentacruel|Tentacruel, F|364\/364
|move|p2a: Iggy|Earth Power|p1a: Tentacruel
|-supereffective|p1a: Tentacruel
|-damage|p1a: Tentacruel|221\/364
|-damage|p2a: Iggy|249\/341|[from] item: Life Orb
|
|-heal|p1a: Tentacruel|243\/364|[from] item: Black Sludge
|turn|24
|
|move|p2a: Iggy|Earth Power|p1a: Tentacruel
|-supereffective|p1a: Tentacruel
|-damage|p1a: Tentacruel|87\/364
|-damage|p2a: Iggy|215\/341|[from] item: Life Orb
|move|p1a: Tentacruel|Knock Off|p2a: Iggy
|-damage|p2a: Iggy|166\/341
|-enditem|p2a: Iggy|Life Orb|[from] move: Knock Off|[of] p1a: Tentacruel
|
|-heal|p1a: Tentacruel|109\/364|[from] item: Black Sludge
|turn|25
|
|move|p2a: Iggy|Earth Power|p1a: Tentacruel
|-supereffective|p1a: Tentacruel
|-damage|p1a: Tentacruel|0 fnt
|faint|p1a: Tentacruel
|
|
|switch|p1a: Raikou|Raikou|256\/321
|-ability|p1a: Raikou|Pressure
|turn|26
|
|move|p1a: Raikou|Calm Mind|p1a: Raikou
|-boost|p1a: Raikou|spa|1
|-boost|p1a: Raikou|spd|1
|move|p2a: Iggy|Earth Power|p1a: Raikou
|-crit|p1a: Raikou
|-supereffective|p1a: Raikou
|-damage|p1a: Raikou|0 fnt
|faint|p1a: Raikou
|
|win|Fusherduelist
|raw|Ladder updating...
|raw|wishful thinking 1's rating: 1251 &rarr; <strong>1223<\/strong><br \/>(-28 for losing)
|raw|Fusherduelist's rating: 1211 &rarr; <strong>1239<\/strong><br \/>(+28 for winning)
|c|★Fusherduelist|GG
|leave|wishful thinking 1
|player|p1