|join|livEnwolC
|join|Bostonl1
|player|p1|livEnwolC|59
|player|p2|Bostonl1|290
|gametype|singles
|gen|6
|tier|OU
|rated
|clearpoke
|poke|p1|Krookodile, F
|poke|p1|Gyarados, M, shiny
|poke|p1|Heatran, M
|poke|p1|Scizor, M
|poke|p1|Breloom, F
|poke|p1|Togekiss, F
|poke|p2|Charizard, F
|poke|p2|Ferrothorn, F
|poke|p2|Hippowdon, F
|poke|p2|Aegislash, F
|poke|p2|Latios, M
|poke|p2|Azumarill, F
|rule|Swagger Clause: Swagger is banned
|rule|Baton Pass Clause: Limit three Pokémon knowing Baton Pass
|rule|Sleep Clause Mod: Limit one foe put to sleep
|rule|Species Clause: Limit one of each Pokémon
|rule|OHKO Clause: OHKO moves are banned
|rule|Moody Clause: Moody is banned
|rule|Evasion Moves Clause: Evasion moves are banned
|rule|Endless Battle Clause: Forcing endless battles is banned
|rule|HP Percentage Mod: HP is reported as percentages
|teampreview
|join|Reverb
|join|Julian
|
|start
|switch|p1a: Lebron Flames|Heatran, M|386\/386
|switch|p2a: Ferrothorn|Ferrothorn, F|352\/352
|-item|p1a: Lebron Flames|Air Balloon
|turn|1
|
|move|p2a: Ferrothorn|Protect|p2a: Ferrothorn
|-singleturn|p2a: Ferrothorn|Protect
|move|p1a: Lebron Flames|Lava Plume|p2a: Ferrothorn
|-activate|p2a: Ferrothorn|Protect
|
|turn|2
|
|switch|p2a: Azumarill|Azumarill, F|404\/404
|move|p1a: Lebron Flames|Stealth Rock|p2a: Azumarill
|-sidestart|p2: Bostonl1|move: Stealth Rock
|
|turn|3
|
|move|p2a: Azumarill|Knock Off|p1a: Lebron Flames
|-damage|p1a: Lebron Flames|252\/386
|-enditem|p1a: Lebron Flames|Air Balloon
|move|p1a: Lebron Flames|Roar|p2a: Azumarill
|drag|p2a: Charizard|Charizard, F|359\/359
|-damage|p2a: Charizard|180\/359|[from] Stealth Rock
|
|turn|4
|
|detailschange|p2a: Charizard|Charizard-Mega-X, F
|message|Charizard has Mega Evolved into Mega Charizard!
|move|p2a: Charizard|Roost|p2a: Charizard
|-heal|p2a: Charizard|359\/359
|move|p1a: Lebron Flames|Ancient Power|p2a: Charizard
|-supereffective|p2a: Charizard
|-damage|p2a: Charizard|209\/359
|
|turn|5
|
|switch|p2a: Hippowdon|Hippowdon, F|420\/420
|-damage|p2a: Hippowdon|394\/420|[from] Stealth Rock
|-weather|Sandstorm
|switch|p1a: Dragon Tales|Gyarados, M, shiny|332\/332
|-ability|p1a: Dragon Tales|Intimidate|[of] p2a: Hippowdon
|-unboost|p2a: Hippowdon|atk|1
|
|-weather|Sandstorm|[upkeep]
|-damage|p1a: Dragon Tales|312\/332|[from] sandstorm
|-heal|p2a: Hippowdon|420\/420|[from] item: Leftovers
|turn|6
|
|switch|p1a: Lebron Flames|Heatran, M|252\/386
|switch|p2a: Ferrothorn|Ferrothorn, F|352\/352
|-damage|p2a: Ferrothorn|330\/352|[from] Stealth Rock
|
|-weather|Sandstorm|[upkeep]
|-heal|p2a: Ferrothorn|352\/352|[from] item: Leftovers
|turn|7
|join|haunter
|
|switch|p2a: Latios|Latios, M|301\/301
|-damage|p2a: Latios|264\/301|[from] Stealth Rock
|move|p1a: Lebron Flames|Lava Plume|p2a: Latios
|-resisted|p2a: Latios
|-damage|p2a: Latios|191\/301
|-status|p2a: Latios|brn
|
|-weather|Sandstorm|[upkeep]
|-damage|p2a: Latios|173\/301 brn|[from] sandstorm
|-damage|p2a: Latios|136\/301 brn|[from] brn
|turn|8
|join|ErzaVsErza
|
|switch|p1a: Token|Togekiss, F|374\/374
|move|p2a: Latios|Defog|p1a: Token
|-unboost|p1a: Token|evasion|1
|-sideend|p2: Bostonl1|Stealth Rock|[from] move: Defog|[of] p2a: Latios
|
|-weather|Sandstorm|[upkeep]
|-damage|p2a: Latios|118\/301 brn|[from] sandstorm
|-damage|p1a: Token|351\/374|[from] sandstorm
|-heal|p1a: Token|374\/374|[from] item: Leftovers
|-damage|p2a: Latios|81\/301 brn|[from] brn
|turn|9
|join|NocturOP
|leave|NocturOP
|
|switch|p2a: Aegislash|Aegislash, F|324\/324
|move|p1a: Token|Dazzling Gleam|p2a: Aegislash
|-resisted|p2a: Aegislash
|-damage|p2a: Aegislash|294\/324
|
|-weather|none
|turn|10
|join|Captain Amurica
|leave|Captain Amurica
|
|switch|p2a: Hippowdon|Hippowdon, F|420\/420
|-weather|Sandstorm
|move|p1a: Token|Air Slash|p2a: Hippowdon|[miss]
|-miss|p1a: Token|p2a: Hippowdon
|
|-weather|Sandstorm|[upkeep]
|-damage|p1a: Token|351\/374|[from] sandstorm
|-heal|p1a: Token|374\/374|[from] item: Leftovers
|turn|11
|leave|ErzaVsErza
|
|switch|p2a: Aegislash|Aegislash, F|294\/324
|move|p1a: Token|Air Slash|p2a: Aegislash
|-resisted|p2a: Aegislash
|-damage|p2a: Aegislash|268\/324
|
|-weather|Sandstorm|[upkeep]
|-damage|p1a: Token|351\/374|[from] sandstorm
|-heal|p1a: Token|374\/374|[from] item: Leftovers
|turn|12
|
|switch|p1a: Contact High|Breloom, F|324\/324
|-formechange|p2a: Aegislash|Aegislash-Blade
|move|p2a: Aegislash|Shadow Ball|p1a: Contact High
|-damage|p1a: Contact High|101\/324
|
|-weather|Sandstorm|[upkeep]
|-damage|p1a: Contact High|81\/324|[from] sandstorm
|-status|p1a: Contact High|tox|[from] item: Toxic Orb
|turn|13
|join|trollingU
|join|Durengard
|
|move|p2a: Aegislash|Shadow Sneak|p1a: Contact High
|-damage|p1a: Contact High|0 fnt
|faint|p1a: Contact High
|
|-weather|Sandstorm|[upkeep]
|join|Pandon
|chat|Reverb|pandon
|leave|Pandon
|
|switch|p1a: Dragon Tales|Gyarados, M, shiny|312\/332
|-ability|p1a: Dragon Tales|Intimidate|[of] p2a: Aegislash
|-unboost|p2a: Aegislash|atk|1
|turn|14
|leave|Durengard
|join|Xylenn
|leave|haunter
|
|switch|p2a: Azumarill|Azumarill, F|404\/404
|detailschange|p1a: Dragon Tales|Gyarados-Mega, M, shiny
|message|Gyarados has Mega Evolved into Mega Gyarados!
|-ability|p1a: Dragon Tales|Mold Breaker
|move|p1a: Dragon Tales|Earthquake|p2a: Azumarill
|-damage|p2a: Azumarill|254\/404
|
|-weather|none
|turn|15
|
|switch|p1a: Mr Krabz|Scizor, M|344\/344
|move|p2a: Azumarill|Play Rough|p1a: Mr Krabz
|-resisted|p1a: Mr Krabz
|-damage|p1a: Mr Krabz|254\/344
|
|turn|16
|
|switch|p2a: Charizard|Charizard-Mega-X, F|209\/359
|move|p1a: Mr Krabz|U-turn|p2a: Charizard
|-resisted|p2a: Charizard
|-damage|p2a: Charizard|149\/359
|
|switch|p1a: In a While|Krookodile, F|332\/332
|
|turn|17
|
|switch|p2a: Hippowdon|Hippowdon, F|420\/420
|-weather|Sandstorm
|move|p1a: In a While|Dragon Claw|p2a: Hippowdon
|-damage|p2a: Hippowdon|362\/420
|
|-weather|Sandstorm|[upkeep]
|-heal|p2a: Hippowdon|388\/420|[from] item: Leftovers
|turn|18
|
|switch|p1a: Mr Krabz|Scizor, M|254\/344
|move|p2a: Hippowdon|Stealth Rock|p1a: Mr Krabz
|-sidestart|p1: livEnwolC|move: Stealth Rock
|
|-weather|Sandstorm|[upkeep]
|-heal|p2a: Hippowdon|414\/420|[from] item: Leftovers
|turn|19
|
|move|p1a: Mr Krabz|Defog|p2a: Hippowdon
|-unboost|p2a: Hippowdon|evasion|1
|-sideend|p1: livEnwolC|Stealth Rock|[from] move: Defog|[of] p1a: Mr Krabz
|move|p2a: Hippowdon|Earthquake|p1a: Mr Krabz
|-damage|p1a: Mr Krabz|136\/344
|
|-weather|Sandstorm|[upkeep]
|-heal|p2a: Hippowdon|420\/420|[from] item: Leftovers
|turn|20
|
|move|p1a: Mr Krabz|U-turn|p2a: Hippowdon
|-damage|p2a: Hippowdon|327\/420
|
|switch|p1a: Token|Togekiss, F|374\/374
|move|p2a: Hippowdon|Earthquake|p1a: Token
|-immune|p1a: Token|[msg]
|
|-weather|Sandstorm|[upkeep]
|-damage|p1a: Token|351\/374|[from] sandstorm
|-heal|p1a: Token|374\/374|[from] item: Leftovers
|-heal|p2a: Hippowdon|353\/420|[from] item: Leftovers
|turn|21
|
|switch|p2a: Aegislash|Aegislash, F|268\/324
|move|p1a: Token|Air Slash|p2a: Aegislash
|-resisted|p2a: Aegislash
|-damage|p2a: Aegislash|241\/324
|
|-weather|none
|turn|22
|leave|Julian
|leave|Xylenn
|
|move|p1a: Token|Air Slash|p2a: Aegislash
|-resisted|p2a: Aegislash
|-damage|p2a: Aegislash|215\/324
|-formechange|p2a: Aegislash|Aegislash-Blade
|cant|p2a: Aegislash|flinch
|
|turn|23
|
|move|p1a: Token|Air Slash|p2a: Aegislash
|-crit|p2a: Aegislash
|-resisted|p2a: Aegislash
|-damage|p2a: Aegislash|125\/324
|move|p2a: Aegislash|Iron Head|p1a: Token
|-supereffective|p1a: Token
|-damage|p1a: Token|108\/374
|
|-heal|p1a: Token|131\/374|[from] item: Leftovers
|turn|24
|
|move|p2a: Aegislash|Shadow Sneak|p1a: Token
|-damage|p1a: Token|53\/374
|move|p1a: Token|Air Slash|p2a: Aegislash
|-resisted|p2a: Aegislash
|-damage|p2a: Aegislash|67\/324
|
|-heal|p1a: Token|76\/374|[from] item: Leftovers
|turn|25
|-message|Bostonl1 lost due to inactivity.
|
|win|livEnwolC
|raw|Ladder updating...
|raw|livEnwolC's rating: 1378 &rarr; <strong>1400<\/strong><br \/>(+22 for winning)
|raw|Bostonl1's rating: 1410 &rarr; <strong>1388<\/strong><br \/>(-22 for losing)
|chat|livEnwolC|lol
|leave|Reverb
|leave|livEnwolC
|player|p1
|leave|Bostonl1
|player|p2