|join|AaronDavidAnth
|join|juventus 32
|player|p1|AaronDavidAnth|209
|player|p2|juventus 32|7
|gametype|singles
|gen|6
|tier|OU
|rated
|clearpoke
|poke|p1|Exploud, M
|poke|p1|Garchomp, M
|poke|p1|Charizard, F
|poke|p1|Breloom, F
|poke|p1|Rotom-Wash
|poke|p1|Manaphy
|poke|p2|Quagsire, M
|poke|p2|Chansey, F
|poke|p2|Gothitelle, F, shiny
|poke|p2|Tyranitar, F
|poke|p2|Mew
|poke|p2|Skarmory, M
|rule|Swagger Clause: Swagger is banned
|rule|Baton Pass Clause: Limit one Pokémon knowing Baton Pass
|rule|Sleep Clause Mod: Limit one foe put to sleep
|rule|Species Clause: Limit one of each Pokémon
|rule|OHKO Clause: OHKO moves are banned
|rule|Moody Clause: Moody is banned
|rule|Evasion Moves Clause: Evasion moves are banned
|rule|Endless Battle Clause: Forcing endless battles is banned
|rule|HP Percentage Mod: HP is shown in percentages
|teampreview
|c|★AaronDavidAnth|Ooohhh
|c|★juventus 32|oooohhh
|
|start
|switch|p1a: Manaphy|Manaphy|341\/341
|switch|p2a: Skarmory|Skarmory, M|334\/334
|turn|1
|c|★AaronDavidAnth|Interesting
|c|★juventus 32|tnks
|
|switch|p2a: Chanseyyy|Chansey, F|704\/704
|move|p1a: Manaphy|Tail Glow|p1a: Manaphy
|-boost|p1a: Manaphy|spa|3
|
|turn|2
|c|★AaronDavidAnth|Gl
|
|move|p1a: Manaphy|Tail Glow|p1a: Manaphy
|-boost|p1a: Manaphy|spa|3
|move|p2a: Chanseyyy|Toxic|p1a: Manaphy
|-status|p1a: Manaphy|tox
|
|-damage|p1a: Manaphy|320\/341 tox|[from] psn
|turn|3
|c|★juventus 32|tnks
|
|move|p1a: Manaphy|Surf|p2a: Chanseyyy
|-damage|p2a: Chanseyyy|364\/704
|move|p2a: Chanseyyy|Soft-Boiled|p2a: Chanseyyy
|-heal|p2a: Chanseyyy|704\/704
|
|-heal|p1a: Manaphy|341\/341 tox|[from] item: Leftovers
|-damage|p1a: Manaphy|299\/341 tox|[from] psn
|turn|4
|
|switch|p1a: Rotom-Wash|Rotom-Wash|304\/304
|move|p2a: Chanseyyy|Soft-Boiled|p2a: Chanseyyy
|-fail|p2a: Chanseyyy
|
|turn|5
|
|switch|p2a: Gothitelle|Gothitelle, F, shiny|322\/322
|move|p1a: Rotom-Wash|Will-O-Wisp|p2a: Gothitelle
|-status|p2a: Gothitelle|brn
|
|-damage|p2a: Gothitelle|282\/322 brn|[from] brn
|turn|6
|
|move|p2a: Gothitelle|Trick|p1a: Rotom-Wash
|-activate|p2a: Gothitelle|move: Trick|[of] p1a: Rotom-Wash
|-item|p1a: Rotom-Wash|Choice Scarf|[from] move: Trick
|-item|p2a: Gothitelle|Lum Berry|[from] move: Trick
|-enditem|p2a: Gothitelle|Lum Berry|[eat]
|-curestatus|p2a: Gothitelle|brn
|move|p1a: Rotom-Wash|Volt Switch|p2a: Gothitelle
|-damage|p2a: Gothitelle|206\/322
|c|★AaronDavidAnth|Wo
|c|★AaronDavidAnth|w
|c|★AaronDavidAnth|that play
|c|★juventus 32|:)
|
|switch|p1a: Breloom|Breloom, F|262\/262
|
|turn|7
|
|switch|p2a: Skarmory|Skarmory, M|334\/334
|move|p1a: Breloom|Spore|p2a: Skarmory
|-status|p2a: Skarmory|slp
|
|turn|8
|
|move|p1a: Breloom|Swords Dance|p1a: Breloom
|-boost|p1a: Breloom|atk|2
|cant|p2a: Skarmory|slp
|
|turn|9
|
|move|p1a: Breloom|Mach Punch|p2a: Skarmory
|-damage|p2a: Skarmory|211\/334 slp
|cant|p2a: Skarmory|slp
|
|-heal|p2a: Skarmory|231\/334 slp|[from] item: Leftovers
|turn|10
|
|move|p1a: Breloom|Swords Dance|p1a: Breloom
|-boost|p1a: Breloom|atk|2
|-curestatus|p2a: Skarmory|slp
|move|p2a: Skarmory|Brave Bird|p1a: Breloom
|-crit|p1a: Breloom
|-supereffective|p1a: Breloom
|-enditem|p1a: Breloom|Focus Sash
|-damage|p1a: Breloom|1\/262
|-damage|p2a: Skarmory|145\/334|[from] recoil|[of] p1a: Breloom
|
|-heal|p2a: Skarmory|165\/334|[from] item: Leftovers
|turn|11
|
|move|p1a: Breloom|Mach Punch|p2a: Skarmory
|-damage|p2a: Skarmory|0 fnt
|faint|p2a: Skarmory
|
|c|★AaronDavidAnth|:)
|c|★juventus 32|gg
|c|★AaronDavidAnth|gg
|
|switch|p2a: Tyranitar|Tyranitar, F|404\/404
|-weather|Sandstorm
|turn|12
|
|switch|p2a: Al-Quagsire|Quagsire, M|394\/394
|move|p1a: Breloom|Mach Punch|p2a: Al-Quagsire
|-damage|p2a: Al-Quagsire|301\/394
|
|-weather|Sandstorm|[upkeep]
|-damage|p1a: Breloom|0 fnt|[from] sandstorm
|-heal|p2a: Al-Quagsire|325\/394|[from] item: Leftovers
|faint|p1a: Breloom
|c|★AaronDavidAnth|Noo
|c|★juventus 32|:)
|c|★AaronDavidAnth|should of blutet seeded
|
|switch|p1a: Manaphy|Manaphy|299\/341 tox
|turn|13
|
|switch|p1a: Garchomp|Garchomp, M|358\/358
|move|p2a: Al-Quagsire|Protect|p2a: Al-Quagsire
|-fail|p2a: Al-Quagsire
|
|-weather|Sandstorm|[upkeep]
|-heal|p2a: Al-Quagsire|349\/394|[from] item: Leftovers
|turn|14
|
|switch|p1a: Rotom-Wash|Rotom-Wash|304\/304
|move|p2a: Al-Quagsire|Protect|p2a: Al-Quagsire
|-fail|p2a: Al-Quagsire
|
|-weather|Sandstorm|[upkeep]
|-damage|p1a: Rotom-Wash|285\/304|[from] sandstorm
|-heal|p2a: Al-Quagsire|373\/394|[from] item: Leftovers
|turn|15
|
|move|p2a: Al-Quagsire|Protect|p2a: Al-Quagsire
|-singleturn|p2a: Al-Quagsire|Protect
|move|p1a: Rotom-Wash|Will-O-Wisp|p2a: Al-Quagsire
|-activate|p2a: Al-Quagsire|Protect
|
|-weather|Sandstorm|[upkeep]
|-damage|p1a: Rotom-Wash|266\/304|[from] sandstorm
|-heal|p2a: Al-Quagsire|394\/394|[from] item: Leftovers
|turn|16
|
|switch|p1a: Garchomp|Garchomp, M|358\/358
|switch|p2a: Gothitelle|Gothitelle, F, shiny|206\/322
|
|-weather|none
|turn|17
|
|switch|p2a: Al-Quagsire|Quagsire, M|394\/394
|move|p1a: Garchomp|Outrage|p2a: Al-Quagsire
|-damage|p2a: Al-Quagsire|211\/394
|
|-heal|p2a: Al-Quagsire|235\/394|[from] item: Leftovers
|turn|18
|
|move|p1a: Garchomp|Outrage|p2a: Al-Quagsire
|-damage|p2a: Al-Quagsire|58\/394
|move|p2a: Al-Quagsire|Recover|p2a: Al-Quagsire
|-heal|p2a: Al-Quagsire|255\/394
|
|-heal|p2a: Al-Quagsire|279\/394|[from] item: Leftovers
|turn|19
|
|move|p2a: Al-Quagsire|Protect|p2a: Al-Quagsire
|-singleturn|p2a: Al-Quagsire|Protect
|move|p1a: Garchomp|Outrage|p2a: Al-Quagsire
|-activate|p2a: Al-Quagsire|Protect
|
|-end|p1a: Garchomp|rampage
|-start|p1a: Garchomp|confusion
|-heal|p2a: Al-Quagsire|303\/394|[from] item: Leftovers
|turn|20
|
|switch|p1a: Exploud|Exploud, M|412\/412
|move|p2a: Al-Quagsire|Toxic|p1a: Exploud|[miss]
|-miss|p2a: Al-Quagsire|p1a: Exploud
|
|-heal|p2a: Al-Quagsire|327\/394|[from] item: Leftovers
|turn|21
|
|move|p2a: Al-Quagsire|Protect|p2a: Al-Quagsire
|-singleturn|p2a: Al-Quagsire|Protect
|move|p1a: Exploud|Boomburst|p2a: Al-Quagsire
|-activate|p2a: Al-Quagsire|Protect
|
|-heal|p2a: Al-Quagsire|351\/394|[from] item: Leftovers
|turn|22
|
|switch|p2a: Chanseyyy|Chansey, F|704\/704
|move|p1a: Exploud|Boomburst|p2a: Chanseyyy
|-damage|p2a: Chanseyyy|505\/704
|
|turn|23
|
|switch|p1a: Garchomp|Garchomp, M|358\/358
|move|p2a: Chanseyyy|Toxic|p1a: Garchomp
|-status|p1a: Garchomp|tox
|
|-damage|p1a: Garchomp|336\/358 tox|[from] psn
|turn|24
|c|★AaronDavidAnth|Guts
|c|★AaronDavidAnth|X
|c|★AaronDavidAnth|XD
|
|switch|p2a: Tyranitar|Tyranitar, F|404\/404
|-weather|Sandstorm
|move|p1a: Garchomp|Dragon Claw|p2a: Tyranitar
|-damage|p2a: Tyranitar|307\/404
|
|-weather|Sandstorm|[upkeep]
|-damage|p1a: Garchomp|292\/358 tox|[from] psn
|turn|25
|
|switch|p1a: Rotom-Wash|Rotom-Wash|266\/304
|detailschange|p2a: Tyranitar|Tyranitar-Mega, F
|message|Tyranitar has Mega Evolved into Mega Tyranitar!
|move|p2a: Tyranitar|Dragon Tail|p1a: Rotom-Wash|[miss]
|-miss|p2a: Tyranitar|p1a: Rotom-Wash
|
|-weather|Sandstorm|[upkeep]
|-damage|p1a: Rotom-Wash|247\/304|[from] sandstorm
|turn|26
|
|switch|p2a: Gothitelle|Gothitelle, F, shiny|206\/322
|move|p1a: Rotom-Wash|Hydro Pump|p2a: Gothitelle
|-damage|p2a: Gothitelle|83\/322
|
|-weather|Sandstorm|[upkeep]
|-damage|p1a: Rotom-Wash|228\/304|[from] sandstorm
|-damage|p2a: Gothitelle|63\/322|[from] sandstorm
|turn|27
|
|switch|p2a: Chanseyyy|Chansey, F|505\/704
|move|p1a: Rotom-Wash|Hydro Pump|p2a: Chanseyyy
|-damage|p2a: Chanseyyy|414\/704
|
|-weather|Sandstorm|[upkeep]
|-damage|p1a: Rotom-Wash|209\/304|[from] sandstorm
|-damage|p2a: Chanseyyy|370\/704|[from] sandstorm
|turn|28
|
|switch|p1a: Manaphy|Manaphy|299\/341 tox
|move|p2a: Chanseyyy|Soft-Boiled|p2a: Chanseyyy
|-heal|p2a: Chanseyyy|704\/704
|
|-weather|none
|-heal|p1a: Manaphy|320\/341 tox|[from] item: Leftovers
|-damage|p1a: Manaphy|299\/341 tox|[from] psn
|turn|29
|
|move|p1a: Manaphy|Surf|p2a: Chanseyyy
|-damage|p2a: Chanseyyy|616\/704
|move|p2a: Chanseyyy|Seismic Toss|p1a: Manaphy
|-damage|p1a: Manaphy|199\/341 tox
|
|-heal|p1a: Manaphy|220\/341 tox|[from] item: Leftovers
|-damage|p1a: Manaphy|178\/341 tox|[from] psn
|turn|30
|
|move|p1a: Manaphy|Tail Glow|p1a: Manaphy
|-boost|p1a: Manaphy|spa|3
|move|p2a: Chanseyyy|Seismic Toss|p1a: Manaphy
|-damage|p1a: Manaphy|78\/341 tox
|
|-heal|p1a: Manaphy|99\/341 tox|[from] item: Leftovers
|-damage|p1a: Manaphy|36\/341 tox|[from] psn
|turn|31
|
|move|p1a: Manaphy|Surf|p2a: Chanseyyy
|-damage|p2a: Chanseyyy|406\/704
|move|p2a: Chanseyyy|Seismic Toss|p1a: Manaphy
|-damage|p1a: Manaphy|0 fnt
|faint|p1a: Manaphy
|
|
|switch|p1a: Garchomp|Garchomp, M|292\/358 tox
|turn|32
|
|switch|p2a: Al-Quagsire|Quagsire, M|351\/394
|move|p1a: Garchomp|Earthquake|p2a: Al-Quagsire
|-damage|p2a: Al-Quagsire|204\/394
|
|-heal|p2a: Al-Quagsire|228\/394|[from] item: Leftovers
|-damage|p1a: Garchomp|270\/358 tox|[from] psn
|turn|33
|
|switch|p1a: Rotom-Wash|Rotom-Wash|209\/304
|move|p2a: Al-Quagsire|Recover|p2a: Al-Quagsire
|-heal|p2a: Al-Quagsire|394\/394
|
|turn|34
|
|move|p2a: Al-Quagsire|Protect|p2a: Al-Quagsire
|-singleturn|p2a: Al-Quagsire|Protect
|move|p1a: Rotom-Wash|Hydro Pump|p2a: Al-Quagsire
|-activate|p2a: Al-Quagsire|Protect
|
|turn|35
|
|switch|p2a: Chanseyyy|Chansey, F|406\/704
|move|p1a: Rotom-Wash|Hydro Pump|p2a: Chanseyyy|[miss]
|-miss|p1a: Rotom-Wash|p2a: Chanseyyy
|
|turn|36
|
|switch|p1a: Garchomp|Garchomp, M|270\/358 tox
|move|p2a: Chanseyyy|Soft-Boiled|p2a: Chanseyyy
|-heal|p2a: Chanseyyy|704\/704
|
|-damage|p1a: Garchomp|248\/358 tox|[from] psn
|turn|37
|c|★AaronDavidAnth|Ugg toxic
|
|switch|p1a: Charizard|Charizard, F|298\/298
|switch|p2a: Al-Quagsire|Quagsire, M|394\/394
|
|turn|38
|
|detailschange|p1a: Charizard|Charizard-Mega-Y, F
|message|Charizard has Mega Evolved into Mega Charizard!
|-weather|SunnyDay
|move|p2a: Al-Quagsire|Protect|p2a: Al-Quagsire
|-singleturn|p2a: Al-Quagsire|Protect
|move|p1a: Charizard|Solar Beam|p2a: Al-Quagsire|[still]
|-prepare|p1a: Charizard|Solar Beam|p2a: Al-Quagsire
|-anim|p1a: Charizard|Solar Beam|p2a: Al-Quagsire
|-activate|p2a: Al-Quagsire|Protect
|
|-weather|SunnyDay|[upkeep]
|turn|39
|c|★AaronDavidAnth|!data megatyranitar
|c|~|\/data-pokemon Tyranitar-Mega

|c|★juventus 32|is true strong
|
|switch|p1a: Rotom-Wash|Rotom-Wash|209\/304
|switch|p2a: Chanseyyy|Chansey, F|704\/704
|
|-weather|SunnyDay|[upkeep]
|turn|40
|
|move|p1a: Rotom-Wash|Will-O-Wisp|p2a: Chanseyyy
|-status|p2a: Chanseyyy|brn
|move|p2a: Chanseyyy|Seismic Toss|p1a: Rotom-Wash
|-damage|p1a: Rotom-Wash|109\/304
|
|-weather|SunnyDay|[upkeep]
|-damage|p2a: Chanseyyy|616\/704 brn|[from] brn
|turn|41
|
|switch|p2a: Gothitelle|Gothitelle, F, shiny|63\/322
|move|p1a: Rotom-Wash|Will-O-Wisp|p2a: Gothitelle
|-status|p2a: Gothitelle|brn
|
|-weather|SunnyDay|[upkeep]
|-damage|p2a: Gothitelle|23\/322 brn|[from] brn
|turn|42
|
|move|p1a: Rotom-Wash|Will-O-Wisp|p2a: Gothitelle
|-fail|p2a: Gothitelle|brn
|move|p2a: Gothitelle|Rest|p2a: Gothitelle
|-status|p2a: Gothitelle|slp
|-heal|p2a: Gothitelle|322\/322 slp|[silent]
|-status|p2a: Gothitelle|slp|[from] move: Rest
|
|-weather|none
|turn|43
|
|move|p1a: Rotom-Wash|Will-O-Wisp|p2a: Gothitelle|[miss]
|-miss|p1a: Rotom-Wash|p2a: Gothitelle
|cant|p2a: Gothitelle|slp
|
|turn|44
|
|move|p1a: Rotom-Wash|Will-O-Wisp|p2a: Gothitelle
|-fail|p2a: Gothitelle
|cant|p2a: Gothitelle|slp
|
|turn|45
|
|move|p1a: Rotom-Wash|Will-O-Wisp|p2a: Gothitelle
|-fail|p2a: Gothitelle
|-curestatus|p2a: Gothitelle|slp
|move|p2a: Gothitelle|Calm Mind|p2a: Gothitelle
|-boost|p2a: Gothitelle|spa|1
|-boost|p2a: Gothitelle|spd|1
|
|turn|46
|
|move|p1a: Rotom-Wash|Will-O-Wisp|p2a: Gothitelle
|-status|p2a: Gothitelle|brn
|move|p2a: Gothitelle|Calm Mind|p2a: Gothitelle
|-boost|p2a: Gothitelle|spa|1
|-boost|p2a: Gothitelle|spd|1
|
|-damage|p2a: Gothitelle|282\/322 brn|[from] brn
|turn|47
|c|★AaronDavidAnth|XD
|c|★juventus 32|sorry for stall
|
|move|p1a: Rotom-Wash|Will-O-Wisp|p2a: Gothitelle
|-fail|p2a: Gothitelle|brn
|move|p2a: Gothitelle|Calm Mind|p2a: Gothitelle
|-boost|p2a: Gothitelle|spa|1
|-boost|p2a: Gothitelle|spd|1
|
|-damage|p2a: Gothitelle|242\/322 brn|[from] brn
|turn|48
|c|★AaronDavidAnth|Np I would do the smame thing
|c|★AaronDavidAnth|sorry typing on a I-pad
|
|move|p1a: Rotom-Wash|Will-O-Wisp|p2a: Gothitelle
|-fail|p2a: Gothitelle|brn
|move|p2a: Gothitelle|Calm Mind|p2a: Gothitelle
|-boost|p2a: Gothitelle|spa|1
|-boost|p2a: Gothitelle|spd|1
|
|-damage|p2a: Gothitelle|202\/322 brn|[from] brn
|turn|49
|
|move|p1a: Rotom-Wash|Will-O-Wisp|p2a: Gothitelle
|-fail|p2a: Gothitelle|brn
|move|p2a: Gothitelle|Calm Mind|p2a: Gothitelle
|-boost|p2a: Gothitelle|spa|1
|-boost|p2a: Gothitelle|spd|1
|
|-damage|p2a: Gothitelle|162\/322 brn|[from] brn
|turn|50
|
|move|p1a: Rotom-Wash|Will-O-Wisp|p2a: Gothitelle
|-fail|p2a: Gothitelle|brn
|move|p2a: Gothitelle|Calm Mind|p2a: Gothitelle
|-boost|p2a: Gothitelle|spa|1
|-boost|p2a: Gothitelle|spd|1
|
|-damage|p2a: Gothitelle|122\/322 brn|[from] brn
|turn|51
|c|★juventus 32|how many will o visp remain?
|
|move|p1a: Rotom-Wash|Will-O-Wisp|p2a: Gothitelle
|-fail|p2a: Gothitelle|brn
|move|p2a: Gothitelle|Rest|p2a: Gothitelle
|-status|p2a: Gothitelle|slp
|-heal|p2a: Gothitelle|322\/322 slp|[silent]
|-status|p2a: Gothitelle|slp|[from] move: Rest
|
|turn|52
|
|move|p1a: Rotom-Wash|Will-O-Wisp|p2a: Gothitelle
|-fail|p2a: Gothitelle
|cant|p2a: Gothitelle|slp
|
|turn|53
|
|move|p1a: Rotom-Wash|Will-O-Wisp|p2a: Gothitelle|[miss]
|-miss|p1a: Rotom-Wash|p2a: Gothitelle
|cant|p2a: Gothitelle|slp
|
|turn|54
|
|move|p1a: Rotom-Wash|Will-O-Wisp|p2a: Gothitelle
|-fail|p2a: Gothitelle
|-curestatus|p2a: Gothitelle|slp
|move|p2a: Gothitelle|Psychic|p1a: Rotom-Wash
|-damage|p1a: Rotom-Wash|0 fnt
|faint|p1a: Rotom-Wash
|
|
|switch|p1a: Garchomp|Garchomp, M|248\/358 tox
|turn|55
|
|move|p1a: Garchomp|Outrage|p2a: Gothitelle
|-damage|p2a: Gothitelle|169\/322
|move|p2a: Gothitelle|Psychic|p1a: Garchomp
|-damage|p1a: Garchomp|0 fnt
|faint|p1a: Garchomp
|
|c|★AaronDavidAnth|Das gg
|c|★juventus 32|gg
|
|switch|p1a: Charizard|Charizard-Mega-Y, F|298\/298
|-weather|SunnyDay
|turn|56
|c|★juventus 32|crit
|
|move|p1a: Charizard|Flamethrower|p2a: Gothitelle
|-damage|p2a: Gothitelle|97\/322
|move|p2a: Gothitelle|Psychic|p1a: Charizard
|-damage|p1a: Charizard|0 fnt
|faint|p1a: Charizard
|
|-weather|SunnyDay|[upkeep]
|
|switch|p1a: Exploud|Exploud, M|412\/412
|turn|57
|
|move|p1a: Exploud|Boomburst|p2a: Gothitelle
|-damage|p2a: Gothitelle|27\/322
|move|p2a: Gothitelle|Psychic|p1a: Exploud
|-damage|p1a: Exploud|0 fnt
|faint|p1a: Exploud
|
|win|juventus 32
|raw|Ladder updating...
|raw|AaronDavidAnth's rating: 1332 &rarr; <strong>1314<\/strong><br \/>(-18 for losing)
|raw|juventus 32's rating: 1377 &rarr; <strong>1395<\/strong><br \/>(+18 for winning)
|c|★AaronDavidAnth|If it was
|leave|AaronDavidAnth
|player|p1
|c|★juventus 32|it's a beautiful battle