|join|Turbo Neofyta
|join|juventus 32
|player|p1|Turbo Neofyta|278
|player|p2|juventus 32|2
|gametype|singles
|gen|6
|tier|OU
|clearpoke
|poke|p1|Slowbro, F, shiny
|poke|p1|Heatran, M, shiny
|poke|p1|Bisharp, M, shiny
|poke|p1|Landorus, M, shiny
|poke|p1|Breloom, F, shiny
|poke|p1|Mandibuzz, F, shiny
|poke|p2|Chansey, F
|poke|p2|Quagsire, F
|poke|p2|Skarmory, F
|poke|p2|Tyranitar, M
|poke|p2|Mew
|poke|p2|Gothitelle, F
|rule|Swagger Clause: Swagger is banned
|rule|Baton Pass Clause: Limit one Pokémon knowing Baton Pass
|rule|Sleep Clause Mod: Limit one foe put to sleep
|rule|Species Clause: Limit one of each Pokémon
|rule|OHKO Clause: OHKO moves are banned
|rule|Moody Clause: Moody is banned
|rule|Evasion Moves Clause: Evasion moves are banned
|rule|Endless Battle Clause: Forcing endless battles is banned
|rule|HP Percentage Mod: HP is shown in percentages
|teampreview
|
|start
|switch|p1a: Not amoonguss|Breloom, F, shiny|261\/261
|switch|p2a: Mew|Mew|404\/404
|turn|1
|
|move|p2a: Mew|Flamethrower|p1a: Not amoonguss
|-supereffective|p1a: Not amoonguss
|-damage|p1a: Not amoonguss|0 fnt
|faint|p1a: Not amoonguss
|
|
|switch|p1a: Stromboli|Heatran, M, shiny|386\/386
|turn|2
|
|switch|p2a: Chansey|Chansey, F|704\/704
|move|p1a: Stromboli|Protect|p1a: Stromboli
|-fail|p1a: Stromboli
|
|turn|3
|
|switch|p1a: Kira|Bisharp, M, shiny|333\/333
|move|p2a: Chansey|Seismic Toss|p1a: Kira
|-damage|p1a: Kira|233\/333
|
|turn|4
|c|★juventus 32|deathnote?
|c|★juventus 32|il nome
|
|switch|p2a: Quagsire|Quagsire, F|394\/394
|move|p1a: Kira|Knock Off|p2a: Quagsire
|-crit|p2a: Quagsire
|-damage|p2a: Quagsire|177\/394
|-enditem|p2a: Quagsire|Leftovers|[from] move: Knock Off|[of] p1a: Kira
|
|turn|5
|
|switch|p1a: Ursula|Slowbro, F, shiny|361\/361
|move|p2a: Quagsire|Recover|p2a: Quagsire
|-heal|p2a: Quagsire|374\/394
|
|turn|6
|
|switch|p2a: Mew|Mew|404\/404
|detailschange|p1a: Ursula|Slowbro-Mega, F, shiny
|-mega|p1a: Ursula|Slowbro|Slowbronite
|move|p1a: Ursula|Calm Mind|p1a: Ursula
|-boost|p1a: Ursula|spa|1
|-boost|p1a: Ursula|spd|1
|
|turn|7
|
|switch|p2a: Chansey|Chansey, F|704\/704
|move|p1a: Ursula|Calm Mind|p1a: Ursula
|-boost|p1a: Ursula|spa|1
|-boost|p1a: Ursula|spd|1
|
|turn|8
|c|★juventus 32|oo
|c|★juventus 32|vai
|-message|Turbo Neofyta lost due to inactivity.
|
|win|juventus 32