|join|Heisenberg94
|join|theoddgod
|player|p1|Heisenberg94|1
|player|p2|theoddgod|188
|gametype|singles
|gen|6
|tier|UU
|rated
|rule|Sleep Clause Mod: Limit one foe put to sleep
|rule|Species Clause: Limit one of each Pokémon
|rule|OHKO Clause: OHKO moves are banned
|rule|Moody Clause: Moody is banned
|rule|Evasion Moves Clause: Evasion moves are banned
|rule|Endless Battle Clause: Forcing endless battles is banned
|rule|HP Percentage Mod: HP is shown in percentages
|clearpoke
|poke|p1|Porygon2, shiny
|poke|p1|Crobat, F
|poke|p1|Krookodile, M
|poke|p1|Chandelure, F
|poke|p1|Trevenant, M, shiny
|poke|p1|Honchkrow, F
|poke|p2|Blissey, F, shiny
|poke|p2|Florges, F
|poke|p2|Sableye, M
|poke|p2|Suicune
|poke|p2|Nidoqueen, F
|poke|p2|Crobat, F
|rule|Swagger Clause: Swagger is banned
|rule|Baton Pass Clause: Limit one Pokémon knowing Baton Pass
|teampreview
|c|★theoddgod|heisenberg haha loved that show 
|
|start
|switch|p1a: Moriaty|Krookodile, M|394\/394
|switch|p2a: Nidoqueen|Nidoqueen, F|383\/383
|-ability|p1a: Moriaty|Intimidate|[of] p2a: Nidoqueen
|-unboost|p2a: Nidoqueen|atk|1
|turn|1
|
|switch|p2a: Sableye|Sableye, M|304\/304
|move|p1a: Moriaty|Stealth Rock|p2a: Sableye
|-sidestart|p2: theoddgod|move: Stealth Rock
|
|turn|2
|
|switch|p1a: Chandelure|Chandelure, F|261\/261
|move|p2a: Sableye|Will-O-Wisp|p1a: Chandelure
|-start|p1a: Chandelure|ability: Flash Fire
|
|turn|3
|
|switch|p2a: STALL|Blissey, F, shiny|651\/651
|-damage|p2a: STALL|570\/651|[from] Stealth Rock
|move|p1a: Chandelure|Fire Blast|p2a: STALL
|-damage|p2a: STALL|374\/651
|
|-heal|p2a: STALL|414\/651|[from] item: Leftovers
|turn|4
|
|switch|p1a: Moriaty|Krookodile, M|394\/394
|-ability|p1a: Moriaty|Intimidate|[of] p2a: STALL
|-unboost|p2a: STALL|atk|1
|move|p2a: STALL|Toxic|p1a: Moriaty
|-status|p1a: Moriaty|tox
|
|-heal|p2a: STALL|454\/651|[from] item: Leftovers
|-damage|p1a: Moriaty|370\/394 tox|[from] psn
|turn|5
|
|switch|p2a: Crobat|Crobat, F|373\/373
|-damage|p2a: Crobat|280\/373|[from] Stealth Rock
|move|p1a: Moriaty|Taunt|p2a: Crobat
|-start|p2a: Crobat|move: Taunt
|
|-heal|p2a: Crobat|303\/373|[from] item: Black Sludge
|-heal|p1a: Moriaty|394\/394 tox|[from] item: Leftovers
|-damage|p1a: Moriaty|346\/394 tox|[from] psn
|turn|6
|
|switch|p2a: Suicune|Suicune|404\/404
|-damage|p2a: Suicune|354\/404|[from] Stealth Rock
|-ability|p2a: Suicune|Pressure
|move|p1a: Moriaty|Knock Off|p2a: Suicune
|-damage|p2a: Suicune|237\/404
|-enditem|p2a: Suicune|Leftovers|[from] move: Knock Off|[of] p1a: Moriaty
|
|-heal|p1a: Moriaty|370\/394 tox|[from] item: Leftovers
|-damage|p1a: Moriaty|298\/394 tox|[from] psn
|turn|7
|
|switch|p1a: ErRoR o.O|Porygon2, shiny|374\/374
|-boost|p1a: ErRoR o.O|spa|1|[from] ability: Download
|move|p2a: Suicune|Calm Mind|p2a: Suicune
|-boost|p2a: Suicune|spa|1
|-boost|p2a: Suicune|spd|1
|
|turn|8
|
|move|p1a: ErRoR o.O|Thunder Wave|p2a: Suicune
|-status|p2a: Suicune|par
|move|p2a: Suicune|Roar|p1a: ErRoR o.O
|drag|p1a: Chandelure|Chandelure, F|261\/261
|
|turn|9
|
|move|p1a: Chandelure|Shadow Ball|p2a: Suicune
|-crit|p2a: Suicune
|-damage|p2a: Suicune|0 fnt
|faint|p2a: Suicune
|
|
|switch|p2a: STALL|Blissey, F, shiny|454\/651
|-damage|p2a: STALL|373\/651|[from] Stealth Rock
|turn|10
|
|switch|p1a: Moriaty|Krookodile, M|298\/394 tox
|-ability|p1a: Moriaty|Intimidate|[of] p2a: STALL
|-unboost|p2a: STALL|atk|1
|move|p2a: STALL|Soft-Boiled|p2a: STALL
|-heal|p2a: STALL|651\/651
|
|-heal|p1a: Moriaty|322\/394 tox|[from] item: Leftovers
|-damage|p1a: Moriaty|298\/394 tox|[from] psn
|turn|11
|
|switch|p2a: Sableye|Sableye, M|304\/304
|-damage|p2a: Sableye|266\/304|[from] Stealth Rock
|move|p1a: Moriaty|Taunt|p2a: Sableye
|-start|p2a: Sableye|move: Taunt
|
|-heal|p1a: Moriaty|322\/394 tox|[from] item: Leftovers
|-heal|p2a: Sableye|285\/304|[from] item: Leftovers
|-damage|p1a: Moriaty|274\/394 tox|[from] psn
|turn|12
|
|move|p1a: Moriaty|Knock Off|p2a: Sableye
|-damage|p2a: Sableye|171\/304
|-enditem|p2a: Sableye|Leftovers|[from] move: Knock Off|[of] p1a: Moriaty
|move|p2a: Sableye|Knock Off|p1a: Moriaty
|-resisted|p1a: Moriaty
|-damage|p1a: Moriaty|239\/394 tox
|-enditem|p1a: Moriaty|Leftovers|[from] move: Knock Off|[of] p2a: Sableye
|
|-damage|p1a: Moriaty|167\/394 tox|[from] psn
|turn|13
|
|switch|p2a: Crobat|Crobat, F|303\/373
|-damage|p2a: Crobat|210\/373|[from] Stealth Rock
|move|p1a: Moriaty|Earthquake|p2a: Crobat
|-immune|p2a: Crobat|[msg]
|
|-heal|p2a: Crobat|233\/373|[from] item: Black Sludge
|-damage|p1a: Moriaty|71\/394 tox|[from] psn
|turn|14
|
|switch|p1a: ErRoR o.O|Porygon2, shiny|374\/374
|-boost|p1a: ErRoR o.O|atk|1|[from] ability: Download
|move|p2a: Crobat|Defog|p1a: ErRoR o.O
|-unboost|p1a: ErRoR o.O|evasion|1
|-sideend|p2: theoddgod|Stealth Rock|[from] move: Defog|[of] p2a: Crobat
|
|-heal|p2a: Crobat|256\/373|[from] item: Black Sludge
|turn|15
|
|move|p2a: Crobat|Super Fang|p1a: ErRoR o.O
|-damage|p1a: ErRoR o.O|187\/374
|move|p1a: ErRoR o.O|Thunder Wave|p2a: Crobat
|-status|p2a: Crobat|par
|
|-heal|p2a: Crobat|279\/373 par|[from] item: Black Sludge
|turn|16
|
|switch|p2a: STALL|Blissey, F, shiny|651\/651
|move|p1a: ErRoR o.O|Recover|p1a: ErRoR o.O
|-heal|p1a: ErRoR o.O|374\/374
|
|turn|17
|
|switch|p1a: Brobork|Trevenant, M, shiny|371\/371
|move|p2a: STALL|Heal Bell|p2a: STALL
|-cureteam|p2a: STALL|[from] move: HealBell
|
|turn|18
|c|★theoddgod|!data brobork
No Pokemon, item, move, ability or nature named 'brobork' was found. Showing the data of 'Arbok' instead.
|c|~|\/data-pokemon Arbok

|c|★theoddgod|wtf
|c|★Heisenberg94|its a nickname
|c|★theoddgod|!data trevent
No Pokemon, item, move, ability or nature named 'trevent' was found. Showing the data of 'Trevenant' instead.
|c|~|\/data-pokemon Trevenant

|c|★theoddgod|lol
|
|switch|p2a: Crobat|Crobat, F|279\/373
|move|p1a: Brobork|Will-O-Wisp|p2a: Crobat
|-status|p2a: Crobat|brn
|
|-heal|p2a: Crobat|302\/373 brn|[from] item: Black Sludge
|-damage|p2a: Crobat|256\/373 brn|[from] brn
|turn|19
|
|move|p2a: Crobat|Brave Bird|p1a: Brobork
|-supereffective|p1a: Brobork
|-damage|p1a: Brobork|243\/371
|-damage|p2a: Crobat|214\/373 brn|[from] recoil|[of] p1a: Brobork
|move|p1a: Brobork|Leech Seed|p2a: Crobat
|-start|p2a: Crobat|move: Leech Seed
|
|-heal|p2a: Crobat|237\/373 brn|[from] item: Black Sludge
|-damage|p2a: Crobat|191\/373 brn|[from] Leech Seed|[of] p1a: Brobork
|-heal|p1a: Brobork|289\/371|[silent]
|-damage|p2a: Crobat|145\/373 brn|[from] brn
|turn|20
|
|switch|p1a: Moriaty|Krookodile, M|71\/394 tox
|-ability|p1a: Moriaty|Intimidate|[of] p2a: Crobat
|-unboost|p2a: Crobat|atk|1
|move|p2a: Crobat|Super Fang|p1a: Moriaty
|-damage|p1a: Moriaty|36\/394 tox
|
|-heal|p2a: Crobat|168\/373 brn|[from] item: Black Sludge
|-damage|p2a: Crobat|122\/373 brn|[from] Leech Seed|[of] p1a: Moriaty
|-heal|p1a: Moriaty|82\/394 tox|[silent]
|-damage|p2a: Crobat|76\/373 brn|[from] brn
|-damage|p1a: Moriaty|58\/394 tox|[from] psn
|turn|21
|
|move|p2a: Crobat|Roost|p2a: Crobat
|-heal|p2a: Crobat|263\/373 brn
|move|p1a: Moriaty|Stealth Rock|p2a: Crobat
|-sidestart|p2: theoddgod|move: Stealth Rock
|
|-heal|p2a: Crobat|286\/373 brn|[from] item: Black Sludge
|-damage|p2a: Crobat|240\/373 brn|[from] Leech Seed|[of] p1a: Moriaty
|-heal|p1a: Moriaty|104\/394 tox|[silent]
|-damage|p2a: Crobat|194\/373 brn|[from] brn
|-damage|p1a: Moriaty|56\/394 tox|[from] psn
|turn|22
|
|move|p2a: Crobat|Defog|p1a: Moriaty
|-unboost|p1a: Moriaty|evasion|1
|-sideend|p2: theoddgod|Stealth Rock|[from] move: Defog|[of] p2a: Crobat
|move|p1a: Moriaty|Taunt|p2a: Crobat
|-start|p2a: Crobat|move: Taunt
|
|-heal|p2a: Crobat|217\/373 brn|[from] item: Black Sludge
|-damage|p2a: Crobat|171\/373 brn|[from] Leech Seed|[of] p1a: Moriaty
|-heal|p1a: Moriaty|102\/394 tox|[silent]
|-damage|p2a: Crobat|125\/373 brn|[from] brn
|-damage|p1a: Moriaty|30\/394 tox|[from] psn
|turn|23
|
|move|p2a: Crobat|Brave Bird|p1a: Moriaty
|-damage|p1a: Moriaty|0 fnt
|-damage|p2a: Crobat|115\/373 brn|[from] recoil|[of] p1a: Moriaty
|faint|p1a: Moriaty
|
|-heal|p2a: Crobat|138\/373 brn|[from] item: Black Sludge
|-damage|p2a: Crobat|92\/373 brn|[from] brn
|
|switch|p1a: Sherlock|Honchkrow, F|341\/341
|turn|24
|
|switch|p2a: Nidoqueen|Nidoqueen, F|383\/383
|move|p1a: Sherlock|Brave Bird|p2a: Nidoqueen
|-damage|p2a: Nidoqueen|179\/383
|-damage|p1a: Sherlock|274\/341|[from] recoil|[of] p2a: Nidoqueen
|-damage|p1a: Sherlock|240\/341|[from] item: Life Orb
|
|-heal|p2a: Nidoqueen|202\/383|[from] item: Black Sludge
|turn|25
|
|move|p1a: Sherlock|Sucker Punch|p2a: Nidoqueen
|-fail|p2a: Nidoqueen
|move|p2a: Nidoqueen|Stealth Rock|p1a: Sherlock
|-sidestart|p1: Heisenberg94|move: Stealth Rock
|
|-heal|p2a: Nidoqueen|225\/383|[from] item: Black Sludge
|turn|26
|
|move|p1a: Sherlock|Brave Bird|p2a: Nidoqueen
|-damage|p2a: Nidoqueen|3\/383
|-damage|p1a: Sherlock|167\/341|[from] recoil|[of] p2a: Nidoqueen
|-damage|p1a: Sherlock|133\/341|[from] item: Life Orb
|move|p2a: Nidoqueen|Ice Beam|p1a: Sherlock
|-supereffective|p1a: Sherlock
|-damage|p1a: Sherlock|0 fnt
|faint|p1a: Sherlock
|
|-heal|p2a: Nidoqueen|26\/383|[from] item: Black Sludge
|
|switch|p1a: Not Bruce|Crobat, F|311\/311
|-damage|p1a: Not Bruce|234\/311|[from] Stealth Rock
|turn|27
|
|move|p1a: Not Bruce|Nasty Plot|p1a: Not Bruce
|-boost|p1a: Not Bruce|spa|2
|move|p2a: Nidoqueen|Ice Beam|p1a: Not Bruce
|-supereffective|p1a: Not Bruce
|-damage|p1a: Not Bruce|52\/311
|
|-heal|p1a: Not Bruce|71\/311|[from] item: Black Sludge
|-heal|p2a: Nidoqueen|49\/383|[from] item: Black Sludge
|turn|28
|
|move|p1a: Not Bruce|Giga Drain|p2a: Nidoqueen
|-crit|p2a: Nidoqueen
|-damage|p2a: Nidoqueen|0 fnt
|-heal|p1a: Not Bruce|96\/311|[from] drain|[of] p2a: Nidoqueen
|faint|p2a: Nidoqueen
|
|-heal|p1a: Not Bruce|115\/311|[from] item: Black Sludge
|
|switch|p2a: STALL|Blissey, F, shiny|651\/651
|turn|29
|
|move|p1a: Not Bruce|Giga Drain|p2a: STALL
|-damage|p2a: STALL|579\/651
|-heal|p1a: Not Bruce|151\/311|[from] drain|[of] p2a: STALL
|move|p2a: STALL|Seismic Toss|p1a: Not Bruce
|-damage|p1a: Not Bruce|51\/311
|
|-heal|p1a: Not Bruce|70\/311|[from] item: Black Sludge
|-heal|p2a: STALL|619\/651|[from] item: Leftovers
|turn|30
|
|switch|p1a: Brobork|Trevenant, M, shiny|289\/371
|-damage|p1a: Brobork|243\/371|[from] Stealth Rock
|move|p2a: STALL|Heal Bell|p2a: STALL
|-cureteam|p2a: STALL|[from] move: HealBell
|
|-heal|p2a: STALL|651\/651|[from] item: Leftovers
|turn|31
|
|switch|p2a: Sableye|Sableye, M|171\/304
|move|p1a: Brobork|Leech Seed|p2a: Sableye
|-start|p2a: Sableye|move: Leech Seed
|
|-damage|p2a: Sableye|133\/304|[from] Leech Seed|[of] p1a: Brobork
|-heal|p1a: Brobork|281\/371|[silent]
|turn|32
|
|switch|p1a: ErRoR o.O|Porygon2, shiny|374\/374
|-damage|p1a: ErRoR o.O|328\/374|[from] Stealth Rock
|-boost|p1a: ErRoR o.O|spa|1|[from] ability: Download
|move|p2a: Sableye|Taunt|p1a: ErRoR o.O
|-start|p1a: ErRoR o.O|move: Taunt
|
|-damage|p2a: Sableye|95\/304|[from] Leech Seed|[of] p1a: ErRoR o.O
|-heal|p1a: ErRoR o.O|366\/374|[silent]
|turn|33
|
|move|p2a: Sableye|Recover|p2a: Sableye
|-heal|p2a: Sableye|247\/304
|move|p1a: ErRoR o.O|Ice Beam|p2a: Sableye
|-damage|p2a: Sableye|87\/304
|
|-damage|p2a: Sableye|49\/304|[from] Leech Seed|[of] p1a: ErRoR o.O
|-heal|p1a: ErRoR o.O|374\/374|[silent]
|turn|34
|
|switch|p2a: STALL|Blissey, F, shiny|651\/651
|move|p1a: ErRoR o.O|Ice Beam|p2a: STALL
|-damage|p2a: STALL|583\/651
|
|-heal|p2a: STALL|623\/651|[from] item: Leftovers
|turn|35
|
|move|p1a: ErRoR o.O|Tri Attack|p2a: STALL
|-crit|p2a: STALL
|-damage|p2a: STALL|494\/651
|move|p2a: STALL|Toxic|p1a: ErRoR o.O|[miss]
|-miss|p2a: STALL|p1a: ErRoR o.O
|
|-heal|p2a: STALL|534\/651|[from] item: Leftovers
|-end|p1a: ErRoR o.O|move: Taunt
|turn|36
|
|move|p1a: ErRoR o.O|Tri Attack|p2a: STALL
|-crit|p2a: STALL
|-damage|p2a: STALL|416\/651
|move|p2a: STALL|Toxic|p1a: ErRoR o.O
|-status|p1a: ErRoR o.O|tox
|
|-heal|p2a: STALL|456\/651|[from] item: Leftovers
|-damage|p1a: ErRoR o.O|351\/374 tox|[from] psn
|turn|37
|
|move|p1a: ErRoR o.O|Ice Beam|p2a: STALL
|-damage|p2a: STALL|389\/651
|move|p2a: STALL|Soft-Boiled|p2a: STALL
|-heal|p2a: STALL|651\/651
|
|-damage|p1a: ErRoR o.O|305\/374 tox|[from] psn
|turn|38
|
|switch|p1a: Brobork|Trevenant, M, shiny|281\/371
|-damage|p1a: Brobork|235\/371|[from] Stealth Rock
|move|p2a: STALL|Seismic Toss|p1a: Brobork
|-immune|p1a: Brobork|[msg]
|
|turn|39
|
|move|p1a: Brobork|Leech Seed|p2a: STALL
|-start|p2a: STALL|move: Leech Seed
|move|p2a: STALL|Toxic|p1a: Brobork
|-status|p1a: Brobork|tox
|
|-damage|p2a: STALL|570\/651|[from] Leech Seed|[of] p1a: Brobork
|-heal|p1a: Brobork|316\/371 tox|[silent]
|-damage|p1a: Brobork|293\/371 tox|[from] psn
|turn|40
|
|switch|p2a: Crobat|Crobat, F|92\/373
|move|p1a: Brobork|Will-O-Wisp|p2a: Crobat
|-status|p2a: Crobat|brn
|
|-heal|p2a: Crobat|115\/373 brn|[from] item: Black Sludge
|-damage|p2a: Crobat|69\/373 brn|[from] brn
|-damage|p1a: Brobork|247\/371 tox|[from] psn
|turn|41
|
|move|p2a: Crobat|Roost|p2a: Crobat
|-heal|p2a: Crobat|256\/373 brn
|move|p1a: Brobork|Leech Seed|p2a: Crobat
|-start|p2a: Crobat|move: Leech Seed
|
|-heal|p2a: Crobat|279\/373 brn|[from] item: Black Sludge
|-damage|p2a: Crobat|233\/373 brn|[from] Leech Seed|[of] p1a: Brobork
|-heal|p1a: Brobork|293\/371 tox|[silent]
|-damage|p2a: Crobat|187\/373 brn|[from] brn
|-damage|p1a: Brobork|224\/371 tox|[from] psn
|turn|42
|
|switch|p1a: Not Bruce|Crobat, F|70\/311
|-damage|p1a: Not Bruce|0 fnt|[from] Stealth Rock
|faint|p1a: Not Bruce
|move|p2a: Crobat|Roost|p2a: Crobat
|-heal|p2a: Crobat|373\/373 brn
|
|-damage|p2a: Crobat|327\/373 brn|[from] brn
|
|switch|p1a: Brobork|Trevenant, M, shiny|224\/371 tox
|-damage|p1a: Brobork|178\/371 tox|[from] Stealth Rock
|-enditem|p1a: Brobork|Sitrus Berry|[eat]
|-heal|p1a: Brobork|270\/371 tox|[from] item: Sitrus Berry
|turn|43
|
|switch|p2a: Florges|Florges, F|360\/360
|move|p1a: Brobork|Horn Leech|p2a: Florges
|-damage|p2a: Florges|258\/360
|-heal|p1a: Brobork|321\/371 tox|[from] drain|[of] p2a: Florges
|
|-heal|p2a: Florges|280\/360|[from] item: Leftovers
|-damage|p1a: Brobork|298\/371 tox|[from] psn
|-item|p1a: Brobork|Sitrus Berry|[from] ability: Harvest
|turn|44
|
|move|p2a: Florges|Wish|p2a: Florges
|move|p1a: Brobork|Leech Seed|p2a: Florges
|-start|p2a: Florges|move: Leech Seed
|
|-heal|p2a: Florges|302\/360|[from] item: Leftovers
|-damage|p2a: Florges|257\/360|[from] Leech Seed|[of] p1a: Brobork
|-heal|p1a: Brobork|343\/371 tox|[silent]
|-damage|p1a: Brobork|297\/371 tox|[from] psn
|turn|45
|
|switch|p2a: Sableye|Sableye, M|49\/304
|move|p1a: Brobork|Leech Seed|p2a: Sableye
|-start|p2a: Sableye|move: Leech Seed
|
|-heal|p2a: Sableye|229\/304|[from] move: Wish|[wisher] Florges
|-damage|p2a: Sableye|191\/304|[from] Leech Seed|[of] p1a: Brobork
|-heal|p1a: Brobork|335\/371 tox|[silent]
|-damage|p1a: Brobork|266\/371 tox|[from] psn
|turn|46
|
|move|p2a: Sableye|Taunt|p1a: Brobork
|-start|p1a: Brobork|move: Taunt
|move|p1a: Brobork|Horn Leech|p2a: Sableye
|-damage|p2a: Sableye|115\/304
|-heal|p1a: Brobork|304\/371 tox|[from] drain|[of] p2a: Sableye
|
|-damage|p2a: Sableye|77\/304|[from] Leech Seed|[of] p1a: Brobork
|-heal|p1a: Brobork|342\/371 tox|[silent]
|-damage|p1a: Brobork|250\/371 tox|[from] psn
|turn|47
|
|switch|p1a: Chandelure|Chandelure, F|261\/261
|-damage|p1a: Chandelure|196\/261|[from] Stealth Rock
|move|p2a: Sableye|Recover|p2a: Sableye
|-heal|p2a: Sableye|229\/304
|
|-damage|p2a: Sableye|191\/304|[from] Leech Seed|[of] p1a: Chandelure
|-heal|p1a: Chandelure|234\/261|[silent]
|turn|48
|
|switch|p2a: STALL|Blissey, F, shiny|570\/651
|move|p1a: Chandelure|Fire Blast|p2a: STALL
|-damage|p2a: STALL|438\/651
|
|-heal|p2a: STALL|478\/651|[from] item: Leftovers
|turn|49
|c|★Heisenberg94|hat dat fat ugly shit pokemon
|c|★Heisenberg94|hate*
|
|switch|p1a: Brobork|Trevenant, M, shiny|250\/371 tox
|-damage|p1a: Brobork|204\/371 tox|[from] Stealth Rock
|move|p2a: STALL|Toxic|p1a: Brobork
|-fail|p1a: Brobork|tox
|
|-heal|p2a: STALL|518\/651|[from] item: Leftovers
|-damage|p1a: Brobork|181\/371 tox|[from] psn
|-enditem|p1a: Brobork|Sitrus Berry|[eat]
|-heal|p1a: Brobork|273\/371 tox|[from] item: Sitrus Berry
|turn|50
|c|★theoddgod|yeah ikr i just started stalling and i love it tho 
|
|move|p1a: Brobork|Leech Seed|p2a: STALL
|-start|p2a: STALL|move: Leech Seed
|move|p2a: STALL|Heal Bell|p2a: STALL
|-cureteam|p2a: STALL|[from] move: HealBell
|
|-heal|p2a: STALL|558\/651|[from] item: Leftovers
|-damage|p2a: STALL|477\/651|[from] Leech Seed|[of] p1a: Brobork
|-heal|p1a: Brobork|354\/371 tox|[silent]
|-damage|p1a: Brobork|308\/371 tox|[from] psn
|-item|p1a: Brobork|Sitrus Berry|[from] ability: Harvest
|turn|51
|
|switch|p1a: Chandelure|Chandelure, F|234\/261
|-damage|p1a: Chandelure|169\/261|[from] Stealth Rock
|switch|p2a: Sableye|Sableye, M|191\/304
|
|turn|52
|
|switch|p2a: Florges|Florges, F|257\/360
|move|p1a: Chandelure|Fire Blast|p2a: Florges
|-damage|p2a: Florges|100\/360
|
|-heal|p2a: Florges|122\/360|[from] item: Leftovers
|turn|53
|
|move|p2a: Florges|Protect|p2a: Florges
|-singleturn|p2a: Florges|Protect
|move|p1a: Chandelure|Fire Blast|p2a: Florges
|-activate|p2a: Florges|Protect
|
|-heal|p2a: Florges|144\/360|[from] item: Leftovers
|turn|54
|
|switch|p2a: STALL|Blissey, F, shiny|477\/651
|move|p1a: Chandelure|Fire Blast|p2a: STALL
|-damage|p2a: STALL|333\/651
|
|-heal|p2a: STALL|373\/651|[from] item: Leftovers
|turn|55
|
|switch|p1a: Brobork|Trevenant, M, shiny|308\/371 tox
|-damage|p1a: Brobork|262\/371 tox|[from] Stealth Rock
|move|p2a: STALL|Soft-Boiled|p2a: STALL
|-heal|p2a: STALL|651\/651
|
|-damage|p1a: Brobork|239\/371 tox|[from] psn
|turn|56
|
|switch|p2a: Florges|Florges, F|144\/360
|move|p1a: Brobork|Leech Seed|p2a: Florges|[miss]
|-miss|p1a: Brobork|p2a: Florges
|
|-heal|p2a: Florges|166\/360|[from] item: Leftovers
|-damage|p1a: Brobork|193\/371 tox|[from] psn
|turn|57
|
|move|p2a: Florges|Wish|p2a: Florges
|move|p1a: Brobork|Leech Seed|p2a: Florges
|-start|p2a: Florges|move: Leech Seed
|
|-heal|p2a: Florges|188\/360|[from] item: Leftovers
|-damage|p2a: Florges|143\/360|[from] Leech Seed|[of] p1a: Brobork
|-heal|p1a: Brobork|238\/371 tox|[silent]
|-damage|p1a: Brobork|169\/371 tox|[from] psn
|-enditem|p1a: Brobork|Sitrus Berry|[eat]
|-heal|p1a: Brobork|261\/371 tox|[from] item: Sitrus Berry
|turn|58
|
|switch|p2a: Sableye|Sableye, M|191\/304
|switch|p1a: Chandelure|Chandelure, F|169\/261
|-damage|p1a: Chandelure|104\/261|[from] Stealth Rock
|
|-heal|p2a: Sableye|304\/304|[from] move: Wish|[wisher] Florges
|turn|59
|
|switch|p1a: Brobork|Trevenant, M, shiny|261\/371 tox
|-damage|p1a: Brobork|215\/371 tox|[from] Stealth Rock
|switch|p2a: Florges|Florges, F|143\/360
|
|-heal|p2a: Florges|165\/360|[from] item: Leftovers
|-damage|p1a: Brobork|192\/371 tox|[from] psn
|-item|p1a: Brobork|Sitrus Berry|[from] ability: Harvest
|turn|60
|
|switch|p2a: Sableye|Sableye, M|304\/304
|move|p1a: Brobork|Phantom Force|p2a: Sableye|[still]
|-prepare|p1a: Brobork|Phantom Force|p2a: Sableye
|
|-damage|p1a: Brobork|146\/371 tox|[from] psn
|-enditem|p1a: Brobork|Sitrus Berry|[eat]
|-heal|p1a: Brobork|238\/371 tox|[from] item: Sitrus Berry
|turn|61
|
|move|p1a: Brobork|Phantom Force|p2a: Sableye
|-damage|p2a: Sableye|201\/304
|move|p2a: Sableye|Knock Off|p1a: Brobork
|-supereffective|p1a: Brobork
|-damage|p1a: Brobork|134\/371 tox
|
|-damage|p1a: Brobork|65\/371 tox|[from] psn
|-item|p1a: Brobork|Sitrus Berry|[from] ability: Harvest
|-enditem|p1a: Brobork|Sitrus Berry|[eat]
|-heal|p1a: Brobork|157\/371 tox|[from] item: Sitrus Berry
|turn|62
|
|move|p2a: Sableye|Taunt|p1a: Brobork
|-start|p1a: Brobork|move: Taunt
|cant|p1a: Brobork|move: Taunt|Leech Seed
|
|-damage|p1a: Brobork|65\/371 tox|[from] psn
|turn|63
|
|switch|p1a: ErRoR o.O|Porygon2, shiny|305\/374 tox
|-damage|p1a: ErRoR o.O|259\/374 tox|[from] Stealth Rock
|-boost|p1a: ErRoR o.O|spa|1|[from] ability: Download
|move|p2a: Sableye|Knock Off|p1a: ErRoR o.O
|-damage|p1a: ErRoR o.O|201\/374 tox
|-enditem|p1a: ErRoR o.O|Eviolite|[from] move: Knock Off|[of] p2a: Sableye
|
|-damage|p1a: ErRoR o.O|178\/374 tox|[from] psn
|turn|64
|
|switch|p2a: STALL|Blissey, F, shiny|651\/651
|move|p1a: ErRoR o.O|Recover|p1a: ErRoR o.O
|-heal|p1a: ErRoR o.O|365\/374 tox
|
|-damage|p1a: ErRoR o.O|319\/374 tox|[from] psn
|turn|65
|c|★Heisenberg94|dat fat fuckin shit ugly count pkm -.-
|c|★Heisenberg94|diiie
|
|switch|p2a: Sableye|Sableye, M|201\/304
|move|p1a: ErRoR o.O|Tri Attack|p2a: Sableye
|-immune|p2a: Sableye|[msg]
|
|-damage|p1a: ErRoR o.O|250\/374 tox|[from] psn
|turn|66
|c|★theoddgod|yeah u cant kill it lol give up
|c|★Heisenberg94|yeah :\/
|c|★Heisenberg94|Or u gice up :*
|c|★Heisenberg94|give*
|c|★theoddgod|nah
|c|★Heisenberg94|:D
|
|switch|p2a: Crobat|Crobat, F|327\/373
|move|p1a: ErRoR o.O|Ice Beam|p2a: Crobat
|-supereffective|p2a: Crobat
|-damage|p2a: Crobat|67\/373
|
|-heal|p2a: Crobat|90\/373|[from] item: Black Sludge
|-damage|p1a: ErRoR o.O|158\/374 tox|[from] psn
|turn|67
|
|move|p2a: Crobat|Brave Bird|p1a: ErRoR o.O
|-damage|p1a: ErRoR o.O|8\/374 tox
|-damage|p2a: Crobat|40\/373|[from] recoil|[of] p1a: ErRoR o.O
|move|p1a: ErRoR o.O|Tri Attack|p2a: Crobat
|-damage|p2a: Crobat|0 fnt
|faint|p2a: Crobat
|
|-damage|p1a: ErRoR o.O|0 fnt|[from] psn
|faint|p1a: ErRoR o.O
|
|switch|p1a: Brobork|Trevenant, M, shiny|65\/371 tox
|-damage|p1a: Brobork|19\/371 tox|[from] Stealth Rock
|switch|p2a: Sableye|Sableye, M|201\/304
|turn|68
|
|move|p2a: Sableye|Taunt|p1a: Brobork
|-start|p1a: Brobork|move: Taunt
|cant|p1a: Brobork|move: Taunt|Leech Seed
|
|-damage|p1a: Brobork|0 fnt|[from] psn
|faint|p1a: Brobork
|
|switch|p1a: Chandelure|Chandelure, F|104\/261
|-damage|p1a: Chandelure|39\/261|[from] Stealth Rock
|turn|69
|
|move|p1a: Chandelure|Fire Blast|p2a: Sableye
|-damage|p2a: Sableye|0 fnt
|faint|p2a: Sableye
|
|
|switch|p2a: STALL|Blissey, F, shiny|651\/651
|turn|70
|
|move|p1a: Chandelure|Fire Blast|p2a: STALL
|-damage|p2a: STALL|516\/651
|move|p2a: STALL|Toxic|p1a: Chandelure
|-status|p1a: Chandelure|tox
|
|-heal|p2a: STALL|556\/651|[from] item: Leftovers
|-damage|p1a: Chandelure|23\/261 tox|[from] psn
|turn|71
|
|move|p1a: Chandelure|Fire Blast|p2a: STALL
|-damage|p2a: STALL|429\/651
|move|p2a: STALL|Soft-Boiled|p2a: STALL
|-heal|p2a: STALL|651\/651
|
|-damage|p1a: Chandelure|0 fnt|[from] psn
|faint|p1a: Chandelure
|
|win|theoddgod
|raw|Ladder updating...
|raw|Heisenberg94's rating: 1480 &rarr; <strong>1448<\/strong><br \/>(-32 for losing)
|raw|theoddgod's rating: 1238 &rarr; <strong>1278<\/strong><br \/>(+40 for winning)