|join|ult rh156
|join|Heisenberg94
|player|p1|ult rh156|33
|player|p2|Heisenberg94|2
|gametype|singles
|gen|6
|tier|UU
|rated
|rule|Sleep Clause Mod: Limit one foe put to sleep
|rule|Species Clause: Limit one of each Pokémon
|rule|OHKO Clause: OHKO moves are banned
|rule|Moody Clause: Moody is banned
|rule|Evasion Moves Clause: Evasion moves are banned
|rule|Endless Battle Clause: Forcing endless battles is banned
|rule|HP Percentage Mod: HP is shown in percentages
|clearpoke
|poke|p1|Infernape, M
|poke|p1|Sharpedo, M, shiny
|poke|p1|Jirachi
|poke|p1|Barbaracle, M, shiny
|poke|p1|Celebi
|poke|p1|Gligar, M, shiny
|poke|p2|Sharpedo, M
|poke|p2|Raikou
|poke|p2|Flygon, M
|poke|p2|Porygon2
|poke|p2|Krookodile, F
|poke|p2|Vaporeon, M
|rule|Swagger Clause: Swagger is banned
|rule|Baton Pass Clause: Limit one Pokémon knowing Baton Pass
|teampreview
|join|ULT BiG BiRD
|
|start
|switch|p1a: Gligar|Gligar, M, shiny|333\/333
|switch|p2a: Flygon|Flygon, M|301\/301
|turn|1
|
|move|p2a: Flygon|U-turn|p1a: Gligar
|-resisted|p1a: Gligar
|-damage|p1a: Gligar|307\/333
|
|switch|p2a: Krookodile|Krookodile, F|394\/394
|-ability|p2a: Krookodile|Intimidate|[of] p1a: Gligar
|-unboost|p1a: Gligar|atk|1
|move|p1a: Gligar|Stealth Rock|p2a: Krookodile
|-sidestart|p2: Heisenberg94|move: Stealth Rock
|
|turn|2
|join|Eyan
|
|move|p2a: Krookodile|Stealth Rock|p1a: Gligar
|-sidestart|p1: ult rh156|move: Stealth Rock
|move|p1a: Gligar|U-turn|p2a: Krookodile
|-supereffective|p2a: Krookodile
|-damage|p2a: Krookodile|318\/394
|c| ULT BiG BiRD|ayyy the barbaracle is back
|
|switch|p1a: Infernape|Infernape, M|293\/293
|-damage|p1a: Infernape|257\/293|[from] Stealth Rock
|
|-heal|p2a: Krookodile|342\/394|[from] item: Leftovers
|turn|3
|c|★ult rh156|ye
|
|switch|p2a: Vaporeon|Vaporeon, M|464\/464
|-damage|p2a: Vaporeon|406\/464|[from] Stealth Rock
|move|p1a: Infernape|Close Combat|p2a: Vaporeon
|-damage|p2a: Vaporeon|215\/464
|-unboost|p1a: Infernape|def|1
|-unboost|p1a: Infernape|spd|1
|-damage|p1a: Infernape|228\/293|[from] item: Life Orb
|
|-heal|p2a: Vaporeon|244\/464|[from] item: Leftovers
|turn|4
|c| ULT BiG BiRD|i was just thinking ape barbaracle celebi is a good core
|c| ULT BiG BiRD|then i realized fwg
|c|★ult rh156|lol
|c|★ult rh156|i didn't really thought that way when i built this team
|
|switch|p1a: Celebi|Celebi|403\/403
|-damage|p1a: Celebi|353\/403|[from] Stealth Rock
|switch|p2a: Flygon|Flygon, M|301\/301
|-damage|p2a: Flygon|283\/301|[from] Stealth Rock
|
|-heal|p1a: Celebi|378\/403|[from] item: Leftovers
|turn|5
|c| ULT BiG BiRD|im sure lol
|c|★ult rh156|actually i built it around mega absol
|c|★ult rh156|@_@
|c| ULT BiG BiRD|that mon sucks
|
|move|p2a: Flygon|U-turn|p1a: Celebi
|-supereffective|p1a: Celebi
|-damage|p1a: Celebi|150\/403
|c|★ult rh156|nah it's kinda good
|c|★ult rh156|but i just realized mega pedo works better than it on this team
|
|switch|p2a: Raikou|Raikou|321\/321
|-damage|p2a: Raikou|281\/321|[from] Stealth Rock
|-ability|p2a: Raikou|Pressure
|move|p1a: Celebi|Recover|p1a: Celebi
|-heal|p1a: Celebi|352\/403
|
|-heal|p1a: Celebi|377\/403|[from] item: Leftovers
|turn|6
|
|switch|p1a: Gligar|Gligar, M, shiny|307\/333
|-damage|p1a: Gligar|266\/333|[from] Stealth Rock
|move|p2a: Raikou|Shadow Ball|p1a: Gligar
|-damage|p1a: Gligar|177\/333
|
|turn|7
|
|switch|p2a: Flygon|Flygon, M|283\/301
|-damage|p2a: Flygon|265\/301|[from] Stealth Rock
|move|p1a: Gligar|Roost|p1a: Gligar
|-heal|p1a: Gligar|333\/333
|
|turn|8
|
|move|p2a: Flygon|U-turn|p1a: Gligar
|-resisted|p1a: Gligar
|-damage|p1a: Gligar|308\/333
|
|switch|p2a: Raikou|Raikou|281\/321
|-damage|p2a: Raikou|241\/321|[from] Stealth Rock
|-ability|p2a: Raikou|Pressure
|move|p1a: Gligar|U-turn|p2a: Raikou
|-damage|p2a: Raikou|179\/321
|
|switch|p1a: Jirachi|Jirachi|341\/341
|-damage|p1a: Jirachi|320\/341|[from] Stealth Rock
|
|turn|9
|
|move|p1a: Jirachi|U-turn|p2a: Raikou
|-damage|p2a: Raikou|97\/321
|
|switch|p1a: Gligar|Gligar, M, shiny|308\/333
|-damage|p1a: Gligar|267\/333|[from] Stealth Rock
|move|p2a: Raikou|Shadow Ball|p1a: Gligar
|-damage|p1a: Gligar|190\/333
|-unboost|p1a: Gligar|spd|1
|
|turn|10
|
|switch|p1a: Sharpedo|Sharpedo, M, shiny|281\/281
|-damage|p1a: Sharpedo|246\/281|[from] Stealth Rock
|move|p2a: Raikou|Shadow Ball|p1a: Sharpedo
|-resisted|p1a: Sharpedo
|-damage|p1a: Sharpedo|110\/281
|
|turn|11
|c|★ult rh156|holE
|
|switch|p2a: Krookodile|Krookodile, F|342\/394
|-damage|p2a: Krookodile|318\/394|[from] Stealth Rock
|-ability|p2a: Krookodile|Intimidate|[of] p1a: Sharpedo
|-unboost|p1a: Sharpedo|atk|1
|move|p1a: Sharpedo|Protect|p1a: Sharpedo
|-fail|p1a: Sharpedo
|
|-heal|p2a: Krookodile|342\/394|[from] item: Leftovers
|-boost|p1a: Sharpedo|spe|1|[from] ability: Speed Boost
|turn|12
|
|switch|p2a: Vaporeon|Vaporeon, M|244\/464
|-damage|p2a: Vaporeon|186\/464|[from] Stealth Rock
|move|p1a: Sharpedo|Destiny Bond|p1a: Sharpedo
|-singlemove|p1a: Sharpedo|Destiny Bond
|
|-heal|p2a: Vaporeon|215\/464|[from] item: Leftovers
|-boost|p1a: Sharpedo|spe|1|[from] ability: Speed Boost
|turn|13
|
|switch|p1a: Celebi|Celebi|377\/403
|-damage|p1a: Celebi|327\/403|[from] Stealth Rock
|move|p2a: Vaporeon|Wish|p2a: Vaporeon
|
|-heal|p1a: Celebi|352\/403|[from] item: Leftovers
|-heal|p2a: Vaporeon|244\/464|[from] item: Leftovers
|turn|14
|
|switch|p2a: Flygon|Flygon, M|265\/301
|-damage|p2a: Flygon|247\/301|[from] Stealth Rock
|move|p1a: Celebi|Swords Dance|p1a: Celebi
|-boost|p1a: Celebi|atk|2
|
|-heal|p2a: Flygon|301\/301|[from] move: Wish|[wisher] Vaporeon
|-heal|p1a: Celebi|377\/403|[from] item: Leftovers
|turn|15
|
|move|p2a: Flygon|U-turn|p1a: Celebi
|-supereffective|p1a: Celebi
|-damage|p1a: Celebi|153\/403
|
|switch|p2a: Krookodile|Krookodile, F|342\/394
|-damage|p2a: Krookodile|318\/394|[from] Stealth Rock
|-ability|p2a: Krookodile|Intimidate|[of] p1a: Celebi
|-unboost|p1a: Celebi|atk|1
|move|p1a: Celebi|Baton Pass|p1a: Celebi
|
|switch|p1a: Sharpedo|Sharpedo, M, shiny|110\/281
|-damage|p1a: Sharpedo|75\/281|[from] Stealth Rock
|
|-heal|p2a: Krookodile|342\/394|[from] item: Leftovers
|turn|16
|
|switch|p2a: Vaporeon|Vaporeon, M|244\/464
|-damage|p2a: Vaporeon|186\/464|[from] Stealth Rock
|move|p1a: Sharpedo|Protect|p1a: Sharpedo
|-fail|p1a: Sharpedo
|
|-heal|p2a: Vaporeon|215\/464|[from] item: Leftovers
|-boost|p1a: Sharpedo|spe|1|[from] ability: Speed Boost
|turn|17
|join|Snowballin
|
|detailschange|p1a: Sharpedo|Sharpedo-Mega, M, shiny
|-mega|p1a: Sharpedo|Sharpedo|Sharpedonite
|move|p2a: Vaporeon|Protect|p2a: Vaporeon
|-singleturn|p2a: Vaporeon|Protect
|move|p1a: Sharpedo|Crunch|p2a: Vaporeon
|-activate|p2a: Vaporeon|Protect
|
|-heal|p2a: Vaporeon|244\/464|[from] item: Leftovers
|turn|18
|
|switch|p2a: Krookodile|Krookodile, F|342\/394
|-damage|p2a: Krookodile|318\/394|[from] Stealth Rock
|-ability|p2a: Krookodile|Intimidate|[of] p1a: Sharpedo
|-unboost|p1a: Sharpedo|atk|1
|move|p1a: Sharpedo|Waterfall|p2a: Krookodile
|-supereffective|p2a: Krookodile
|-damage|p2a: Krookodile|0 fnt
|faint|p2a: Krookodile
|
|
|switch|p2a: Flygon|Flygon, M|301\/301
|-damage|p2a: Flygon|283\/301|[from] Stealth Rock
|turn|19
|
|move|p1a: Sharpedo|Protect|p1a: Sharpedo
|-singleturn|p1a: Sharpedo|Protect
|move|p2a: Flygon|U-turn|p1a: Sharpedo
|-activate|p1a: Sharpedo|Protect
|
|turn|20
|join|ULT RowDog
|
|move|p1a: Sharpedo|Crunch|p2a: Flygon
|-crit|p2a: Flygon
|-damage|p2a: Flygon|0 fnt
|faint|p2a: Flygon
|
|c| ULT BiG BiRD|wat did u think of the sub sharp
|c|★ult rh156|it's good
|c|★ult rh156|but it's more suited for teams with tspikes
|
|switch|p2a: Porygon2|Porygon2|373\/373
|-damage|p2a: Porygon2|327\/373|[from] Stealth Rock
|-ability|p2a: Porygon2|Strong Jaw|[from] ability: Trace|[of] p1a: Sharpedo
|turn|21
|c|★ult rh156|i like this one more as a lure
|
|move|p1a: Sharpedo|Protect|p1a: Sharpedo
|-singleturn|p1a: Sharpedo|Protect
|move|p2a: Porygon2|Tri Attack|p1a: Sharpedo
|-activate|p1a: Sharpedo|Protect
|
|turn|22
|
|move|p1a: Sharpedo|Destiny Bond|p1a: Sharpedo
|-singlemove|p1a: Sharpedo|Destiny Bond
|move|p2a: Porygon2|Tri Attack|p1a: Sharpedo
|-damage|p1a: Sharpedo|0 fnt
|faint|p1a: Sharpedo
|-activate|p1a: Sharpedo|Destiny Bond
|faint|p2a: Porygon2
|
|c| ULT BiG BiRD|oml
|c| ULT RowDog|oh
|c| ULT BiG BiRD|i was gonna ask after battle
|c| ULT RowDog|nb
|c| ULT BiG BiRD|"wat does it lure"
|
|switch|p1a: Infernape|Infernape, M|228\/293
|switch|p2a: Vaporeon|Vaporeon, M|244\/464
|-damage|p1a: Infernape|192\/293|[from] Stealth Rock
|-damage|p2a: Vaporeon|186\/464|[from] Stealth Rock
|turn|23
|
|switch|p1a: Celebi|Celebi|153\/403
|-damage|p1a: Celebi|103\/403|[from] Stealth Rock
|move|p2a: Vaporeon|Scald|p1a: Celebi
|-resisted|p1a: Celebi
|-damage|p1a: Celebi|52\/403
|-status|p1a: Celebi|brn
|
|-heal|p1a: Celebi|77\/403 brn|[from] item: Leftovers
|-heal|p2a: Vaporeon|215\/464|[from] item: Leftovers
|-damage|p1a: Celebi|27\/403 brn|[from] brn
|turn|24
|
|move|p1a: Celebi|Recover|p1a: Celebi
|-heal|p1a: Celebi|229\/403 brn
|move|p2a: Vaporeon|Wish|p2a: Vaporeon
|
|-heal|p1a: Celebi|254\/403 brn|[from] item: Leftovers
|-heal|p2a: Vaporeon|244\/464|[from] item: Leftovers
|-damage|p1a: Celebi|204\/403 brn|[from] brn
|turn|25
|
|move|p1a: Celebi|Recover|p1a: Celebi
|-heal|p1a: Celebi|403\/403 brn
|move|p2a: Vaporeon|Scald|p1a: Celebi
|-resisted|p1a: Celebi
|-damage|p1a: Celebi|347\/403 brn
|
|-heal|p2a: Vaporeon|464\/464|[from] move: Wish|[wisher] Vaporeon
|-heal|p1a: Celebi|372\/403 brn|[from] item: Leftovers
|-damage|p1a: Celebi|322\/403 brn|[from] brn
|turn|26
|
|switch|p2a: Raikou|Raikou|97\/321
|-damage|p2a: Raikou|57\/321|[from] Stealth Rock
|-ability|p2a: Raikou|Pressure
|move|p1a: Celebi|Swords Dance|p1a: Celebi
|-boost|p1a: Celebi|atk|2
|
|-heal|p1a: Celebi|347\/403 brn|[from] item: Leftovers
|-damage|p1a: Celebi|297\/403 brn|[from] brn
|turn|27
|
|switch|p1a: Barbaracle|Barbaracle, M, shiny|285\/285
|-damage|p1a: Barbaracle|250\/285|[from] Stealth Rock
|move|p2a: Raikou|Shadow Ball|p1a: Barbaracle
|-damage|p1a: Barbaracle|93\/285
|
|turn|28
|c| ULT RowDog|Signal Beam Raikou is in
|c| ULT RowDog|lame
|
|move|p2a: Raikou|Shadow Ball|p1a: Barbaracle
|-damage|p1a: Barbaracle|0 fnt
|faint|p1a: Barbaracle
|
|c| ULT RowDog|where the Signal Beam?
|
|switch|p1a: Jirachi|Jirachi|320\/341
|-damage|p1a: Jirachi|299\/341|[from] Stealth Rock
|turn|29
|c|★ult rh156|i also like signal beam
|c|★ult rh156|more than shadow ball tbh
|
|move|p1a: Jirachi|U-turn|p2a: Raikou
|-damage|p2a: Raikou|0 fnt
|faint|p2a: Raikou
|
|switch|p1a: Infernape|Infernape, M|192\/293
|-damage|p1a: Infernape|156\/293|[from] Stealth Rock
|
|
|switch|p2a: Vaporeon|Vaporeon, M|464\/464
|-damage|p2a: Vaporeon|406\/464|[from] Stealth Rock
|turn|30
|
|switch|p1a: Celebi|Celebi|297\/403
|-damage|p1a: Celebi|247\/403|[from] Stealth Rock
|move|p2a: Vaporeon|Scald|p1a: Celebi
|-resisted|p1a: Celebi
|-damage|p1a: Celebi|196\/403
|
|-heal|p1a: Celebi|221\/403|[from] item: Leftovers
|-heal|p2a: Vaporeon|435\/464|[from] item: Leftovers
|turn|31
|
|switch|p2a: Sharpedo|Sharpedo, M|281\/281
|-damage|p2a: Sharpedo|246\/281|[from] Stealth Rock
|move|p1a: Celebi|Recover|p1a: Celebi
|-heal|p1a: Celebi|403\/403
|
|turn|32
|
|move|p2a: Sharpedo|Crunch|p1a: Celebi
|-supereffective|p1a: Celebi
|-damage|p1a: Celebi|187\/403
|move|p1a: Celebi|Baton Pass|p1a: Celebi
|
|switch|p1a: Infernape|Infernape, M|156\/293
|-damage|p1a: Infernape|120\/293|[from] Stealth Rock
|
|-boost|p2a: Sharpedo|spe|1|[from] ability: Speed Boost
|turn|33
|c|★ult rh156|wow i underestimate celebi's bulk
|
|move|p2a: Sharpedo|Protect|p2a: Sharpedo
|-singleturn|p2a: Sharpedo|Protect
|move|p1a: Infernape|Vacuum Wave|p2a: Sharpedo
|-activate|p2a: Sharpedo|Protect
|
|-boost|p2a: Sharpedo|spe|1|[from] ability: Speed Boost
|turn|34
|c| ULT RowDog|Mega-Sharp sweeps here?
|c| ULT RowDog|if it can tank this
|c| ULT BiG BiRD|:[
|c|★ult rh156|it can't
|c|★ult rh156|he's switching
|
|switch|p2a: Vaporeon|Vaporeon, M|435\/464
|-damage|p2a: Vaporeon|377\/464|[from] Stealth Rock
|move|p1a: Infernape|Vacuum Wave|p2a: Vaporeon
|-damage|p2a: Vaporeon|299\/464
|-damage|p1a: Infernape|91\/293|[from] item: Life Orb
|
|-heal|p2a: Vaporeon|328\/464|[from] item: Leftovers
|turn|35
|
|switch|p2a: Sharpedo|Sharpedo, M|246\/281
|-damage|p2a: Sharpedo|211\/281|[from] Stealth Rock
|move|p1a: Infernape|Close Combat|p2a: Sharpedo
|-supereffective|p2a: Sharpedo
|-damage|p2a: Sharpedo|0 fnt
|-unboost|p1a: Infernape|def|1
|-unboost|p1a: Infernape|spd|1
|-damage|p1a: Infernape|62\/293|[from] item: Life Orb
|faint|p2a: Sharpedo
|
|c|★ult rh156|gg bud
|c|★Heisenberg94|gg
|
|switch|p2a: Vaporeon|Vaporeon, M|328\/464
|-damage|p2a: Vaporeon|270\/464|[from] Stealth Rock
|turn|36
|
|move|p1a: Infernape|Close Combat|p2a: Vaporeon
|-damage|p2a: Vaporeon|87\/464
|-unboost|p1a: Infernape|def|1
|-unboost|p1a: Infernape|spd|1
|-damage|p1a: Infernape|33\/293|[from] item: Life Orb
|move|p2a: Vaporeon|Scald|p1a: Infernape
|-supereffective|p1a: Infernape
|-damage|p1a: Infernape|0 fnt
|faint|p1a: Infernape
|
|-heal|p2a: Vaporeon|116\/464|[from] item: Leftovers
|
|switch|p1a: Celebi|Celebi|187\/403
|-damage|p1a: Celebi|137\/403|[from] Stealth Rock
|turn|37
|join|Prof Varrick
|
|move|p1a: Celebi|Seed Bomb|p2a: Vaporeon
|-supereffective|p2a: Vaporeon
|-damage|p2a: Vaporeon|0 fnt
|faint|p2a: Vaporeon
|
|win|ult rh156
|raw|Ladder updating...
|leave|ult rh156
|player|p1
|leave|Heisenberg94
|player|p2
|leave|ULT RowDog
|raw|ult rh156's rating: 1654 &rarr; <strong>1663<\/strong><br \/>(+9 for winning)
|raw|Heisenberg94's rating: 1447 &rarr; <strong>1437<\/strong><br \/>(-10 for losing)
|leave|Snowballin
|leave|Prof Varrick
|leave|ULT BiG BiRD