|join|Tythaeus
|join|Gary Kingler
|player|p1|Tythaeus|170
|player|p2|Gary Kingler|265
|gametype|singles
|gen|6
|tier|OU
|clearpoke
|poke|p1|Sableye, F
|poke|p1|Talonflame, M
|poke|p1|Excadrill, M
|poke|p1|Clefable, M
|poke|p1|Gastrodon, M
|poke|p1|Rotom-Wash
|poke|p2|Tyranitar, M
|poke|p2|Forretress, M
|poke|p2|Skarmory, F, shiny
|poke|p2|Snorlax, F
|poke|p2|Steelix, M
|poke|p2|Rotom-Wash
|rule|Swagger Clause: Swagger is banned
|rule|Baton Pass Clause: Limit one Pokémon knowing Baton Pass
|rule|Sleep Clause Mod: Limit one foe put to sleep
|rule|Species Clause: Limit one of each Pokémon
|rule|OHKO Clause: OHKO moves are banned
|rule|Moody Clause: Moody is banned
|rule|Evasion Moves Clause: Evasion moves are banned
|rule|Endless Battle Clause: Forcing endless battles is banned
|rule|HP Percentage Mod: HP is shown in percentages
|teampreview
|c|★Tythaeus|snor
|c|★Tythaeus|fuckin
|c|★Tythaeus|lax
|c|★Gary Kingler|lolz
|
|start
|switch|p1a: Sableye|Sableye, F|303\/303
|switch|p2a: Tyranitar|Tyranitar, M|404\/404
|-weather|Sandstorm
|turn|1
|c|★Gary Kingler|my team is crap. dont worry
|
|detailschange|p1a: Sableye|Sableye-Mega, F
|message|Sableye has Mega Evolved into Mega Sableye!
|move|p1a: Sableye|Will-O-Wisp|p2a: Tyranitar
|-status|p2a: Tyranitar|brn
|move|p2a: Tyranitar|Stealth Rock|p1a: Sableye
|move|p1a: Sableye|Stealth Rock|p2a: Tyranitar|[from]Magic Bounce
|-sidestart|p2: Gary Kingler|move: Stealth Rock
|
|-weather|Sandstorm|[upkeep]
|-damage|p1a: Sableye|285\/303|[from] sandstorm
|-damage|p2a: Tyranitar|354\/404 brn|[from] brn
|turn|2
|
|move|p1a: Sableye|Will-O-Wisp|p2a: Tyranitar
|-fail|p2a: Tyranitar|brn
|move|p2a: Tyranitar|Dragon Tail|p1a: Sableye|[miss]
|-miss|p2a: Tyranitar|p1a: Sableye
|
|-weather|Sandstorm|[upkeep]
|-damage|p1a: Sableye|267\/303|[from] sandstorm
|-damage|p2a: Tyranitar|304\/404 brn|[from] brn
|turn|3
|
|move|p1a: Sableye|Knock Off|p2a: Tyranitar
|-resisted|p2a: Tyranitar
|-damage|p2a: Tyranitar|265\/404 brn
|-enditem|p2a: Tyranitar|Smooth Rock|[from] move: Knock Off|[of] p1a: Sableye
|move|p2a: Tyranitar|Dragon Tail|p1a: Sableye
|-damage|p1a: Sableye|247\/303
|drag|p1a: Clefable|Clefable, M|394\/394
|
|-weather|Sandstorm|[upkeep]
|-damage|p2a: Tyranitar|215\/404 brn|[from] brn
|turn|4
|
|switch|p1a: Sableye|Sableye-Mega, F|247\/303
|move|p2a: Tyranitar|Stealth Rock|p1a: Sableye
|move|p1a: Sableye|Stealth Rock|p2a: Tyranitar|[from]Magic Bounce
|-fail|p2a: Tyranitar
|
|-weather|Sandstorm|[upkeep]
|-damage|p1a: Sableye|229\/303|[from] sandstorm
|-damage|p2a: Tyranitar|165\/404 brn|[from] brn
|turn|5
|
|move|p2a: Tyranitar|Earthquake|p1a: Sableye
|-damage|p1a: Sableye|199\/303
|move|p1a: Sableye|Recover|p1a: Sableye
|-heal|p1a: Sableye|303\/303
|
|-weather|Sandstorm|[upkeep]
|-damage|p1a: Sableye|285\/303|[from] sandstorm
|-damage|p2a: Tyranitar|115\/404 brn|[from] brn
|turn|6
|
|move|p1a: Sableye|Will-O-Wisp|p2a: Tyranitar
|-fail|p2a: Tyranitar|brn
|move|p2a: Tyranitar|Dragon Tail|p1a: Sableye
|-damage|p1a: Sableye|265\/303
|drag|p1a: Talonflame|Talonflame, M|317\/317
|
|-weather|Sandstorm|[upkeep]
|-damage|p1a: Talonflame|298\/317|[from] sandstorm
|-heal|p1a: Talonflame|317\/317|[from] item: Leftovers
|-damage|p2a: Tyranitar|65\/404 brn|[from] brn
|turn|7
|
|switch|p1a: Sableye|Sableye-Mega, F|265\/303
|move|p2a: Tyranitar|Dragon Tail|p1a: Sableye
|-damage|p1a: Sableye|244\/303
|drag|p1a: Rotom-Wash|Rotom-Wash|304\/304
|
|-weather|Sandstorm|[upkeep]
|-damage|p1a: Rotom-Wash|285\/304|[from] sandstorm
|-heal|p1a: Rotom-Wash|304\/304|[from] item: Leftovers
|-damage|p2a: Tyranitar|15\/404 brn|[from] brn
|turn|8
|
|switch|p1a: Sableye|Sableye-Mega, F|244\/303
|move|p2a: Tyranitar|Stealth Rock|p1a: Sableye
|move|p1a: Sableye|Stealth Rock|p2a: Tyranitar|[from]Magic Bounce
|-fail|p2a: Tyranitar
|
|-weather|none
|-damage|p2a: Tyranitar|0 fnt|[from] brn
|faint|p2a: Tyranitar
|
|switch|p2a: Rotom-Wash|Rotom-Wash|304\/304
|-damage|p2a: Rotom-Wash|266\/304|[from] Stealth Rock
|turn|9
|
|switch|p1a: Gastrodon|Gastrodon, M|426\/426
|move|p2a: Rotom-Wash|Will-O-Wisp|p1a: Gastrodon
|-status|p1a: Gastrodon|brn
|
|-damage|p1a: Gastrodon|373\/426 brn|[from] brn
|turn|10
|
|move|p2a: Rotom-Wash|Protect|p2a: Rotom-Wash
|-singleturn|p2a: Rotom-Wash|Protect
|move|p1a: Gastrodon|Scald|p2a: Rotom-Wash
|-activate|p2a: Rotom-Wash|Protect
|
|-heal|p1a: Gastrodon|399\/426 brn|[from] item: Leftovers
|-damage|p1a: Gastrodon|346\/426 brn|[from] brn
|turn|11
|c|★Tythaeus|protect?
|c|★Tythaeus|dafuq
|c|★Gary Kingler|lolololol
|
|switch|p2a: Forretress|Forretress, M|354\/354
|-damage|p2a: Forretress|310\/354|[from] Stealth Rock
|move|p1a: Gastrodon|Scald|p2a: Forretress
|-damage|p2a: Forretress|219\/354
|
|-heal|p1a: Gastrodon|372\/426 brn|[from] item: Leftovers
|-heal|p2a: Forretress|241\/354|[from] item: Leftovers
|-damage|p1a: Gastrodon|319\/426 brn|[from] brn
|turn|12
|
|switch|p1a: Sableye|Sableye-Mega, F|244\/303
|move|p2a: Forretress|Toxic Spikes|p1a: Sableye
|move|p1a: Sableye|Toxic Spikes|p2a: Forretress|[from]Magic Bounce
|-sidestart|p2: Gary Kingler|move: Toxic Spikes
|
|-heal|p2a: Forretress|263\/354|[from] item: Leftovers
|turn|13
|
|move|p2a: Forretress|Rapid Spin|p1a: Sableye
|-immune|p1a: Sableye|[msg]
|move|p1a: Sableye|Knock Off|p2a: Forretress
|-damage|p2a: Forretress|185\/354
|-enditem|p2a: Forretress|Leftovers|[from] move: Knock Off|[of] p1a: Sableye
|
|turn|14
|
|move|p2a: Forretress|Volt Switch|p1a: Sableye
|-damage|p1a: Sableye|209\/303
|
|switch|p2a: Snorlax|Snorlax, F|482\/482
|-damage|p2a: Snorlax|422\/482|[from] Stealth Rock
|move|p1a: Sableye|Will-O-Wisp|p2a: Snorlax
|-status|p2a: Snorlax|brn
|
|-damage|p2a: Snorlax|362\/482 brn|[from] brn
|turn|15
|
|move|p1a: Sableye|Knock Off|p2a: Snorlax
|-crit|p2a: Snorlax
|-damage|p2a: Snorlax|181\/482 brn
|-enditem|p2a: Snorlax|Chesto Berry|[from] move: Knock Off|[of] p1a: Sableye
|move|p2a: Snorlax|Whirlwind|p1a: Sableye
|move|p1a: Sableye|Whirlwind|p2a: Snorlax|[from]Magic Bounce
|drag|p2a: Skarmory|Skarmory, F, shiny|334\/334
|-damage|p2a: Skarmory|293\/334|[from] Stealth Rock
|
|turn|16
|
|move|p2a: Skarmory|Taunt|p1a: Sableye
|move|p1a: Sableye|Taunt|p2a: Skarmory|[from]Magic Bounce
|-start|p2a: Skarmory|move: Taunt
|move|p1a: Sableye|Recover|p1a: Sableye
|-heal|p1a: Sableye|303\/303
|
|turn|17
|c|★Tythaeus|sableye fucking walls you bro
|
|switch|p2a: Steelix|Steelix, M|354\/354
|-damage|p2a: Steelix|343\/354|[from] Stealth Rock
|move|p1a: Sableye|Will-O-Wisp|p2a: Steelix
|-status|p2a: Steelix|brn
|
|-damage|p2a: Steelix|299\/354 brn|[from] brn
|turn|18
|
|detailschange|p2a: Steelix|Steelix-Mega, M
|message|Steelix has Mega Evolved into Mega Steelix!
|move|p1a: Sableye|Knock Off|p2a: Steelix
|-damage|p2a: Steelix|266\/354 brn
|move|p2a: Steelix|Iron Head|p1a: Sableye
|-damage|p1a: Sableye|269\/303
|
|-damage|p2a: Steelix|222\/354 brn|[from] brn
|turn|19
|c|★Tythaeus|are you actually trying?
|c|★Gary Kingler|not really. just playing around with weird stuff
|c|★Tythaeus|This seems poinless...
|
|move|p1a: Sableye|Knock Off|p2a: Steelix
|-damage|p2a: Steelix|186\/354 brn
|move|p2a: Steelix|Gyro Ball|p1a: Sableye
|-damage|p1a: Sableye|254\/303
|
|-damage|p2a: Steelix|142\/354 brn|[from] brn
|turn|20
|join|UnB0lievable
|
|switch|p2a: Snorlax|Snorlax, F|181\/482 brn
|-damage|p2a: Snorlax|121\/482 brn|[from] Stealth Rock
|move|p1a: Sableye|Knock Off|p2a: Snorlax
|-damage|p2a: Snorlax|42\/482 brn
|
|-damage|p2a: Snorlax|0 fnt|[from] brn
|faint|p2a: Snorlax
|
|switch|p2a: Skarmory|Skarmory, F, shiny|293\/334
|-damage|p2a: Skarmory|252\/334|[from] Stealth Rock
|turn|21
|c|★Tythaeus|2 dead to sableye
|
|switch|p2a: Rotom-Wash|Rotom-Wash|266\/304
|-damage|p2a: Rotom-Wash|228\/304|[from] Stealth Rock
|move|p1a: Sableye|Will-O-Wisp|p2a: Rotom-Wash
|-status|p2a: Rotom-Wash|brn
|
|-damage|p2a: Rotom-Wash|190\/304 brn|[from] brn
|turn|22
|
|switch|p1a: Gastrodon|Gastrodon, M|319\/426 brn
|move|p2a: Rotom-Wash|Hydro Pump|p1a: Gastrodon
|-boost|p1a: Gastrodon|spa|1|[from] ability: Storm Drain
|
|-heal|p1a: Gastrodon|345\/426 brn|[from] item: Leftovers
|-damage|p2a: Rotom-Wash|152\/304 brn|[from] brn
|-damage|p1a: Gastrodon|292\/426 brn|[from] brn
|-enditem|p2a: Rotom-Wash|Sitrus Berry|[eat]
|-heal|p2a: Rotom-Wash|228\/304 brn|[from] item: Sitrus Berry
|turn|23
|c|★Tythaeus|?
|c|★Tythaeus|wow
|
|move|p2a: Rotom-Wash|Thunderbolt|p1a: Gastrodon
|-immune|p1a: Gastrodon|[msg]
|move|p1a: Gastrodon|Recover|p1a: Gastrodon
|-heal|p1a: Gastrodon|426\/426 brn
|
|-damage|p2a: Rotom-Wash|190\/304 brn|[from] brn
|-damage|p1a: Gastrodon|373\/426 brn|[from] brn
|turn|24
|c|★Gary Kingler|lawlz
|
|move|p2a: Rotom-Wash|Protect|p2a: Rotom-Wash
|-singleturn|p2a: Rotom-Wash|Protect
|move|p1a: Gastrodon|Scald|p2a: Rotom-Wash
|-activate|p2a: Rotom-Wash|Protect
|
|-heal|p1a: Gastrodon|399\/426 brn|[from] item: Leftovers
|-damage|p2a: Rotom-Wash|152\/304 brn|[from] brn
|-damage|p1a: Gastrodon|346\/426 brn|[from] brn
|turn|25
|c|★Tythaeus|NOW YOU PROTECT?
|
|move|p2a: Rotom-Wash|Protect|p2a: Rotom-Wash
|-fail|p2a: Rotom-Wash
|move|p1a: Gastrodon|Scald|p2a: Rotom-Wash
|-resisted|p2a: Rotom-Wash
|-damage|p2a: Rotom-Wash|110\/304 brn
|
|-heal|p1a: Gastrodon|372\/426 brn|[from] item: Leftovers
|-damage|p2a: Rotom-Wash|72\/304 brn|[from] brn
|-damage|p1a: Gastrodon|319\/426 brn|[from] brn
|turn|26
|
|move|p2a: Rotom-Wash|Protect|p2a: Rotom-Wash
|-singleturn|p2a: Rotom-Wash|Protect
|move|p1a: Gastrodon|Scald|p2a: Rotom-Wash
|-activate|p2a: Rotom-Wash|Protect
|
|-heal|p1a: Gastrodon|345\/426 brn|[from] item: Leftovers
|-damage|p2a: Rotom-Wash|34\/304 brn|[from] brn
|-damage|p1a: Gastrodon|292\/426 brn|[from] brn
|turn|27
|c|★Gary Kingler|lololololol
|
|move|p2a: Rotom-Wash|Protect|p2a: Rotom-Wash
|-fail|p2a: Rotom-Wash
|move|p1a: Gastrodon|Recover|p1a: Gastrodon
|-heal|p1a: Gastrodon|426\/426 brn
|
|-damage|p2a: Rotom-Wash|0 fnt|[from] brn
|-damage|p1a: Gastrodon|373\/426 brn|[from] brn
|faint|p2a: Rotom-Wash
|
|switch|p2a: Steelix|Steelix-Mega, M|142\/354 brn
|-damage|p2a: Steelix|131\/354 brn|[from] Stealth Rock
|turn|28
|
|move|p1a: Gastrodon|Scald|p2a: Steelix
|-supereffective|p2a: Steelix
|-damage|p2a: Steelix|0 fnt
|faint|p2a: Steelix
|
|-heal|p1a: Gastrodon|399\/426 brn|[from] item: Leftovers
|-damage|p1a: Gastrodon|346\/426 brn|[from] brn
|
|switch|p2a: Forretress|Forretress, M|185\/354
|-damage|p2a: Forretress|141\/354|[from] Stealth Rock
|turn|29
|
|move|p1a: Gastrodon|Scald|p2a: Forretress
|-damage|p2a: Forretress|18\/354
|-status|p2a: Forretress|brn
|move|p2a: Forretress|Toxic Spikes|p1a: Gastrodon
|-sidestart|p1: Tythaeus|move: Toxic Spikes
|
|-heal|p1a: Gastrodon|372\/426 brn|[from] item: Leftovers
|-damage|p1a: Gastrodon|319\/426 brn|[from] brn
|-damage|p2a: Forretress|0 fnt|[from] brn
|faint|p2a: Forretress
|
|switch|p2a: Skarmory|Skarmory, F, shiny|252\/334
|-damage|p2a: Skarmory|211\/334|[from] Stealth Rock
|turn|30
|
|move|p1a: Gastrodon|Scald|p2a: Skarmory
|-damage|p2a: Skarmory|78\/334
|move|p2a: Skarmory|Whirlwind|p1a: Gastrodon
|drag|p1a: Talonflame|Talonflame, M|317\/317
|
|turn|31
|
|move|p1a: Talonflame|Flare Blitz|p2a: Skarmory
|-supereffective|p2a: Skarmory
|-damage|p2a: Skarmory|0 fnt
|-damage|p1a: Talonflame|265\/317|[from] item: Rocky Helmet|[of] p2a: Skarmory
|-damage|p1a: Talonflame|239\/317|[from] recoil|[of] p2a: Skarmory
|faint|p2a: Skarmory
|
|win|Tythaeus
|c|★Tythaeus|lol
|c|★Tythaeus|lool
|c|★Tythaeus|loool
|c|★Gary Kingler|lawlz
|c|★Tythaeus|looool
|c|★Tythaeus|looooooooollll
|leave|Gary Kingler
|player|p2