|join|Tattooed Tooth
|join|Tythaeus
|player|p1|Tattooed Tooth|17
|player|p2|Tythaeus|96
|gametype|singles
|gen|6
|tier|OU
|clearpoke
|poke|p1|Zapdos
|poke|p1|Ferrothorn, F
|poke|p1|Politoed, M
|poke|p1|Swampert, M
|poke|p1|Hydreigon, M
|poke|p1|Machamp, F
|poke|p2|Politoed, M
|poke|p2|Swampert, F
|poke|p2|Celebi
|poke|p2|Manaphy
|poke|p2|Klefki, F
|poke|p2|Magnezone, shiny
|rule|Swagger Clause: Swagger is banned
|rule|Baton Pass Clause: Limit one Pokémon knowing Baton Pass
|rule|Sleep Clause Mod: Limit one foe put to sleep
|rule|Species Clause: Limit one of each Pokémon
|rule|OHKO Clause: OHKO moves are banned
|rule|Moody Clause: Moody is banned
|rule|Evasion Moves Clause: Evasion moves are banned
|rule|Endless Battle Clause: Forcing endless battles is banned
|rule|HP Percentage Mod: HP is shown in percentages
|teampreview
|
|start
|switch|p1a: Machamp|Machamp, F|383\/383
|switch|p2a: In The Zone|Magnezone, shiny|287\/287
|turn|1
|
|move|p2a: In The Zone|Volt Switch|p1a: Machamp
|-damage|p1a: Machamp|280\/383
|
|switch|p2a: Celebi|Celebi|404\/404
|move|p1a: Machamp|Dynamic Punch|p2a: Celebi
|-resisted|p2a: Celebi
|-damage|p2a: Celebi|304\/404
|-start|p2a: Celebi|confusion
|
|-heal|p2a: Celebi|329\/404|[from] item: Leftovers
|turn|2
|
|switch|p2a: In The Zone|Magnezone, shiny|287\/287
|switch|p1a: Hydreigon|Hydreigon, M|325\/325
|
|turn|3
|
|switch|p2a: Klefki|Klefki, F|318\/318
|move|p1a: Hydreigon|Dark Pulse|p2a: Klefki
|-resisted|p2a: Klefki
|-damage|p2a: Klefki|212\/318
|
|turn|4
|
|switch|p1a: Politoed|Politoed, M|383\/383
|-weather|RainDance
|move|p2a: Klefki|Light Screen|p2a: Klefki
|-sidestart|p2: Tythaeus|move: Light Screen
|
|-weather|RainDance|[upkeep]
|turn|5
|
|switch|p2a: Manaphy|Manaphy|378\/378
|switch|p1a: Swampert|Swampert, M|341\/341
|
|-weather|RainDance|[upkeep]
|turn|6
|
|detailschange|p1a: Swampert|Swampert-Mega, M
|-mega|p1a: Swampert|Swampert|Swampertite
|move|p2a: Manaphy|Scald|p1a: Swampert
|-damage|p1a: Swampert|157\/341
|move|p1a: Swampert|Earthquake|p2a: Manaphy
|-damage|p2a: Manaphy|158\/378
|
|-weather|RainDance|[upkeep]
|-heal|p2a: Manaphy|181\/378|[from] item: Leftovers
|turn|7
|c|★Tattooed Tooth|actually, your PS name is only in your sig >.>
|
|switch|p2a: Celebi|Celebi|329\/404
|move|p1a: Swampert|Earthquake|p2a: Celebi
|-resisted|p2a: Celebi
|-damage|p2a: Celebi|223\/404
|
|-weather|RainDance|[upkeep]
|-heal|p2a: Celebi|248\/404|[from] item: Leftovers
|turn|8
|c|★Tythaeus|The the op didnt put it in like they should've
|c|★Tythaeus|*Then
|c|★Tattooed Tooth|yeah
|c|★Tattooed Tooth|I control F'd ^^
|
|move|p1a: Swampert|Ice Punch|p2a: Celebi
|-supereffective|p2a: Celebi
|-damage|p2a: Celebi|20\/404
|move|p2a: Celebi|Stealth Rock|p1a: Swampert
|-sidestart|p1: Tattooed Tooth|move: Stealth Rock
|
|-weather|RainDance|[upkeep]
|-heal|p2a: Celebi|45\/404|[from] item: Leftovers
|turn|9
|
|move|p1a: Swampert|Earthquake|p2a: Celebi
|-resisted|p2a: Celebi
|-damage|p2a: Celebi|0 fnt
|faint|p2a: Celebi
|
|-weather|RainDance|[upkeep]
|
|switch|p2a: Doctor P|Politoed, M|384\/384
|turn|10
|
|switch|p1a: Zapdos|Zapdos|383\/383
|-damage|p1a: Zapdos|288\/383|[from] Stealth Rock
|-ability|p1a: Zapdos|Pressure
|move|p2a: Doctor P|Scald|p1a: Zapdos
|-damage|p1a: Zapdos|183\/383
|
|-weather|RainDance|[upkeep]
|turn|11
|
|switch|p2a: Beef|Swampert, F|366\/366
|move|p1a: Zapdos|Roost|p1a: Zapdos
|-heal|p1a: Zapdos|375\/383
|
|-weather|none
|-sideend|p2: Tythaeus|move: Light Screen
|turn|12
|
|detailschange|p2a: Beef|Swampert-Mega, F
|-mega|p2a: Beef|Swampert|Swampertite
|move|p1a: Zapdos|Defog|p2a: Beef
|-unboost|p2a: Beef|evasion|1
|-sideend|p1: Tattooed Tooth|Stealth Rock|[from] move: Defog|[of] p1a: Zapdos
|move|p2a: Beef|Ice Punch|p1a: Zapdos
|-crit|p1a: Zapdos
|-supereffective|p1a: Zapdos
|-damage|p1a: Zapdos|0 fnt
|faint|p1a: Zapdos
|
|
|switch|p1a: Ferrothorn|Ferrothorn, F|351\/351
|turn|13
|
|switch|p2a: In The Zone|Magnezone, shiny|287\/287
|switch|p1a: Machamp|Machamp, F|280\/383
|
|turn|14
|
|move|p2a: In The Zone|Volt Switch|p1a: Machamp
|-damage|p1a: Machamp|189\/383
|
|switch|p2a: Klefki|Klefki, F|212\/318
|move|p1a: Machamp|Dynamic Punch|p2a: Klefki
|-damage|p2a: Klefki|67\/318
|-start|p2a: Klefki|confusion
|
|turn|15
|
|-activate|p2a: Klefki|confusion
|move|p2a: Klefki|Reflect|p2a: Klefki
|-sidestart|p2: Tythaeus|Reflect
|move|p1a: Machamp|Earthquake|p2a: Klefki
|-supereffective|p2a: Klefki
|-damage|p2a: Klefki|0 fnt
|faint|p2a: Klefki
|
|
|switch|p2a: Manaphy|Manaphy|181\/378
|turn|16
|
|switch|p1a: Hydreigon|Hydreigon, M|325\/325
|move|p2a: Manaphy|Psychic|p1a: Hydreigon
|-immune|p1a: Hydreigon|[msg]
|
|-heal|p2a: Manaphy|204\/378|[from] item: Leftovers
|turn|17
|
|move|p1a: Hydreigon|Draco Meteor|p2a: Manaphy
|-damage|p2a: Manaphy|0 fnt
|-unboost|p1a: Hydreigon|spa|2
|faint|p2a: Manaphy
|
|
|switch|p2a: Beef|Swampert-Mega, F|366\/366
|turn|18
|
|switch|p1a: Ferrothorn|Ferrothorn, F|351\/351
|switch|p2a: In The Zone|Magnezone, shiny|287\/287
|
|turn|19
|
|move|p2a: In The Zone|Hidden Power|p1a: Ferrothorn
|-supereffective|p1a: Ferrothorn
|-damage|p1a: Ferrothorn|107\/351
|move|p1a: Ferrothorn|Stealth Rock|p2a: In The Zone
|-sidestart|p2: Tythaeus|move: Stealth Rock
|
|turn|20
|
|move|p2a: In The Zone|Hidden Power|p1a: Ferrothorn
|-supereffective|p1a: Ferrothorn
|-damage|p1a: Ferrothorn|0 fnt
|faint|p1a: Ferrothorn
|
|
|switch|p1a: Machamp|Machamp, F|189\/383
|turn|21
|
|move|p2a: In The Zone|Hidden Power|p1a: Machamp
|-damage|p1a: Machamp|138\/383
|move|p1a: Machamp|Dynamic Punch|p2a: In The Zone
|-supereffective|p2a: In The Zone
|-damage|p2a: In The Zone|101\/287
|-start|p2a: In The Zone|confusion
|
|turn|22
|
|-activate|p2a: In The Zone|confusion
|move|p2a: In The Zone|Hidden Power|p1a: Machamp
|-damage|p1a: Machamp|86\/383
|move|p1a: Machamp|Dynamic Punch|p2a: In The Zone
|-supereffective|p2a: In The Zone
|-damage|p2a: In The Zone|0 fnt
|faint|p2a: In The Zone
|
|-sideend|p2: Tythaeus|Reflect
|
|switch|p2a: Beef|Swampert-Mega, F|366\/366
|-damage|p2a: Beef|344\/366|[from] Stealth Rock
|turn|23
|
|move|p2a: Beef|Waterfall|p1a: Machamp
|-damage|p1a: Machamp|0 fnt
|faint|p1a: Machamp
|
|
|switch|p1a: Hydreigon|Hydreigon, M|325\/325
|turn|24
|
|switch|p2a: Doctor P|Politoed, M|384\/384
|-damage|p2a: Doctor P|336\/384|[from] Stealth Rock
|-weather|RainDance
|move|p1a: Hydreigon|Draco Meteor|p2a: Doctor P
|-damage|p2a: Doctor P|92\/384
|-unboost|p1a: Hydreigon|spa|2
|
|-weather|RainDance|[upkeep]
|turn|25
|
|switch|p1a: Politoed|Politoed, M|383\/383
|move|p2a: Doctor P|Scald|p1a: Politoed
|-resisted|p1a: Politoed
|-damage|p1a: Politoed|317\/383
|-status|p1a: Politoed|brn
|
|-weather|RainDance|[upkeep]
|-damage|p1a: Politoed|270\/383 brn|[from] brn
|turn|26
|
|move|p2a: Doctor P|Scald|p1a: Politoed
|-resisted|p1a: Politoed
|-damage|p1a: Politoed|201\/383 brn
|move|p1a: Politoed|Scald|p2a: Doctor P
|-resisted|p2a: Doctor P
|-damage|p2a: Doctor P|47\/384
|-status|p2a: Doctor P|brn
|
|-weather|RainDance|[upkeep]
|-damage|p2a: Doctor P|0 fnt|[from] brn
|-damage|p1a: Politoed|154\/383 brn|[from] brn
|faint|p2a: Doctor P
|
|switch|p2a: Beef|Swampert-Mega, F|344\/366
|-damage|p2a: Beef|322\/366|[from] Stealth Rock
|turn|27
|
|move|p2a: Beef|Earthquake|p1a: Politoed
|-damage|p1a: Politoed|0 fnt
|faint|p1a: Politoed
|
|-weather|RainDance|[upkeep]
|
|switch|p1a: Swampert|Swampert-Mega, M|157\/341
|turn|28
|
|move|p1a: Swampert|Waterfall|p2a: Beef
|-damage|p2a: Beef|78\/366
|move|p2a: Beef|Waterfall|p1a: Swampert
|-damage|p1a: Swampert|0 fnt
|faint|p1a: Swampert
|
|-weather|RainDance|[upkeep]
|c|★Tattooed Tooth|=\/
|
|switch|p1a: Hydreigon|Hydreigon, M|325\/325
|turn|29
|c|★Tythaeus|Do you run max speed on pert?
|c|★Tattooed Tooth|nope <.<
|
|move|p2a: Beef|Superpower|p1a: Hydreigon
|-supereffective|p1a: Hydreigon
|-damage|p1a: Hydreigon|0 fnt
|-unboost|p2a: Beef|atk|1
|-unboost|p2a: Beef|def|1
|faint|p1a: Hydreigon
|
|win|Tythaeus
|leave|Tattooed Tooth