|join|ben69
|join|Here to Stay
|player|p1|ben69|1
|player|p2|Here to Stay|148
|gametype|singles
|gen|6
|tier|OU
|rated
|clearpoke
|poke|p1|Manaphy
|poke|p1|Scizor, M
|poke|p1|Thundurus, M
|poke|p1|Landorus-Therian, M
|poke|p1|Gengar, M
|poke|p1|Diggersby, M
|poke|p2|Charizard, F
|poke|p2|Gothitelle, F
|poke|p2|Skarmory, F
|poke|p2|Keldeo
|poke|p2|Dragonite, F
|poke|p2|Clefable, M
|rule|Swagger Clause: Swagger is banned
|rule|Baton Pass Clause: Limit one Pokémon knowing Baton Pass
|rule|Sleep Clause Mod: Limit one foe put to sleep
|rule|Species Clause: Limit one of each Pokémon
|rule|OHKO Clause: OHKO moves are banned
|rule|Moody Clause: Moody is banned
|rule|Evasion Moves Clause: Evasion moves are banned
|rule|Endless Battle Clause: Forcing endless battles is banned
|rule|HP Percentage Mod: HP is shown in percentages
|teampreview
|
|start
|switch|p1a: Thundurus|Thundurus, M|299\/299
|switch|p2a: Keldeo|Keldeo|323\/323
|turn|1
|
|switch|p2a: Clefable|Clefable, M|394\/394
|move|p1a: Thundurus|Volt Switch|p2a: Clefable
|-damage|p2a: Clefable|294\/394
|
|switch|p1a: Gengar|Gengar, M|261\/261
|
|-heal|p2a: Clefable|318\/394|[from] item: Leftovers
|turn|2
|
|move|p2a: Clefable|Protect|p2a: Clefable
|-singleturn|p2a: Clefable|Protect
|move|p1a: Gengar|Substitute|p1a: Gengar
|-start|p1a: Gengar|Substitute
|-damage|p1a: Gengar|196\/261
|
|-heal|p2a: Clefable|342\/394|[from] item: Leftovers
|turn|3
|
|move|p1a: Gengar|Shadow Ball|p2a: Clefable
|-damage|p2a: Clefable|173\/394
|-damage|p1a: Gengar|170\/261|[from] item: Life Orb
|move|p2a: Clefable|Wish|p2a: Clefable
|
|-heal|p2a: Clefable|197\/394|[from] item: Leftovers
|turn|4
|
|switch|p2a: Skarmory|Skarmory, F|333\/333
|move|p1a: Gengar|Taunt|p2a: Skarmory
|-start|p2a: Skarmory|move: Taunt
|
|turn|5
|
|switch|p2a: Clefable|Clefable, M|197\/394
|move|p1a: Gengar|Shadow Ball|p2a: Clefable
|-damage|p2a: Clefable|29\/394
|-damage|p1a: Gengar|144\/261|[from] item: Life Orb
|
|-heal|p2a: Clefable|53\/394|[from] item: Leftovers
|turn|6
|
|move|p2a: Clefable|Protect|p2a: Clefable
|-singleturn|p2a: Clefable|Protect
|move|p1a: Gengar|Shadow Ball|p2a: Clefable
|-activate|p2a: Clefable|Protect
|
|-heal|p2a: Clefable|77\/394|[from] item: Leftovers
|turn|7
|
|move|p1a: Gengar|Shadow Ball|p2a: Clefable
|-damage|p2a: Clefable|0 fnt
|-damage|p1a: Gengar|118\/261|[from] item: Life Orb
|faint|p2a: Clefable
|
|
|switch|p2a: Keldeo|Keldeo|323\/323
|turn|8
|
|move|p1a: Gengar|Shadow Ball|p2a: Keldeo
|-crit|p2a: Keldeo
|-damage|p2a: Keldeo|6\/323
|-damage|p1a: Gengar|92\/261|[from] item: Life Orb
|move|p2a: Keldeo|Scald|p1a: Gengar
|-end|p1a: Gengar|Substitute
|
|turn|9
|
|move|p1a: Gengar|Shadow Ball|p2a: Keldeo
|-damage|p2a: Keldeo|0 fnt
|-damage|p1a: Gengar|66\/261|[from] item: Life Orb
|faint|p2a: Keldeo
|
|
|switch|p2a: Gothitelle|Gothitelle, F|281\/281
|turn|10
|
|switch|p1a: Scizor|Scizor, M|343\/343
|move|p2a: Gothitelle|Psychic|p1a: Scizor
|-resisted|p1a: Scizor
|-damage|p1a: Scizor|285\/343
|
|turn|11
|c|★Here to Stay|derp
|
|switch|p2a: Charizard|Charizard, F|297\/297
|detailschange|p1a: Scizor|Scizor-Mega, M
|-mega|p1a: Scizor|Scizor|Scizorite
|move|p1a: Scizor|U-turn|p2a: Charizard
|-crit|p2a: Charizard
|-resisted|p2a: Charizard
|-damage|p2a: Charizard|242\/297
|
|switch|p1a: Thundurus|Thundurus, M|299\/299
|
|turn|12
|
|detailschange|p2a: Charizard|Charizard-Mega-X, F
|-mega|p2a: Charizard|Charizard|Charizardite X
|move|p1a: Thundurus|Thunder Wave|p2a: Charizard
|-status|p2a: Charizard|par
|move|p2a: Charizard|Flare Blitz|p1a: Thundurus
|-damage|p1a: Thundurus|0 fnt
|-damage|p2a: Charizard|143\/297 par|[from] recoil|[of] p1a: Thundurus
|faint|p1a: Thundurus
|
|
|switch|p1a: Landorus-Therian|Landorus-Therian, M|381\/381
|-ability|p1a: Landorus-Therian|Intimidate|[of] p2a: Charizard
|-unboost|p2a: Charizard|atk|1
|turn|13
|
|switch|p2a: Dragonite|Dragonite, F|323\/323
|move|p1a: Landorus-Therian|Stealth Rock|p2a: Dragonite
|-sidestart|p2: Here to Stay|move: Stealth Rock
|
|turn|14
|
|move|p2a: Dragonite|Dragon Dance|p2a: Dragonite
|-boost|p2a: Dragonite|atk|1
|-boost|p2a: Dragonite|spe|1
|move|p1a: Landorus-Therian|Stone Edge|p2a: Dragonite
|-supereffective|p2a: Dragonite
|-damage|p2a: Dragonite|207\/323
|
|turn|15
|
|switch|p1a: Scizor|Scizor-Mega, M|285\/343
|move|p2a: Dragonite|Ice Punch|p1a: Scizor
|-resisted|p1a: Scizor
|-damage|p1a: Scizor|229\/343
|
|turn|16
|-message|Here to Stay forfeited.
|
|switch|p2a: Skarmory|Skarmory, F|333\/333
|-damage|p2a: Skarmory|292\/333|[from] Stealth Rock
|move|p1a: Scizor|Bullet Punch|p2a: Skarmory
|-resisted|p2a: Skarmory
|-damage|p2a: Skarmory|261\/333
|-damage|p1a: Scizor|172\/343|[from] item: Rocky Helmet|[of] p2a: Skarmory
|
|turn|17
|leave|Here to Stay
|
|win|ben69
|raw|Ladder updating...
|player|p2
|raw|ben69's rating: 1749 &rarr; <strong>1770<\/strong><br \/>(+21 for winning)
|raw|Here to Stay's rating: 1758 &rarr; <strong>1737<\/strong><br \/>(-21 for losing)