|join|dodmen
|join|Typhlosion271
|player|p1|dodmen|171
|player|p2|Typhlosion271|183
|gametype|singles
|gen|6
|tier|UU
|rule|Sleep Clause Mod: Limit one foe put to sleep
|rule|Species Clause: Limit one of each Pokémon
|rule|OHKO Clause: OHKO moves are banned
|rule|Moody Clause: Moody is banned
|rule|Evasion Moves Clause: Evasion moves are banned
|rule|Endless Battle Clause: Forcing endless battles is banned
|rule|HP Percentage Mod: HP is reported as percentages
|clearpoke
|poke|p1|Victini
|poke|p1|Ampharos, F
|poke|p1|Honchkrow, F
|poke|p1|Forretress, M
|poke|p1|Slowbro, M
|poke|p1|Blissey, F
|poke|p2|Slowbro, M
|poke|p2|Blissey, F, shiny
|poke|p2|Aggron, M
|poke|p2|Victini
|poke|p2|Donphan, M
|poke|p2|Crobat, F
|rule|Swagger Clause: Swagger is banned
|rule|Baton Pass Clause: Limit one Pokémon knowing Baton Pass
|teampreview
|
|start
|switch|p1a: Slowbro|Slowbro, M|391\/391
|switch|p2a: Tusks|Donphan, M|384\/384
|turn|1
|
|switch|p2a: Easter Egg|Blissey, F, shiny|704\/704
|move|p1a: Slowbro|Scald|p2a: Easter Egg
|-damage|p2a: Easter Egg|635\/704
|
|-heal|p2a: Easter Egg|679\/704|[from] item: Leftovers
|turn|2
|
|switch|p1a: Forretress|Forretress, M|354\/354
|move|p2a: Easter Egg|Toxic|p1a: Forretress
|-fail|p1a: Forretress
|
|-heal|p2a: Easter Egg|704\/704|[from] item: Leftovers
|turn|3
|
|switch|p2a: Tusks|Donphan, M|384\/384
|move|p1a: Forretress|Stealth Rock|p2a: Tusks
|-sidestart|p2: Typhlosion271|move: Stealth Rock
|
|turn|4
|
|switch|p1a: Slowbro|Slowbro, M|391\/391
|move|p2a: Tusks|Rapid Spin|p1a: Slowbro
|-damage|p1a: Slowbro|376\/391
|-damage|p2a: Tusks|320\/384|[from] item: Rocky Helmet|[of] p1a: Slowbro
|-sideend|p2: Typhlosion271|Stealth Rock|[from] move: Rapid Spin|[of] p2a: Tusks
|
|-heal|p2a: Tusks|344\/384|[from] item: Leftovers
|turn|5
|
|switch|p2a: Easter Egg|Blissey, F, shiny|704\/704
|move|p1a: Slowbro|Scald|p2a: Easter Egg
|-damage|p2a: Easter Egg|637\/704
|
|-heal|p2a: Easter Egg|681\/704|[from] item: Leftovers
|turn|6
|
|switch|p1a: Forretress|Forretress, M|354\/354
|move|p2a: Easter Egg|Wish|p2a: Easter Egg
|
|-heal|p2a: Easter Egg|704\/704|[from] item: Leftovers
|turn|7
|
|switch|p2a: Tusks|Donphan, M|344\/384
|move|p1a: Forretress|Stealth Rock|p2a: Tusks
|-sidestart|p2: Typhlosion271|move: Stealth Rock
|
|-heal|p2a: Tusks|384\/384|[from] move: Wish|[wisher] Easter Egg
|turn|8
|
|switch|p1a: Slowbro|Slowbro, M|391\/391
|move|p2a: Tusks|Rapid Spin|p1a: Slowbro
|-damage|p1a: Slowbro|377\/391
|-damage|p2a: Tusks|320\/384|[from] item: Rocky Helmet|[of] p1a: Slowbro
|-sideend|p2: Typhlosion271|Stealth Rock|[from] move: Rapid Spin|[of] p2a: Tusks
|
|-heal|p2a: Tusks|344\/384|[from] item: Leftovers
|turn|9
|chat|Typhlosion271|the loop is real
|
|switch|p2a: Paul|Slowbro, M|384\/384
|move|p1a: Slowbro|Scald|p2a: Paul
|-resisted|p2a: Paul
|-damage|p2a: Paul|322\/384
|
|-heal|p2a: Paul|346\/384|[from] item: Leftovers
|turn|10
|
|switch|p1a: Blissey|Blissey, F|714\/714
|move|p2a: Paul|Scald|p1a: Blissey
|-damage|p1a: Blissey|639\/714
|-status|p1a: Blissey|brn
|
|-heal|p1a: Blissey|683\/714 brn|[from] item: Leftovers
|-heal|p2a: Paul|370\/384|[from] item: Leftovers
|-damage|p1a: Blissey|594\/714 brn|[from] brn
|turn|11
|join|Pokemon Shits
|
|switch|p1a: Slowbro|Slowbro, M|391\/391
|switch|p2a: Don Steele|Aggron, M|344\/344
|
|turn|12
|
|detailschange|p2a: Don Steele|Aggron-Mega, M
|message|Aggron has Mega Evolved into Mega Aggron!
|move|p2a: Don Steele|Stealth Rock|p1a: Slowbro
|-sidestart|p1: dodmen|move: Stealth Rock
|move|p1a: Slowbro|Scald|p2a: Don Steele
|-damage|p2a: Don Steele|241\/344
|-status|p2a: Don Steele|brn
|
|-damage|p2a: Don Steele|198\/344 brn|[from] brn
|turn|13
|
|switch|p2a: Easter Egg|Blissey, F, shiny|704\/704
|switch|p1a: Forretress|Forretress, M|354\/354
|-damage|p1a: Forretress|310\/354|[from] Stealth Rock
|
|-heal|p1a: Forretress|332\/354|[from] item: Leftovers
|turn|14
|chat|Pokemon Shits|doodgrill
|chat|Pokemon Shits|don't lose bby
|
|switch|p2a: Fission\/Fusion|Victini|404\/404
|move|p1a: Forretress|Stealth Rock|p2a: Fission\/Fusion
|-sidestart|p2: Typhlosion271|move: Stealth Rock
|
|-heal|p1a: Forretress|354\/354|[from] item: Leftovers
|turn|15
|
|switch|p1a: Slowbro|Slowbro, M|391\/391
|-damage|p1a: Slowbro|343\/391|[from] Stealth Rock
|move|p2a: Fission\/Fusion|Trick|p1a: Slowbro
|-activate|p2a: Fission\/Fusion|move: Trick|[of] p1a: Slowbro
|-item|p1a: Slowbro|Choice Band|[from] move: Trick
|-item|p2a: Fission\/Fusion|Rocky Helmet|[from] move: Trick
|
|turn|16
|
|move|p2a: Fission\/Fusion|U-turn|p1a: Slowbro
|-crit|p1a: Slowbro
|-supereffective|p1a: Slowbro
|-damage|p1a: Slowbro|197\/391
|
|switch|p2a: Easter Egg|Blissey, F, shiny|704\/704
|-damage|p2a: Easter Egg|616\/704|[from] Stealth Rock
|move|p1a: Slowbro|Scald|p2a: Easter Egg
|-damage|p2a: Easter Egg|547\/704
|
|-heal|p2a: Easter Egg|591\/704|[from] item: Leftovers
|turn|17
|
|move|p2a: Easter Egg|Heal Bell|p2a: Easter Egg
|-cureteam|p2a: Easter Egg|[from] move: HealBell
|move|p1a: Slowbro|Scald|p2a: Easter Egg
|-damage|p2a: Easter Egg|518\/704
|-status|p2a: Easter Egg|brn
|
|-heal|p2a: Easter Egg|562\/704 brn|[from] item: Leftovers
|-damage|p2a: Easter Egg|474\/704 brn|[from] brn
|turn|18
|
|switch|p1a: Forretress|Forretress, M|354\/354
|-damage|p1a: Forretress|310\/354|[from] Stealth Rock
|move|p2a: Easter Egg|Wish|p2a: Easter Egg
|
|-heal|p2a: Easter Egg|518\/704 brn|[from] item: Leftovers
|-heal|p1a: Forretress|332\/354|[from] item: Leftovers
|-damage|p2a: Easter Egg|430\/704 brn|[from] brn
|turn|19
|
|switch|p2a: Tusks|Donphan, M|344\/384
|-damage|p2a: Tusks|320\/384|[from] Stealth Rock
|move|p1a: Forretress|Rapid Spin|p2a: Tusks
|-damage|p2a: Tusks|307\/384
|-sideend|p1: dodmen|Stealth Rock|[from] move: Rapid Spin|[of] p1a: Forretress
|
|-heal|p2a: Tusks|384\/384|[from] move: Wish|[wisher] Easter Egg
|-heal|p1a: Forretress|354\/354|[from] item: Leftovers
|turn|20
|
|switch|p1a: Slowbro|Slowbro, M|327\/391
|move|p2a: Tusks|Rapid Spin|p1a: Slowbro
|-damage|p1a: Slowbro|312\/391
|-sideend|p2: Typhlosion271|Stealth Rock|[from] move: Rapid Spin|[of] p2a: Tusks
|
|turn|21
|
|switch|p2a: Paul|Slowbro, M|384\/384
|switch|p1a: Victini|Victini|341\/341
|
|turn|22
|
|move|p1a: Victini|U-turn|p2a: Paul
|-supereffective|p2a: Paul
|-damage|p2a: Paul|254\/384
|
|switch|p1a: Ampharos|Ampharos, F|351\/351
|move|p2a: Paul|Scald|p1a: Ampharos
|-damage|p1a: Ampharos|237\/351
|-status|p1a: Ampharos|brn
|
|-heal|p2a: Paul|278\/384|[from] item: Leftovers
|-damage|p1a: Ampharos|194\/351 brn|[from] brn
|turn|23
|chat|dodmen|literally
|
|switch|p2a: Easter Egg|Blissey, F, shiny|430\/704
|detailschange|p1a: Ampharos|Ampharos-Mega, F
|message|Ampharos has Mega Evolved into Mega Ampharos!
|-ability|p1a: Ampharos|Mold Breaker
|move|p1a: Ampharos|Heal Bell|p1a: Ampharos
|-cureteam|p1a: Ampharos|[from] move: HealBell
|
|-heal|p2a: Easter Egg|474\/704|[from] item: Leftovers
|turn|24
|
|move|p1a: Ampharos|Volt Switch|p2a: Easter Egg
|-damage|p2a: Easter Egg|360\/704
|
|switch|p1a: Forretress|Forretress, M|354\/354
|move|p2a: Easter Egg|Wish|p2a: Easter Egg
|
|-heal|p2a: Easter Egg|404\/704|[from] item: Leftovers
|turn|25
|
|move|p2a: Easter Egg|Protect|p2a: Easter Egg
|-singleturn|p2a: Easter Egg|Protect
|move|p1a: Forretress|Stealth Rock|p2a: Easter Egg
|-sidestart|p2: Typhlosion271|move: Stealth Rock
|
|-heal|p2a: Easter Egg|704\/704|[from] move: Wish|[wisher] Easter Egg
|turn|26
|
|switch|p1a: Slowbro|Slowbro, M|391\/391
|move|p2a: Easter Egg|Wish|p2a: Easter Egg
|
|turn|27
|
|move|p2a: Easter Egg|Toxic|p1a: Slowbro
|-status|p1a: Slowbro|tox
|move|p1a: Slowbro|Scald|p2a: Easter Egg
|-damage|p2a: Easter Egg|626\/704
|
|-heal|p2a: Easter Egg|704\/704|[from] move: Wish|[wisher] Easter Egg
|-damage|p1a: Slowbro|367\/391 tox|[from] psn
|turn|28
|
|switch|p1a: Victini|Victini|341\/341
|move|p2a: Easter Egg|Protect|p2a: Easter Egg
|-fail|p2a: Easter Egg
|
|turn|29
|chat|Pokemon Shits|dodgrill
|chat|Pokemon Shits|pls
|
|move|p2a: Easter Egg|Protect|p2a: Easter Egg
|-singleturn|p2a: Easter Egg|Protect
|move|p1a: Victini|V-create|p2a: Easter Egg
|-activate|p2a: Easter Egg|Protect
|
|turn|30
|
|switch|p1a: Ampharos|Ampharos-Mega, F|194\/351
|-ability|p1a: Ampharos|Mold Breaker
|switch|p2a: Paul|Slowbro, M|384\/384
|-damage|p2a: Paul|336\/384|[from] Stealth Rock
|
|-heal|p2a: Paul|360\/384|[from] item: Leftovers
|turn|31
|chat|Pokemon Shits|why don't u have anything for blissey
|chat|Pokemon Shits|where's ur band hera
|chat|dodmen|idk lol
|
|switch|p2a: Easter Egg|Blissey, F, shiny|704\/704
|-damage|p2a: Easter Egg|616\/704|[from] Stealth Rock
|move|p1a: Ampharos|Volt Switch|p2a: Easter Egg
|-damage|p2a: Easter Egg|502\/704
|
|switch|p1a: Honchkrow|Honchkrow, F|341\/341
|
|-heal|p2a: Easter Egg|546\/704|[from] item: Leftovers
|turn|32
|chat|Pokemon Shits|based honch
|chat|Pokemon Shits|will win it for u
|chat|Pokemon Shits|it's k
|
|move|p2a: Easter Egg|Protect|p2a: Easter Egg
|-singleturn|p2a: Easter Egg|Protect
|move|p1a: Honchkrow|Pursuit|p2a: Easter Egg
|-activate|p2a: Easter Egg|Protect
|
|-heal|p2a: Easter Egg|590\/704|[from] item: Leftovers
|turn|33
|join|Technosis
|
|switch|p2a: Tusks|Donphan, M|384\/384
|-damage|p2a: Tusks|360\/384|[from] Stealth Rock
|move|p1a: Honchkrow|Brave Bird|p2a: Tusks
|-damage|p2a: Tusks|177\/384
|-damage|p1a: Honchkrow|281\/341|[from] recoil|[of] p2a: Tusks
|-damage|p1a: Honchkrow|247\/341|[from] item: Life Orb
|
|-heal|p2a: Tusks|201\/384|[from] item: Leftovers
|turn|34
|
|switch|p1a: Slowbro|Slowbro, M|391\/391 tox
|move|p2a: Tusks|Play Rough|p1a: Slowbro
|-damage|p1a: Slowbro|328\/391 tox
|
|-heal|p2a: Tusks|225\/384|[from] item: Leftovers
|-damage|p1a: Slowbro|304\/391 tox|[from] psn
|turn|35
|
|switch|p2a: Easter Egg|Blissey, F, shiny|590\/704
|-damage|p2a: Easter Egg|502\/704|[from] Stealth Rock
|move|p1a: Slowbro|Scald|p2a: Easter Egg
|-damage|p2a: Easter Egg|427\/704
|
|-heal|p2a: Easter Egg|471\/704|[from] item: Leftovers
|-damage|p1a: Slowbro|256\/391 tox|[from] psn
|turn|36
|
|switch|p1a: Blissey|Blissey, F|594\/714
|move|p2a: Easter Egg|Toxic|p1a: Blissey
|-status|p1a: Blissey|tox
|
|-heal|p2a: Easter Egg|515\/704|[from] item: Leftovers
|-heal|p1a: Blissey|638\/714 tox|[from] item: Leftovers
|-damage|p1a: Blissey|594\/714 tox|[from] psn
|turn|37
|
|switch|p2a: Tusks|Donphan, M|225\/384
|-damage|p2a: Tusks|201\/384|[from] Stealth Rock
|move|p1a: Blissey|Wish|p1a: Blissey
|
|-heal|p1a: Blissey|638\/714 tox|[from] item: Leftovers
|-heal|p2a: Tusks|225\/384|[from] item: Leftovers
|-damage|p1a: Blissey|550\/714 tox|[from] psn
|turn|38
|
|move|p1a: Blissey|Toxic|p2a: Tusks
|-status|p2a: Tusks|tox
|move|p2a: Tusks|Earthquake|p1a: Blissey
|-damage|p1a: Blissey|264\/714 tox
|
|-heal|p1a: Blissey|621\/714 tox|[from] move: Wish|[wisher] Blissey
|-heal|p1a: Blissey|665\/714 tox|[from] item: Leftovers
|-heal|p2a: Tusks|249\/384 tox|[from] item: Leftovers
|-damage|p1a: Blissey|533\/714 tox|[from] psn
|-damage|p2a: Tusks|225\/384 tox|[from] psn
|turn|39
|
|switch|p1a: Slowbro|Slowbro, M|386\/391 tox
|move|p2a: Tusks|Rapid Spin|p1a: Slowbro
|-crit|p1a: Slowbro
|-damage|p1a: Slowbro|362\/391 tox
|-sideend|p2: Typhlosion271|Stealth Rock|[from] move: Rapid Spin|[of] p2a: Tusks
|
|-heal|p2a: Tusks|249\/384 tox|[from] item: Leftovers
|-damage|p2a: Tusks|201\/384 tox|[from] psn
|-damage|p1a: Slowbro|338\/391 tox|[from] psn
|turn|40
|
|switch|p2a: Paul|Slowbro, M|384\/384
|switch|p1a: Forretress|Forretress, M|354\/354
|
|turn|41
|
|switch|p2a: Brobat II|Crobat, F|368\/368
|switch|p1a: Blissey|Blissey, F|533\/714
|
|-heal|p1a: Blissey|577\/714|[from] item: Leftovers
|turn|42
|
|switch|p1a: Forretress|Forretress, M|354\/354
|move|p2a: Brobat II|Brave Bird|p1a: Forretress
|-crit|p1a: Forretress
|-damage|p1a: Forretress|236\/354
|-damage|p2a: Brobat II|329\/368|[from] recoil|[of] p1a: Forretress
|
|-heal|p2a: Brobat II|352\/368|[from] item: Black Sludge
|-heal|p1a: Forretress|258\/354|[from] item: Leftovers
|turn|43
|
|move|p2a: Brobat II|Brave Bird|p1a: Forretress
|-damage|p1a: Forretress|174\/354
|-damage|p2a: Brobat II|324\/368|[from] recoil|[of] p1a: Forretress
|move|p1a: Forretress|Stealth Rock|p2a: Brobat II
|-sidestart|p2: Typhlosion271|move: Stealth Rock
|
|-heal|p2a: Brobat II|347\/368|[from] item: Black Sludge
|-heal|p1a: Forretress|196\/354|[from] item: Leftovers
|turn|44
|
|move|p2a: Brobat II|Defog|p1a: Forretress
|-unboost|p1a: Forretress|evasion|1
|-sideend|p2: Typhlosion271|Stealth Rock|[from] move: Defog|[of] p2a: Brobat II
|move|p1a: Forretress|Gyro Ball|p2a: Brobat II
|-damage|p2a: Brobat II|175\/368
|
|-heal|p2a: Brobat II|198\/368|[from] item: Black Sludge
|-heal|p1a: Forretress|218\/354|[from] item: Leftovers
|turn|45
|
|move|p2a: Brobat II|Roost|p2a: Brobat II
|-heal|p2a: Brobat II|368\/368
|move|p1a: Forretress|Stealth Rock|p2a: Brobat II
|-sidestart|p2: Typhlosion271|move: Stealth Rock
|
|-heal|p1a: Forretress|240\/354|[from] item: Leftovers
|turn|46
|
|move|p2a: Brobat II|Defog|p1a: Forretress
|-unboost|p1a: Forretress|evasion|1
|-sideend|p2: Typhlosion271|Stealth Rock|[from] move: Defog|[of] p2a: Brobat II
|move|p1a: Forretress|Volt Switch|p2a: Brobat II
|-supereffective|p2a: Brobat II
|-damage|p2a: Brobat II|272\/368
|
|switch|p1a: Ampharos|Ampharos-Mega, F|194\/351
|-ability|p1a: Ampharos|Mold Breaker
|
|-heal|p2a: Brobat II|295\/368|[from] item: Black Sludge
|turn|47
|
|move|p2a: Brobat II|U-turn|p1a: Ampharos
|-crit|p1a: Ampharos
|-damage|p1a: Ampharos|119\/351
|chat|dodmen|can you stop fucking critting me
|chat|Technosis|n
|chat|Typhlosion271|Doe it look i control this thingy
|
|switch|p2a: Easter Egg|Blissey, F, shiny|515\/704
|move|p1a: Ampharos|Volt Switch|p2a: Easter Egg
|-damage|p2a: Easter Egg|395\/704
|
|switch|p1a: Honchkrow|Honchkrow, F|247\/341
|
|-heal|p2a: Easter Egg|439\/704|[from] item: Leftovers
|turn|48
|chat|Technosis|y
|chat|Technosis|keep clicking that crit button plz
|
|move|p2a: Easter Egg|Protect|p2a: Easter Egg
|-singleturn|p2a: Easter Egg|Protect
|move|p1a: Honchkrow|Brave Bird|p2a: Easter Egg
|-activate|p2a: Easter Egg|Protect
|
|-heal|p2a: Easter Egg|483\/704|[from] item: Leftovers
|turn|49
|
|move|p1a: Honchkrow|Pursuit|p2a: Easter Egg
|-damage|p2a: Easter Egg|318\/704
|-damage|p1a: Honchkrow|213\/341|[from] item: Life Orb
|move|p2a: Easter Egg|Wish|p2a: Easter Egg
|
|-heal|p2a: Easter Egg|362\/704|[from] item: Leftovers
|turn|50
|
|switch|p1a: Blissey|Blissey, F|577\/714
|move|p2a: Easter Egg|Protect|p2a: Easter Egg
|-fail|p2a: Easter Egg
|
|-heal|p2a: Easter Egg|704\/704|[from] move: Wish|[wisher] Easter Egg
|-heal|p1a: Blissey|621\/714|[from] item: Leftovers
|turn|51
|
|switch|p2a: Don Steele|Aggron-Mega, M|198\/344
|move|p1a: Blissey|Wish|p1a: Blissey
|
|-heal|p1a: Blissey|665\/714|[from] item: Leftovers
|turn|52
|
|switch|p1a: Forretress|Forretress, M|240\/354
|move|p2a: Don Steele|Heavy Slam|p1a: Forretress
|-resisted|p1a: Forretress
|-damage|p1a: Forretress|200\/354
|
|-heal|p1a: Forretress|354\/354|[from] move: Wish|[wisher] Blissey
|turn|53
|
|switch|p2a: Fission\/Fusion|Victini|404\/404
|move|p1a: Forretress|Stealth Rock|p2a: Fission\/Fusion
|-sidestart|p2: Typhlosion271|move: Stealth Rock
|
|turn|54
|
|switch|p1a: Slowbro|Slowbro, M|391\/391 tox
|move|p2a: Fission\/Fusion|V-create|p1a: Slowbro
|-resisted|p1a: Slowbro
|-damage|p1a: Slowbro|289\/391 tox
|-unboost|p2a: Fission\/Fusion|def|1
|-unboost|p2a: Fission\/Fusion|spd|1
|-unboost|p2a: Fission\/Fusion|spe|1
|
|-damage|p1a: Slowbro|265\/391 tox|[from] psn
|turn|55
|
|move|p2a: Fission\/Fusion|U-turn|p1a: Slowbro
|-supereffective|p1a: Slowbro
|-damage|p1a: Slowbro|163\/391 tox
|
|switch|p2a: Paul|Slowbro, M|384\/384
|-damage|p2a: Paul|336\/384|[from] Stealth Rock
|move|p1a: Slowbro|Scald|p2a: Paul
|-resisted|p2a: Paul
|-damage|p2a: Paul|282\/384
|
|-heal|p2a: Paul|306\/384|[from] item: Leftovers
|-damage|p1a: Slowbro|115\/391 tox|[from] psn
|turn|56
|join|TheSacredUtopian
|
|switch|p1a: Blissey|Blissey, F|665\/714
|move|p2a: Paul|Psyshock|p1a: Blissey
|-damage|p1a: Blissey|491\/714
|
|-heal|p1a: Blissey|535\/714|[from] item: Leftovers
|-heal|p2a: Paul|330\/384|[from] item: Leftovers
|turn|57
|leave|TheSacredUtopian
|
|switch|p2a: Brobat II|Crobat, F|295\/368
|-damage|p2a: Brobat II|203\/368|[from] Stealth Rock
|move|p1a: Blissey|Wish|p1a: Blissey
|
|-heal|p2a: Brobat II|226\/368|[from] item: Black Sludge
|-heal|p1a: Blissey|579\/714|[from] item: Leftovers
|turn|58
|
|switch|p1a: Ampharos|Ampharos-Mega, F|119\/351
|-ability|p1a: Ampharos|Mold Breaker
|move|p2a: Brobat II|Defog|p1a: Ampharos
|-unboost|p1a: Ampharos|evasion|1
|-sideend|p2: Typhlosion271|Stealth Rock|[from] move: Defog|[of] p2a: Brobat II
|
|-heal|p1a: Ampharos|351\/351|[from] move: Wish|[wisher] Blissey
|-heal|p2a: Brobat II|249\/368|[from] item: Black Sludge
|turn|59
|
|move|p2a: Brobat II|U-turn|p1a: Ampharos
|-damage|p1a: Ampharos|297\/351
|
|switch|p2a: Easter Egg|Blissey, F, shiny|704\/704
|move|p1a: Ampharos|Volt Switch|p2a: Easter Egg
|-damage|p2a: Easter Egg|587\/704
|
|switch|p1a: Forretress|Forretress, M|354\/354
|
|-heal|p2a: Easter Egg|631\/704|[from] item: Leftovers
|turn|60
|
|switch|p2a: Fission\/Fusion|Victini|404\/404
|move|p1a: Forretress|Stealth Rock|p2a: Fission\/Fusion
|-sidestart|p2: Typhlosion271|move: Stealth Rock
|
|turn|61
|
|switch|p1a: Victini|Victini|341\/341
|move|p2a: Fission\/Fusion|V-create|p1a: Victini
|-crit|p1a: Victini
|-resisted|p1a: Victini
|-damage|p1a: Victini|122\/341
|-unboost|p2a: Fission\/Fusion|def|1
|-unboost|p2a: Fission\/Fusion|spd|1
|-unboost|p2a: Fission\/Fusion|spe|1
|
|turn|62
|chat|dodmen|NICE
|chat|Pokemon Shits|u get
|chat|Pokemon Shits|any hax
|chat|Pokemon Shits|at all
|
|switch|p2a: Paul|Slowbro, M|384\/384
|-damage|p2a: Paul|336\/384|[from] Stealth Rock
|move|p1a: Victini|Bolt Strike|p2a: Paul
|-supereffective|p2a: Paul
|-damage|p2a: Paul|86\/384
|
|-heal|p2a: Paul|110\/384|[from] item: Leftovers
|turn|63
|
|switch|p1a: Ampharos|Ampharos-Mega, F|297\/351
|-ability|p1a: Ampharos|Mold Breaker
|switch|p2a: Tusks|Donphan, M|201\/384 tox
|-damage|p2a: Tusks|177\/384 tox|[from] Stealth Rock
|
|-heal|p2a: Tusks|201\/384 tox|[from] item: Leftovers
|-damage|p2a: Tusks|177\/384 tox|[from] psn
|turn|64
|chat|Pokemon Shits|need more
|chat|Pokemon Shits|wp tr
|chat|Pokemon Shits|tini
|
|move|p1a: Ampharos|Dragon Pulse|p2a: Tusks
|-damage|p2a: Tusks|0 fnt
|faint|p2a: Tusks
|
|
|switch|p2a: Easter Egg|Blissey, F, shiny|631\/704
|-damage|p2a: Easter Egg|543\/704|[from] Stealth Rock
|turn|65
|
|move|p1a: Ampharos|Heal Bell|p1a: Ampharos
|-cureteam|p1a: Ampharos|[from] move: HealBell
|move|p2a: Easter Egg|Wish|p2a: Easter Egg
|
|-heal|p2a: Easter Egg|587\/704|[from] item: Leftovers
|turn|66
|chat|Pokemon Shits|where's ur focus miss
|
|switch|p2a: Fission\/Fusion|Victini|404\/404
|-damage|p2a: Fission\/Fusion|303\/404|[from] Stealth Rock
|move|p1a: Ampharos|Volt Switch|p2a: Fission\/Fusion
|-damage|p2a: Fission\/Fusion|155\/404
|chat|Pokemon Shits|doodgrill pls
|
|switch|p1a: Honchkrow|Honchkrow, F|213\/341
|
|-heal|p2a: Fission\/Fusion|404\/404|[from] move: Wish|[wisher] Easter Egg
|turn|67
|
|move|p1a: Honchkrow|Sucker Punch|p2a: Fission\/Fusion
|-supereffective|p2a: Fission\/Fusion
|-damage|p2a: Fission\/Fusion|69\/404
|-damage|p1a: Honchkrow|157\/341|[from] item: Rocky Helmet|[of] p2a: Fission\/Fusion
|-damage|p1a: Honchkrow|123\/341|[from] item: Life Orb
|move|p2a: Fission\/Fusion|Bolt Strike|p1a: Honchkrow
|-supereffective|p1a: Honchkrow
|-damage|p1a: Honchkrow|0 fnt
|faint|p1a: Honchkrow
|
|chat|Pokemon Shits|rekt
|chat|Pokemon Shits|kek
|chat|Pokemon Shits|nice n choke
|
|switch|p1a: Ampharos|Ampharos-Mega, F|297\/351
|-ability|p1a: Ampharos|Mold Breaker
|turn|68
|leave|Pokemon Shits
|join|av feebas
|chat|av feebas|scoutin these teams
|
|move|p2a: Fission\/Fusion|U-turn|p1a: Ampharos
|-damage|p1a: Ampharos|229\/351
|chat|dodmen|all his mons have scope lens
|chat|dodmen|so that's helpeful to know
|
|switch|p2a: Easter Egg|Blissey, F, shiny|587\/704
|-damage|p2a: Easter Egg|499\/704|[from] Stealth Rock
|move|p1a: Ampharos|Volt Switch|p2a: Easter Egg
|-damage|p2a: Easter Egg|378\/704
|
|switch|p1a: Victini|Victini|122\/341
|
|-heal|p2a: Easter Egg|422\/704|[from] item: Leftovers
|turn|69
|
|move|p2a: Easter Egg|Protect|p2a: Easter Egg
|-singleturn|p2a: Easter Egg|Protect
|move|p1a: Victini|V-create|p2a: Easter Egg
|-activate|p2a: Easter Egg|Protect
|
|-heal|p2a: Easter Egg|466\/704|[from] item: Leftovers
|turn|70
|
|switch|p2a: Paul|Slowbro, M|238\/384
|-damage|p2a: Paul|190\/384|[from] Stealth Rock
|move|p1a: Victini|V-create|p2a: Paul
|-resisted|p2a: Paul
|-damage|p2a: Paul|44\/384
|-unboost|p1a: Victini|def|1
|-unboost|p1a: Victini|spd|1
|-unboost|p1a: Victini|spe|1
|
|-heal|p2a: Paul|68\/384|[from] item: Leftovers
|turn|71
|join|Nash's Eyes
|
|switch|p2a: Fission\/Fusion|Victini|69\/404
|-damage|p2a: Fission\/Fusion|0 fnt|[from] Stealth Rock
|faint|p2a: Fission\/Fusion
|move|p1a: Victini|V-create|p2: Fission\/Fusion|[notarget]
|-notarget
|
|
|switch|p2a: Brobat II|Crobat, F|249\/368
|-damage|p2a: Brobat II|157\/368|[from] Stealth Rock
|turn|72
|
|switch|p1a: Ampharos|Ampharos-Mega, F|229\/351
|-ability|p1a: Ampharos|Mold Breaker
|move|p2a: Brobat II|Defog|p1a: Ampharos
|-unboost|p1a: Ampharos|evasion|1
|-sideend|p2: Typhlosion271|Stealth Rock|[from] move: Defog|[of] p2a: Brobat II
|
|-heal|p2a: Brobat II|180\/368|[from] item: Black Sludge
|turn|73
|join|Wretched Star
|
|move|p2a: Brobat II|Roost|p2a: Brobat II
|-heal|p2a: Brobat II|364\/368
|move|p1a: Ampharos|Volt Switch|p2a: Brobat II
|-damage|p2a: Brobat II|193\/368
|
|switch|p1a: Slowbro|Slowbro, M|245\/391
|
|-heal|p2a: Brobat II|216\/368|[from] item: Black Sludge
|turn|74
|
|move|p2a: Brobat II|U-turn|p1a: Slowbro
|-supereffective|p1a: Slowbro
|-damage|p1a: Slowbro|177\/391
|join|Froggyboy
|
|switch|p2a: Easter Egg|Blissey, F, shiny|466\/704
|move|p1a: Slowbro|Scald|p2a: Easter Egg
|-damage|p2a: Easter Egg|400\/704
|-status|p2a: Easter Egg|brn
|
|-heal|p2a: Easter Egg|444\/704 brn|[from] item: Leftovers
|-damage|p2a: Easter Egg|356\/704 brn|[from] brn
|turn|75
|
|switch|p1a: Forretress|Forretress, M|354\/354
|move|p2a: Easter Egg|Wish|p2a: Easter Egg
|
|-heal|p2a: Easter Egg|400\/704 brn|[from] item: Leftovers
|-damage|p2a: Easter Egg|312\/704 brn|[from] brn
|turn|76
|join|Torm
|
|switch|p2a: Paul|Slowbro, M|196\/384
|move|p1a: Forretress|Stealth Rock|p2a: Paul
|-sidestart|p2: Typhlosion271|move: Stealth Rock
|
|-heal|p2a: Paul|384\/384|[from] move: Wish|[wisher] Easter Egg
|turn|77
|
|switch|p1a: Blissey|Blissey, F|579\/714
|move|p2a: Paul|Calm Mind|p2a: Paul
|-boost|p2a: Paul|spa|1
|-boost|p2a: Paul|spd|1
|
|-heal|p1a: Blissey|623\/714|[from] item: Leftovers
|turn|78
|leave|Torm
|
|move|p1a: Blissey|Toxic|p2a: Paul
|-status|p2a: Paul|tox
|move|p2a: Paul|Calm Mind|p2a: Paul
|-boost|p2a: Paul|spa|1
|-boost|p2a: Paul|spd|1
|
|-heal|p1a: Blissey|667\/714|[from] item: Leftovers
|-damage|p2a: Paul|360\/384 tox|[from] psn
|turn|79
|
|move|p1a: Blissey|Wish|p1a: Blissey
|move|p2a: Paul|Calm Mind|p2a: Paul
|-boost|p2a: Paul|spa|1
|-boost|p2a: Paul|spd|1
|
|-heal|p1a: Blissey|711\/714|[from] item: Leftovers
|-heal|p2a: Paul|384\/384 tox|[from] item: Leftovers
|-damage|p2a: Paul|336\/384 tox|[from] psn
|turn|80
|join|tryingmabest
|
|move|p1a: Blissey|Seismic Toss|p2a: Paul
|-damage|p2a: Paul|236\/384 tox
|move|p2a: Paul|Calm Mind|p2a: Paul
|-boost|p2a: Paul|spa|1
|-boost|p2a: Paul|spd|1
|
|-heal|p1a: Blissey|714\/714|[from] move: Wish|[wisher] Blissey
|-heal|p2a: Paul|260\/384 tox|[from] item: Leftovers
|-damage|p2a: Paul|188\/384 tox|[from] psn
|turn|81
|
|move|p1a: Blissey|Seismic Toss|p2a: Paul
|-damage|p2a: Paul|88\/384 tox
|move|p2a: Paul|Psyshock|p1a: Blissey
|-damage|p1a: Blissey|143\/714
|
|-heal|p1a: Blissey|187\/714|[from] item: Leftovers
|-heal|p2a: Paul|112\/384 tox|[from] item: Leftovers
|-damage|p2a: Paul|16\/384 tox|[from] psn
|turn|82
|
|switch|p2a: Easter Egg|Blissey, F, shiny|312\/704
|-damage|p2a: Easter Egg|224\/704|[from] Stealth Rock
|move|p1a: Blissey|Seismic Toss|p2a: Easter Egg
|-damage|p2a: Easter Egg|124\/704
|
|-heal|p1a: Blissey|231\/714|[from] item: Leftovers
|-heal|p2a: Easter Egg|168\/704|[from] item: Leftovers
|turn|83
|
|move|p2a: Easter Egg|Wish|p2a: Easter Egg
|move|p1a: Blissey|Soft-Boiled|p1a: Blissey
|-heal|p1a: Blissey|588\/714
|
|-heal|p2a: Easter Egg|212\/704|[from] item: Leftovers
|-heal|p1a: Blissey|632\/714|[from] item: Leftovers
|turn|84
|
|move|p1a: Blissey|Wish|p1a: Blissey
|move|p2a: Easter Egg|Toxic|p1a: Blissey
|-status|p1a: Blissey|tox
|
|-heal|p2a: Easter Egg|564\/704|[from] move: Wish|[wisher] Easter Egg
|-heal|p1a: Blissey|676\/714 tox|[from] item: Leftovers
|-heal|p2a: Easter Egg|608\/704|[from] item: Leftovers
|-damage|p1a: Blissey|632\/714 tox|[from] psn
|turn|85
|
|switch|p1a: Victini|Victini|122\/341
|move|p2a: Easter Egg|Toxic|p1a: Victini
|-status|p1a: Victini|tox
|
|-heal|p1a: Victini|341\/341 tox|[from] move: Wish|[wisher] Blissey
|-heal|p2a: Easter Egg|652\/704|[from] item: Leftovers
|-damage|p1a: Victini|320\/341 tox|[from] psn
|turn|86
|
|move|p2a: Easter Egg|Protect|p2a: Easter Egg
|-singleturn|p2a: Easter Egg|Protect
|move|p1a: Victini|V-create|p2a: Easter Egg
|-activate|p2a: Easter Egg|Protect
|
|-heal|p2a: Easter Egg|696\/704|[from] item: Leftovers
|-damage|p1a: Victini|278\/341 tox|[from] psn
|turn|87
|
|move|p1a: Victini|V-create|p2a: Easter Egg
|-damage|p2a: Easter Egg|0 fnt
|-unboost|p1a: Victini|def|1
|-unboost|p1a: Victini|spd|1
|-unboost|p1a: Victini|spe|1
|faint|p2a: Easter Egg
|
|-damage|p1a: Victini|215\/341 tox|[from] psn
|leave|Typhlosion271
|player|p2
|chat|dodmen|poopyhead
|chat|dodmen|>poopyhead
|chat|dodmen|oml showdown
|player|p1|Dudeman130498|171
|player|p1|dodmen|171
|leave|Technosis
|leave|Froggyboy
|leave|tryingmabest
|-message|Player 2 lost due to inactivity.
|
|win|dodmen