|join|Typhlosion271
|join|dabeast2003
|player|p1|Typhlosion271|183
|player|p2|dabeast2003|293
|gametype|singles
|gen|6
|tier|UU
|rule|Sleep Clause Mod: Limit one foe put to sleep
|rule|Species Clause: Limit one of each Pokémon
|rule|OHKO Clause: OHKO moves are banned
|rule|Moody Clause: Moody is banned
|rule|Evasion Moves Clause: Evasion moves are banned
|rule|Endless Battle Clause: Forcing endless battles is banned
|rule|HP Percentage Mod: HP is reported as percentages
|clearpoke
|poke|p1|Slowbro, M
|poke|p1|Blissey, F, shiny
|poke|p1|Aggron, M
|poke|p1|Victini
|poke|p1|Donphan, M
|poke|p1|Crobat, M
|poke|p2|Forretress, F, shiny
|poke|p2|Victini, shiny
|poke|p2|Crobat, F
|poke|p2|Swampert, M, shiny
|poke|p2|Ampharos, M, shiny
|poke|p2|Umbreon, F, shiny
|rule|Swagger Clause: Swagger is banned
|rule|Baton Pass Clause: Limit one Pokémon knowing Baton Pass
|teampreview
|chat|Typhlosion271|errrr.....dat look like king uu.....
|
|start
|switch|p1a: Tusks|Donphan, M|384\/384
|switch|p2a: balls of gold|Forretress, F, shiny|354\/354
|turn|1
|
|move|p1a: Tusks|Earthquake|p2a: balls of gold
|-damage|p2a: balls of gold|263\/354
|move|p2a: balls of gold|Toxic Spikes|p1a: Tusks
|-sidestart|p1: Typhlosion271|move: Toxic Spikes
|
|-heal|p2a: balls of gold|285\/354|[from] item: Leftovers
|turn|2
|
|switch|p2a: blue swamp monster|Swampert, M, shiny|404\/404
|move|p1a: Tusks|Rapid Spin|p2a: blue swamp monster
|-damage|p2a: blue swamp monster|384\/404
|-sideend|p1: Typhlosion271|Toxic Spikes|[from] move: Rapid Spin|[of] p1a: Tusks
|
|-heal|p2a: blue swamp monster|404\/404|[from] item: Leftovers
|turn|3
|join|TheSacredUtopian
|
|switch|p1a: Paul|Slowbro, M|384\/384
|move|p2a: blue swamp monster|Waterfall|p1a: Paul
|-resisted|p1a: Paul
|-damage|p1a: Paul|350\/384
|
|-heal|p1a: Paul|374\/384|[from] item: Leftovers
|turn|4
|join|King UU
|join|SmashBrosBrawl
|leave|TheSacredUtopian
|
|move|p2a: blue swamp monster|Toxic|p1a: Paul
|-status|p1a: Paul|tox
|move|p1a: Paul|Scald|p2a: blue swamp monster
|-crit|p2a: blue swamp monster
|-damage|p2a: blue swamp monster|251\/404
|-status|p2a: blue swamp monster|brn
|
|-heal|p2a: blue swamp monster|276\/404 brn|[from] item: Leftovers
|-heal|p1a: Paul|384\/384 tox|[from] item: Leftovers
|-damage|p2a: blue swamp monster|226\/404 brn|[from] brn
|-damage|p1a: Paul|360\/384 tox|[from] psn
|turn|5
|join|FlamingArcanine75
|leave|FlamingArcanine75
|chat|SmashBrosBrawl|>putting nicknames on someone else team
|chat|Typhlosion271|what is this...
|
|switch|p2a: SHIINY|Umbreon, F, shiny|394\/394
|switch|p1a: Easter Egg|Blissey, F, shiny|704\/704
|
|turn|6
|chat|dabeast2003|yeah I don't give a crap I just did it
|
|move|p2a: SHIINY|Wish|p2a: SHIINY
|move|p1a: Easter Egg|Heal Bell|p1a: Easter Egg
|-cureteam|p1a: Easter Egg|[from] move: HealBell
|
|turn|7
|chat|dabeast2003|i may not be using my own team but i suck at buildng
|chat|Typhlosion271|But the uber frustrating volturn...
|
|move|p2a: SHIINY|Heal Bell|p2a: SHIINY
|-cureteam|p2a: SHIINY|[from] move: HealBell
|move|p1a: Easter Egg|Toxic|p2a: SHIINY
|-status|p2a: SHIINY|tox
|-status|p1a: Easter Egg|tox
|
|-damage|p2a: SHIINY|370\/394 tox|[from] psn
|-damage|p1a: Easter Egg|660\/704 tox|[from] psn
|turn|8
|
|switch|p1a: Fission\/Fusion|Victini|404\/404
|move|p2a: SHIINY|Heal Bell|p2a: SHIINY
|-cureteam|p2a: SHIINY|[from] move: HealBell
|
|-heal|p2a: SHIINY|394\/394|[from] item: Leftovers
|turn|9
|chat|dabeast2003|banded tini
|
|move|p1a: Fission\/Fusion|U-turn|p2a: SHIINY
|-supereffective|p2a: SHIINY
|-damage|p2a: SHIINY|170\/394
|
|switch|p1a: Brobat II|Crobat, M|368\/368
|move|p2a: SHIINY|Foul Play|p1a: Brobat II
|-damage|p1a: Brobat II|230\/368
|
|-heal|p1a: Brobat II|253\/368|[from] item: Black Sludge
|-heal|p2a: SHIINY|194\/394|[from] item: Leftovers
|turn|10
|leave|SmashBrosBrawl
|
|move|p1a: Brobat II|U-turn|p2a: SHIINY
|-supereffective|p2a: SHIINY
|-damage|p2a: SHIINY|94\/394
|
|switch|p1a: Don Steele|Aggron, M|344\/344
|move|p2a: SHIINY|Wish|p2a: SHIINY
|
|-heal|p2a: SHIINY|118\/394|[from] item: Leftovers
|turn|11
|join|SmashBrosBrawl
|chat|dabeast2003|not banded thank god
|
|detailschange|p1a: Don Steele|Aggron-Mega, M
|message|Aggron has Mega Evolved into Mega Aggron!
|move|p2a: SHIINY|Protect|p2a: SHIINY
|-singleturn|p2a: SHIINY|Protect
|move|p1a: Don Steele|Stealth Rock|p2a: SHIINY
|-sidestart|p2: dabeast2003|move: Stealth Rock
|
|-heal|p2a: SHIINY|315\/394|[from] move: Wish|[wisher] SHIINY
|-heal|p2a: SHIINY|339\/394|[from] item: Leftovers
|turn|12
|
|switch|p2a: balls of gold|Forretress, F, shiny|285\/354
|-damage|p2a: balls of gold|241\/354|[from] Stealth Rock
|move|p1a: Don Steele|Earthquake|p2a: balls of gold
|-damage|p2a: balls of gold|175\/354
|
|-heal|p2a: balls of gold|197\/354|[from] item: Leftovers
|turn|13
|
|switch|p1a: Fission\/Fusion|Victini|404\/404
|move|p2a: balls of gold|Spikes|p1a: Fission\/Fusion
|-sidestart|p1: Typhlosion271|Spikes
|
|-heal|p2a: balls of gold|219\/354|[from] item: Leftovers
|turn|14
|
|switch|p2a: brobat|Crobat, F|311\/311
|-damage|p2a: brobat|234\/311|[from] Stealth Rock
|move|p1a: Fission\/Fusion|V-create|p2a: brobat
|-damage|p2a: brobat|0 fnt
|-unboost|p1a: Fission\/Fusion|def|1
|-unboost|p1a: Fission\/Fusion|spd|1
|-unboost|p1a: Fission\/Fusion|spe|1
|faint|p2a: brobat
|
|chat|dabeast2003|misclick
|chat|dabeast2003|crap
|
|switch|p2a: debuffed zekrom|Ampharos, M, shiny|384\/384
|-damage|p2a: debuffed zekrom|336\/384|[from] Stealth Rock
|turn|15
|
|switch|p1a: Easter Egg|Blissey, F, shiny|660\/704
|-damage|p1a: Easter Egg|572\/704|[from] Spikes
|detailschange|p2a: debuffed zekrom|Ampharos-Mega, M, shiny
|message|Ampharos has Mega Evolved into Mega Ampharos!
|-ability|p2a: debuffed zekrom|Mold Breaker
|move|p2a: debuffed zekrom|Dragon Pulse|p1a: Easter Egg
|-damage|p1a: Easter Egg|424\/704
|
|-heal|p1a: Easter Egg|468\/704|[from] item: Leftovers
|turn|16
|chat|dabeast2003|the bliss shenanejans
|
|switch|p2a: balls of gold|Forretress, F, shiny|219\/354
|-damage|p2a: balls of gold|175\/354|[from] Stealth Rock
|move|p1a: Easter Egg|Protect|p1a: Easter Egg
|-fail|p1a: Easter Egg
|
|-heal|p1a: Easter Egg|512\/704|[from] item: Leftovers
|-heal|p2a: balls of gold|197\/354|[from] item: Leftovers
|turn|17
|
|switch|p1a: Tusks|Donphan, M|384\/384
|-damage|p1a: Tusks|336\/384|[from] Spikes
|move|p2a: balls of gold|Rapid Spin|p1a: Tusks
|-damage|p1a: Tusks|324\/384
|-sideend|p2: dabeast2003|Stealth Rock|[from] move: Rapid Spin|[of] p2a: balls of gold
|
|-heal|p1a: Tusks|348\/384|[from] item: Leftovers
|-heal|p2a: balls of gold|219\/354|[from] item: Leftovers
|turn|18
|
|move|p1a: Tusks|Rapid Spin|p2a: balls of gold
|-resisted|p2a: balls of gold
|-damage|p2a: balls of gold|213\/354
|-sideend|p1: Typhlosion271|Spikes|[from] move: Rapid Spin|[of] p1a: Tusks
|move|p2a: balls of gold|Toxic Spikes|p1a: Tusks
|-sidestart|p1: Typhlosion271|move: Toxic Spikes
|
|-heal|p1a: Tusks|372\/384|[from] item: Leftovers
|-heal|p2a: balls of gold|235\/354|[from] item: Leftovers
|turn|19
|
|move|p1a: Tusks|Rapid Spin|p2a: balls of gold
|-resisted|p2a: balls of gold
|-damage|p2a: balls of gold|229\/354
|-sideend|p1: Typhlosion271|Toxic Spikes|[from] move: Rapid Spin|[of] p1a: Tusks
|move|p2a: balls of gold|Spikes|p1a: Tusks
|-sidestart|p1: Typhlosion271|Spikes
|
|-heal|p1a: Tusks|384\/384|[from] item: Leftovers
|-heal|p2a: balls of gold|251\/354|[from] item: Leftovers
|turn|20
|join|BLDR2
|
|switch|p2a: blue swamp monster|Swampert, M, shiny|226\/404
|move|p1a: Tusks|Earthquake|p2a: blue swamp monster
|-damage|p2a: blue swamp monster|91\/404
|
|-heal|p2a: blue swamp monster|116\/404|[from] item: Leftovers
|turn|21
|
|switch|p2a: SHIINY|Umbreon, F, shiny|339\/394
|switch|p1a: Paul|Slowbro, M|384\/384
|-damage|p1a: Paul|336\/384|[from] Spikes
|
|-heal|p2a: SHIINY|363\/394|[from] item: Leftovers
|-heal|p1a: Paul|360\/384|[from] item: Leftovers
|turn|22
|
|move|p2a: SHIINY|Foul Play|p1a: Paul
|-supereffective|p1a: Paul
|-damage|p1a: Paul|270\/384
|move|p1a: Paul|Calm Mind|p1a: Paul
|-boost|p1a: Paul|spa|1
|-boost|p1a: Paul|spd|1
|
|-heal|p2a: SHIINY|387\/394|[from] item: Leftovers
|-heal|p1a: Paul|294\/384|[from] item: Leftovers
|turn|23
|
|move|p2a: SHIINY|Foul Play|p1a: Paul
|-supereffective|p1a: Paul
|-damage|p1a: Paul|208\/384
|move|p1a: Paul|Scald|p2a: SHIINY
|-damage|p2a: SHIINY|297\/394
|-status|p2a: SHIINY|brn
|-status|p1a: Paul|brn
|
|-heal|p2a: SHIINY|321\/394 brn|[from] item: Leftovers
|-heal|p1a: Paul|232\/384 brn|[from] item: Leftovers
|-damage|p2a: SHIINY|272\/394 brn|[from] brn
|-damage|p1a: Paul|184\/384 brn|[from] brn
|turn|24
|
|move|p2a: SHIINY|Heal Bell|p2a: SHIINY
|-cureteam|p2a: SHIINY|[from] move: HealBell
|move|p1a: Paul|Slack Off|p1a: Paul
|-heal|p1a: Paul|376\/384 brn
|
|-heal|p2a: SHIINY|296\/394|[from] item: Leftovers
|-heal|p1a: Paul|384\/384 brn|[from] item: Leftovers
|-damage|p1a: Paul|336\/384 brn|[from] brn
|turn|25
|
|move|p2a: SHIINY|Wish|p2a: SHIINY
|move|p1a: Paul|Calm Mind|p1a: Paul
|-boost|p1a: Paul|spa|1
|-boost|p1a: Paul|spd|1
|
|-heal|p2a: SHIINY|320\/394|[from] item: Leftovers
|-heal|p1a: Paul|360\/384 brn|[from] item: Leftovers
|-damage|p1a: Paul|312\/384 brn|[from] brn
|turn|26
|
|switch|p2a: balls of gold|Forretress, F, shiny|251\/354
|move|p1a: Paul|Scald|p2a: balls of gold
|-damage|p2a: balls of gold|0 fnt
|faint|p2a: balls of gold
|
|-heal|p1a: Paul|336\/384 brn|[from] item: Leftovers
|-damage|p1a: Paul|288\/384 brn|[from] brn
|
|switch|p2a: debuffed zekrom|Ampharos-Mega, M, shiny|336\/384
|-ability|p2a: debuffed zekrom|Mold Breaker
|turn|27
|
|switch|p1a: Tusks|Donphan, M|384\/384
|-damage|p1a: Tusks|336\/384|[from] Spikes
|move|p2a: debuffed zekrom|Volt Switch|p1a: Tusks
|-immune|p1a: Tusks|[msg]
|
|-heal|p1a: Tusks|360\/384|[from] item: Leftovers
|turn|28
|
|switch|p2a: blue swamp monster|Swampert, M, shiny|116\/404
|move|p1a: Tusks|Earthquake|p2a: blue swamp monster
|-damage|p2a: blue swamp monster|0 fnt
|faint|p2a: blue swamp monster
|
|-heal|p1a: Tusks|384\/384|[from] item: Leftovers
|
|switch|p2a: debuffed zekrom|Ampharos-Mega, M, shiny|336\/384
|-ability|p2a: debuffed zekrom|Mold Breaker
|turn|29
|
|move|p1a: Tusks|Earthquake|p2a: debuffed zekrom
|-supereffective|p2a: debuffed zekrom
|-damage|p2a: debuffed zekrom|54\/384
|move|p2a: debuffed zekrom|Dragon Pulse|p1a: Tusks
|-damage|p1a: Tusks|75\/384
|
|-heal|p1a: Tusks|99\/384|[from] item: Leftovers
|turn|30
|
|switch|p2a: SHIINY|Umbreon, F, shiny|320\/394
|move|p1a: Tusks|Ice Shard|p2a: SHIINY
|-damage|p2a: SHIINY|281\/394
|
|-heal|p2a: SHIINY|305\/394|[from] item: Leftovers
|-heal|p1a: Tusks|123\/384|[from] item: Leftovers
|turn|31
|
|move|p2a: SHIINY|Wish|p2a: SHIINY
|move|p1a: Tusks|Rapid Spin|p2a: SHIINY
|-damage|p2a: SHIINY|285\/394
|-sideend|p1: Typhlosion271|Spikes|[from] move: Rapid Spin|[of] p1a: Tusks
|
|-heal|p2a: SHIINY|309\/394|[from] item: Leftovers
|-heal|p1a: Tusks|147\/384|[from] item: Leftovers
|turn|32
|
|move|p2a: SHIINY|Foul Play|p1a: Tusks
|-damage|p1a: Tusks|47\/384
|move|p1a: Tusks|Earthquake|p2a: SHIINY
|-damage|p2a: SHIINY|162\/394
|
|-heal|p2a: SHIINY|359\/394|[from] move: Wish|[wisher] SHIINY
|-heal|p2a: SHIINY|383\/394|[from] item: Leftovers
|-heal|p1a: Tusks|71\/384|[from] item: Leftovers
|turn|33
|
|switch|p1a: Fission\/Fusion|Victini|404\/404
|move|p2a: SHIINY|Foul Play|p1a: Fission\/Fusion
|-supereffective|p1a: Fission\/Fusion
|-damage|p1a: Fission\/Fusion|92\/404
|
|-heal|p2a: SHIINY|394\/394|[from] item: Leftovers
|turn|34
|
|move|p1a: Fission\/Fusion|Trick|p2a: SHIINY
|-activate|p1a: Fission\/Fusion|move: Trick|[of] p2a: SHIINY
|-item|p2a: SHIINY|Choice Band|[from] move: Trick
|-item|p1a: Fission\/Fusion|Leftovers|[from] move: Trick
|move|p2a: SHIINY|Wish|p2a: SHIINY
|
|-heal|p1a: Fission\/Fusion|117\/404|[from] item: Leftovers
|turn|35
|
|switch|p2a: debuffed zekrom|Ampharos-Mega, M, shiny|54\/384
|-ability|p2a: debuffed zekrom|Mold Breaker
|move|p1a: Fission\/Fusion|V-create|p2a: debuffed zekrom
|-resisted|p2a: debuffed zekrom
|-damage|p2a: debuffed zekrom|0 fnt
|-unboost|p1a: Fission\/Fusion|def|1
|-unboost|p1a: Fission\/Fusion|spd|1
|-unboost|p1a: Fission\/Fusion|spe|1
|faint|p2a: debuffed zekrom
|
|-heal|p1a: Fission\/Fusion|142\/404|[from] item: Leftovers
|chat|dabeast2003|well im screwed
|leave|dabeast2003
|player|p2
|join|Spook St.
|leave|Spook St.
|join|dodmen
|leave|SmashBrosBrawl
|leave|dodmen
|-message|Player 2 lost due to inactivity.
|
|win|Typhlosion271
|join|gyarad0site
|leave|gyarad0site
|leave|King UU
|join|Skyliht