|join|uunubnub
|join|Donkii
|player|p1|uunubnub|184
|player|p2|Donkii|239
|gametype|singles
|gen|6
|tier|UU
|rated
|rule|Sleep Clause Mod: Limit one foe put to sleep
|rule|Species Clause: Limit one of each Pokémon
|rule|OHKO Clause: OHKO moves are banned
|rule|Moody Clause: Moody is banned
|rule|Evasion Moves Clause: Evasion moves are banned
|rule|Endless Battle Clause: Forcing endless battles is banned
|rule|HP Percentage Mod: HP is shown in percentages
|clearpoke
|poke|p1|Machamp, M
|poke|p1|Snorlax, F
|poke|p1|Cresselia, F
|poke|p1|Nidoqueen, F
|poke|p1|Blastoise, M
|poke|p1|Arcanine, F
|poke|p2|Nidoking, M, shiny
|poke|p2|Aerodactyl, F
|poke|p2|Hydreigon, F
|poke|p2|Empoleon, F
|poke|p2|Cofagrigus, F, shiny
|poke|p2|Whimsicott, F
|rule|Swagger Clause: Swagger is banned
|rule|Baton Pass Clause: Limit one Pokémon knowing Baton Pass
|teampreview
|
|start
|switch|p1a: Arcanine|Arcanine, F|383\/383
|switch|p2a: Aerodactyl|Aerodactyl, F|301\/301
|-ability|p2a: Aerodactyl|Unnerve|p1: uunubnub
|-ability|p1a: Arcanine|Intimidate|[of] p2a: Aerodactyl
|-unboost|p2a: Aerodactyl|atk|1
|turn|1
|
|switch|p1a: Blastoise|Blastoise, M|362\/362
|detailschange|p2a: Aerodactyl|Aerodactyl-Mega, F
|-mega|p2a: Aerodactyl|Aerodactyl|Aerodactylite
|move|p2a: Aerodactyl|Taunt|p1a: Blastoise
|-start|p1a: Blastoise|move: Taunt
|
|turn|2
|
|switch|p2a: Whimsicott|Whimsicott, F|261\/261
|detailschange|p1a: Blastoise|Blastoise-Mega, M
|-mega|p1a: Blastoise|Blastoise|Blastoisinite
|move|p1a: Blastoise|Dark Pulse|p2a: Whimsicott
|-resisted|p2a: Whimsicott
|-damage|p2a: Whimsicott|158\/261
|
|turn|3
|
|switch|p1a: Nidoqueen|Nidoqueen, F|351\/351
|move|p2a: Whimsicott|Stun Spore|p1a: Nidoqueen
|-status|p1a: Nidoqueen|par
|
|turn|4
|
|switch|p2a: Empoleon|Empoleon, F|371\/371
|move|p1a: Nidoqueen|Sludge Wave|p2a: Empoleon
|-immune|p2a: Empoleon|[msg]
|
|turn|5
|
|switch|p1a: Machamp|Machamp, M|384\/384
|move|p2a: Empoleon|Stealth Rock|p1a: Machamp
|-sidestart|p1: uunubnub|move: Stealth Rock
|
|turn|6
|
|switch|p2a: Cofagrigus|Cofagrigus, F, shiny|319\/319
|move|p1a: Machamp|Knock Off|p2a: Cofagrigus
|-supereffective|p2a: Cofagrigus
|-damage|p2a: Cofagrigus|109\/319
|-endability|p1a: Machamp|guts|[from] Mummy
|-ability|p1a: Machamp|Mummy|[from] Mummy
|-enditem|p2a: Cofagrigus|Leftovers|[from] move: Knock Off|[of] p1a: Machamp
|
|turn|7
|
|switch|p1a: Nidoqueen|Nidoqueen, F|351\/351 par
|-damage|p1a: Nidoqueen|330\/351 par|[from] Stealth Rock
|move|p2a: Cofagrigus|Toxic Spikes|p1a: Nidoqueen
|-sidestart|p1: uunubnub|move: Toxic Spikes
|
|turn|8
|
|switch|p2a: Aerodactyl|Aerodactyl-Mega, F|301\/301
|cant|p1a: Nidoqueen|par
|
|turn|9
|
|move|p2a: Aerodactyl|Earthquake|p1a: Nidoqueen
|-supereffective|p1a: Nidoqueen
|-damage|p1a: Nidoqueen|62\/351 par
|move|p1a: Nidoqueen|Ice Beam|p2a: Aerodactyl
|-supereffective|p2a: Aerodactyl
|-damage|p2a: Aerodactyl|5\/301
|
|turn|10
|
|switch|p1a: Cresselia|Cresselia, F|444\/444
|-damage|p1a: Cresselia|389\/444|[from] Stealth Rock
|move|p2a: Aerodactyl|Aerial Ace|p1a: Cresselia
|-crit|p1a: Cresselia
|-damage|p1a: Cresselia|251\/444
|
|-heal|p1a: Cresselia|278\/444|[from] item: Leftovers
|turn|11
|
|move|p2a: Aerodactyl|Stone Edge|p1a: Cresselia
|-damage|p1a: Cresselia|166\/444
|move|p1a: Cresselia|Thunder Wave|p2a: Aerodactyl
|-status|p2a: Aerodactyl|par
|
|-heal|p1a: Cresselia|193\/444|[from] item: Leftovers
|turn|12
|
|switch|p2a: Hydreigon|Hydreigon, F|325\/325
|move|p1a: Cresselia|Moonlight|p1a: Cresselia
|-heal|p1a: Cresselia|415\/444
|
|-heal|p1a: Cresselia|442\/444|[from] item: Leftovers
|turn|13
|
|switch|p1a: Snorlax|Snorlax, F|461\/461
|-damage|p1a: Snorlax|404\/461|[from] Stealth Rock
|move|p2a: Hydreigon|Dark Pulse|p1a: Snorlax
|-damage|p1a: Snorlax|326\/461
|
|turn|14
|
|switch|p1a: Nidoqueen|Nidoqueen, F|62\/351 par
|-sideend|p1: uunubnub|move: Toxic Spikes|[of] p1a: Nidoqueen
|-damage|p1a: Nidoqueen|41\/351 par|[from] Stealth Rock
|move|p2a: Hydreigon|Taunt|p1a: Nidoqueen
|-start|p1a: Nidoqueen|move: Taunt
|
|turn|15
|
|move|p2a: Hydreigon|Dark Pulse|p1a: Nidoqueen
|-damage|p1a: Nidoqueen|0 fnt
|faint|p1a: Nidoqueen
|
|
|switch|p1a: Blastoise|Blastoise-Mega, M|362\/362
|-damage|p1a: Blastoise|317\/362|[from] Stealth Rock
|turn|16
|
|switch|p2a: Cofagrigus|Cofagrigus, F, shiny|109\/319
|move|p1a: Blastoise|Aura Sphere|p2a: Cofagrigus
|-immune|p2a: Cofagrigus|[msg]
|
|turn|17
|
|move|p1a: Blastoise|Dark Pulse|p2a: Cofagrigus
|-supereffective|p2a: Cofagrigus
|-damage|p2a: Cofagrigus|0 fnt
|faint|p2a: Cofagrigus
|
|
|switch|p2a: Whimsicott|Whimsicott, F|158\/261
|turn|18
|
|move|p2a: Whimsicott|Moonblast|p1a: Blastoise
|-damage|p1a: Blastoise|168\/362
|-damage|p2a: Whimsicott|132\/261|[from] item: Life Orb
|move|p1a: Blastoise|Rapid Spin|p2a: Whimsicott
|-damage|p2a: Whimsicott|117\/261
|-sideend|p1: uunubnub|Stealth Rock|[from] move: Rapid Spin|[of] p1a: Blastoise
|
|turn|19
|
|switch|p1a: Arcanine|Arcanine, F|383\/383
|-ability|p1a: Arcanine|Intimidate|[of] p2a: Whimsicott
|-unboost|p2a: Whimsicott|atk|1
|move|p2a: Whimsicott|Moonblast|p1a: Arcanine
|-resisted|p1a: Arcanine
|-damage|p1a: Arcanine|295\/383
|-unboost|p1a: Arcanine|spa|1
|-damage|p2a: Whimsicott|91\/261|[from] item: Life Orb
|
|turn|20
|
|move|p2a: Whimsicott|Stun Spore|p1a: Arcanine|[miss]
|-miss|p2a: Whimsicott|p1a: Arcanine
|move|p1a: Arcanine|Close Combat|p2a: Whimsicott
|-resisted|p2a: Whimsicott
|-damage|p2a: Whimsicott|0 fnt
|-unboost|p1a: Arcanine|def|1
|-unboost|p1a: Arcanine|spd|1
|faint|p2a: Whimsicott
|
|
|switch|p2a: Nidoking|Nidoking, M, shiny|303\/303
|turn|21
|
|switch|p2a: Aerodactyl|Aerodactyl-Mega, F|5\/301 par
|switch|p1a: Cresselia|Cresselia, F|442\/444
|
|-heal|p1a: Cresselia|444\/444|[from] item: Leftovers
|turn|22
|
|move|p1a: Cresselia|Ice Beam|p2a: Aerodactyl
|-supereffective|p2a: Aerodactyl
|-damage|p2a: Aerodactyl|0 fnt
|faint|p2a: Aerodactyl
|
|
|switch|p2a: Empoleon|Empoleon, F|371\/371
|turn|23
|
|switch|p1a: Blastoise|Blastoise-Mega, M|168\/362
|switch|p2a: Hydreigon|Hydreigon, F|325\/325
|
|turn|24
|
|move|p2a: Hydreigon|Dark Pulse|p1a: Blastoise
|-damage|p1a: Blastoise|44\/362
|cant|p1a: Blastoise|flinch
|
|turn|25
|
|move|p2a: Hydreigon|Dark Pulse|p1a: Blastoise
|-damage|p1a: Blastoise|0 fnt
|faint|p1a: Blastoise
|
|
|switch|p1a: Machamp|Machamp, M|384\/384
|turn|26
|
|move|p2a: Hydreigon|Draco Meteor|p1a: Machamp
|-damage|p1a: Machamp|102\/384
|-unboost|p2a: Hydreigon|spa|2
|move|p1a: Machamp|Earthquake|p2a: Hydreigon
|-immune|p2a: Hydreigon|[msg]
|
|turn|27
|
|switch|p2a: Nidoking|Nidoking, M, shiny|303\/303
|switch|p1a: Arcanine|Arcanine, F|295\/383
|-ability|p1a: Arcanine|Intimidate|[of] p2a: Nidoking
|-unboost|p2a: Nidoking|atk|1
|
|turn|28
|
|move|p2a: Nidoking|Sludge Wave|p1a: Arcanine
|-damage|p1a: Arcanine|0 fnt
|faint|p1a: Arcanine
|
|
|switch|p1a: Snorlax|Snorlax, F|326\/461
|turn|29
|
|move|p2a: Nidoking|Superpower|p1a: Snorlax
|-supereffective|p1a: Snorlax
|-damage|p1a: Snorlax|147\/461
|-unboost|p2a: Nidoking|atk|1
|-unboost|p2a: Nidoking|def|1
|-damage|p2a: Nidoking|273\/303|[from] item: Life Orb
|move|p1a: Snorlax|Earthquake|p2a: Nidoking
|-supereffective|p2a: Nidoking
|-damage|p2a: Nidoking|0 fnt
|faint|p2a: Nidoking
|
|
|switch|p2a: Hydreigon|Hydreigon, F|325\/325
|turn|30
|
|switch|p1a: Cresselia|Cresselia, F|444\/444
|move|p2a: Hydreigon|Taunt|p1a: Cresselia
|-start|p1a: Cresselia|move: Taunt
|
|turn|31
|
|switch|p2a: Empoleon|Empoleon, F|371\/371
|move|p1a: Cresselia|Ice Beam|p2a: Empoleon
|-resisted|p2a: Empoleon
|-damage|p2a: Empoleon|359\/371
|
|-heal|p2a: Empoleon|371\/371|[from] item: Leftovers
|turn|32
|
|move|p1a: Cresselia|Psyshock|p2a: Empoleon
|-resisted|p2a: Empoleon
|-damage|p2a: Empoleon|340\/371
|move|p2a: Empoleon|Toxic|p1a: Cresselia
|-status|p1a: Cresselia|tox
|
|-heal|p2a: Empoleon|363\/371|[from] item: Leftovers
|-damage|p1a: Cresselia|417\/444 tox|[from] psn
|turn|33
|
|move|p1a: Cresselia|Psyshock|p2a: Empoleon
|-resisted|p2a: Empoleon
|-damage|p2a: Empoleon|330\/371
|move|p2a: Empoleon|Scald|p1a: Cresselia
|-damage|p1a: Cresselia|338\/444 tox
|
|-heal|p1a: Cresselia|365\/444 tox|[from] item: Leftovers
|-heal|p2a: Empoleon|353\/371|[from] item: Leftovers
|-damage|p1a: Cresselia|311\/444 tox|[from] psn
|-end|p1a: Cresselia|move: Taunt
|turn|34
|
|move|p1a: Cresselia|Thunder Wave|p2a: Empoleon
|-status|p2a: Empoleon|par
|move|p2a: Empoleon|Stealth Rock|p1a: Cresselia
|-sidestart|p1: uunubnub|move: Stealth Rock
|
|-heal|p1a: Cresselia|338\/444 tox|[from] item: Leftovers
|-heal|p2a: Empoleon|371\/371 par|[from] item: Leftovers
|-damage|p1a: Cresselia|257\/444 tox|[from] psn
|turn|35
|
|move|p1a: Cresselia|Thunder Wave|p2a: Empoleon
|-fail|p2a: Empoleon|par
|cant|p2a: Empoleon|par
|
|-heal|p1a: Cresselia|284\/444 tox|[from] item: Leftovers
|-damage|p1a: Cresselia|176\/444 tox|[from] psn
|turn|36
|
|move|p1a: Cresselia|Moonlight|p1a: Cresselia
|-heal|p1a: Cresselia|398\/444 tox
|move|p2a: Empoleon|Scald|p1a: Cresselia
|-damage|p1a: Cresselia|317\/444 tox
|
|-heal|p1a: Cresselia|344\/444 tox|[from] item: Leftovers
|-damage|p1a: Cresselia|209\/444 tox|[from] psn
|turn|37
|
|switch|p1a: Machamp|Machamp, M|102\/384
|-damage|p1a: Machamp|78\/384|[from] Stealth Rock
|move|p2a: Empoleon|Scald|p1a: Machamp
|-damage|p1a: Machamp|0 fnt
|faint|p1a: Machamp
|
|
|switch|p1a: Snorlax|Snorlax, F|147\/461
|-damage|p1a: Snorlax|90\/461|[from] Stealth Rock
|turn|38
|
|switch|p2a: Hydreigon|Hydreigon, F|325\/325
|move|p1a: Snorlax|Earthquake|p2a: Hydreigon
|-immune|p2a: Hydreigon|[msg]
|
|turn|39
|
|move|p2a: Hydreigon|Dark Pulse|p1a: Snorlax
|-damage|p1a: Snorlax|0 fnt
|faint|p1a: Snorlax
|
|-message|uunubnub forfeited.
|leave|uunubnub
|
|win|Donkii
|raw|Ladder updating...
|player|p1
|raw|uunubnub's rating: 1584 &rarr; <strong>1556<\/strong><br \/>(-28 for losing)
|raw|Donkii's rating: 1443 &rarr; <strong>1471<\/strong><br \/>(+28 for winning)