|join|uunubnub
|join|pokeblade101
|player|p1|uunubnub|3
|player|p2|pokeblade101|163
|gametype|singles
|gen|6
|tier|UU
|rated
|rule|Sleep Clause Mod: Limit one foe put to sleep
|rule|Species Clause: Limit one of each Pokémon
|rule|OHKO Clause: OHKO moves are banned
|rule|Moody Clause: Moody is banned
|rule|Evasion Moves Clause: Evasion moves are banned
|rule|Endless Battle Clause: Forcing endless battles is banned
|rule|HP Percentage Mod: HP is shown in percentages
|clearpoke
|poke|p1|Crobat, M
|poke|p1|Swampert, M
|poke|p1|Machamp, M
|poke|p1|Reuniclus, F
|poke|p1|Zygarde
|poke|p1|Jirachi
|poke|p2|Blissey, F
|poke|p2|Toxicroak, M
|poke|p2|Celebi
|poke|p2|Alomomola, F
|poke|p2|Donphan, F
|poke|p2|Hydreigon, M
|rule|Swagger Clause: Swagger is banned
|rule|Baton Pass Clause: Limit one Pokémon knowing Baton Pass
|teampreview
|
|start
|switch|p1a: Reuniclus|Reuniclus, F|409\/409
|switch|p2a: Hydreigon|Hydreigon, M|325\/325
|turn|1
|
|switch|p1a: Crobat|Crobat, M|373\/373
|move|p2a: Hydreigon|Draco Meteor|p1a: Crobat
|-damage|p1a: Crobat|0 fnt
|-unboost|p2a: Hydreigon|spa|2
|faint|p1a: Crobat
|
|
|switch|p1a: Machamp|Machamp, M|383\/383
|turn|2
|
|switch|p2a: Alomomola|Alomomola, F|534\/534
|switch|p1a: Reuniclus|Reuniclus, F|409\/409
|
|turn|3
|
|switch|p2a: Hydreigon|Hydreigon, M|325\/325
|move|p1a: Reuniclus|Energy Ball|p2a: Hydreigon
|-resisted|p2a: Hydreigon
|-damage|p2a: Hydreigon|248\/325
|
|turn|4
|
|switch|p1a: Jirachi|Jirachi|397\/397
|move|p2a: Hydreigon|Dark Pulse|p1a: Jirachi
|-supereffective|p1a: Jirachi
|-damage|p1a: Jirachi|1\/397
|
|-heal|p1a: Jirachi|25\/397|[from] item: Leftovers
|turn|5
|
|switch|p2a: Toxicroak|Toxicroak, M|370\/370
|move|p1a: Jirachi|Thunder Wave|p2a: Toxicroak
|-status|p2a: Toxicroak|par
|
|-heal|p1a: Jirachi|49\/397|[from] item: Leftovers
|turn|6
|
|move|p2a: Toxicroak|Sucker Punch|p1a: Jirachi
|-supereffective|p1a: Jirachi
|-damage|p1a: Jirachi|0 fnt
|-damage|p2a: Toxicroak|333\/370 par|[from] item: Life Orb
|faint|p1a: Jirachi
|
|
|switch|p1a: Reuniclus|Reuniclus, F|409\/409
|turn|7
|
|switch|p2a: Blissey|Blissey, F|714\/714
|move|p1a: Reuniclus|Focus Blast|p2a: Blissey|[miss]
|-miss|p1a: Reuniclus|p2a: Blissey
|
|turn|8
|
|switch|p1a: Machamp|Machamp, M|383\/383
|move|p2a: Blissey|Aromatherapy|p2a: Blissey
|-cureteam|p2a: Blissey|[from] move: Aromatherapy
|
|turn|9
|
|switch|p1a: Swampert|Swampert, M|385\/385
|switch|p2a: Alomomola|Alomomola, F|534\/534
|
|turn|10
|
|switch|p2a: Celebi|Celebi|403\/403
|detailschange|p1a: Swampert|Swampert-Mega, M
|message|Swampert has Mega Evolved into Mega Swampert!
|move|p1a: Swampert|Stealth Rock|p2a: Celebi
|-sidestart|p2: pokeblade101|move: Stealth Rock
|
|turn|11
|
|switch|p1a: Reuniclus|Reuniclus, F|409\/409
|move|p2a: Celebi|Substitute|p2a: Celebi
|-start|p2a: Celebi|Substitute
|-damage|p2a: Celebi|303\/403
|
|-heal|p2a: Celebi|328\/403|[from] item: Leftovers
|turn|12
|
|move|p2a: Celebi|Baton Pass|p2a: Celebi
|
|switch|p2a: Hydreigon|Hydreigon, M|248\/325
|-damage|p2a: Hydreigon|208\/325|[from] Stealth Rock
|move|p1a: Reuniclus|Shadow Ball|p2a: Hydreigon
|-resisted|p2a: Hydreigon
|-activate|p2a: Hydreigon|Substitute|[damage]
|
|turn|13
|
|switch|p1a: Swampert|Swampert-Mega, M|385\/385
|move|p2a: Hydreigon|Dark Pulse|p1a: Swampert
|-damage|p1a: Swampert|187\/385
|
|turn|14
|
|move|p2a: Hydreigon|Dark Pulse|p1a: Swampert
|-damage|p1a: Swampert|0 fnt
|faint|p1a: Swampert
|
|
|switch|p1a: Zygarde|Zygarde|358\/358
|-ability|p1a: Zygarde|Aura Break
|turn|15
|
|move|p1a: Zygarde|Extreme Speed|p2a: Hydreigon
|-end|p2a: Hydreigon|Substitute
|move|p2a: Hydreigon|Dark Pulse|p1a: Zygarde
|-damage|p1a: Zygarde|142\/358
|
|turn|16
|
|switch|p1a: Machamp|Machamp, M|383\/383
|move|p2a: Hydreigon|Dark Pulse|p1a: Machamp
|-resisted|p1a: Machamp
|-damage|p1a: Machamp|275\/383
|
|turn|17
|
|switch|p2a: Alomomola|Alomomola, F|534\/534
|-damage|p2a: Alomomola|468\/534|[from] Stealth Rock
|move|p1a: Machamp|Close Combat|p2a: Alomomola
|-damage|p2a: Alomomola|159\/534
|-unboost|p1a: Machamp|def|1
|-unboost|p1a: Machamp|spd|1
|
|-heal|p2a: Alomomola|192\/534|[from] item: Leftovers
|turn|18
|
|move|p2a: Alomomola|Protect|p2a: Alomomola
|-singleturn|p2a: Alomomola|Protect
|move|p1a: Machamp|Close Combat|p2a: Alomomola
|-activate|p2a: Alomomola|Protect
|
|-heal|p2a: Alomomola|225\/534|[from] item: Leftovers
|turn|19
|
|move|p2a: Alomomola|Toxic|p1a: Machamp
|-status|p1a: Machamp|tox
|move|p1a: Machamp|Close Combat|p2a: Alomomola
|-damage|p2a: Alomomola|0 fnt
|-unboost|p1a: Machamp|def|1
|-unboost|p1a: Machamp|spd|1
|faint|p2a: Alomomola
|
|-damage|p1a: Machamp|252\/383 tox|[from] psn
|
|switch|p2a: Toxicroak|Toxicroak, M|333\/370
|-damage|p2a: Toxicroak|310\/370|[from] Stealth Rock
|turn|20
|
|switch|p1a: Reuniclus|Reuniclus, F|409\/409
|move|p2a: Toxicroak|Drain Punch|p1a: Reuniclus
|-resisted|p1a: Reuniclus
|-damage|p1a: Reuniclus|312\/409
|-heal|p2a: Toxicroak|359\/370|[from] drain|[of] p1a: Reuniclus
|-damage|p2a: Toxicroak|322\/370|[from] item: Life Orb
|
|turn|21
|
|switch|p1a: Zygarde|Zygarde|142\/358
|-ability|p1a: Zygarde|Aura Break
|move|p2a: Toxicroak|Poison Jab|p1a: Zygarde
|-resisted|p1a: Zygarde
|-damage|p1a: Zygarde|63\/358
|-damage|p2a: Toxicroak|285\/370|[from] item: Life Orb
|
|turn|22
|
|move|p1a: Zygarde|Extreme Speed|p2a: Toxicroak
|-damage|p2a: Toxicroak|162\/370
|move|p2a: Toxicroak|Drain Punch|p1a: Zygarde
|-damage|p1a: Zygarde|0 fnt
|-heal|p2a: Toxicroak|194\/370|[from] drain|[of] p1a: Zygarde
|-damage|p2a: Toxicroak|157\/370|[from] item: Life Orb
|faint|p1a: Zygarde
|
|
|switch|p1a: Machamp|Machamp, M|252\/383 tox
|turn|23
|
|move|p2a: Toxicroak|Poison Jab|p1a: Machamp
|-damage|p1a: Machamp|44\/383 tox
|-damage|p2a: Toxicroak|120\/370|[from] item: Life Orb
|move|p1a: Machamp|Close Combat|p2a: Toxicroak
|-resisted|p2a: Toxicroak
|-damage|p2a: Toxicroak|0 fnt
|-unboost|p1a: Machamp|def|1
|-unboost|p1a: Machamp|spd|1
|faint|p2a: Toxicroak
|
|-damage|p1a: Machamp|21\/383 tox|[from] psn
|
|switch|p2a: Hydreigon|Hydreigon, M|208\/325
|-damage|p2a: Hydreigon|168\/325|[from] Stealth Rock
|turn|24
|
|move|p2a: Hydreigon|Dark Pulse|p1a: Machamp
|-resisted|p1a: Machamp
|-damage|p1a: Machamp|0 fnt
|faint|p1a: Machamp
|
|
|switch|p1a: Reuniclus|Reuniclus, F|312\/409
|turn|25
|c|★pokeblade101|Gg
|
|move|p2a: Hydreigon|Dark Pulse|p1a: Reuniclus
|-supereffective|p1a: Reuniclus
|-damage|p1a: Reuniclus|0 fnt
|faint|p1a: Reuniclus
|
|win|pokeblade101
|raw|Ladder updating...
|c|★uunubnub|gg
|raw|uunubnub's rating: 1461 &rarr; <strong>1435<\/strong><br \/>(-26 for losing)
|raw|pokeblade101's rating: 1343 &rarr; <strong>1369<\/strong><br \/>(+26 for winning)
|leave|uunubnub
|player|p1