|join|Meruu
|join|uunubnub
|player|p1|Meruu|174
|player|p2|uunubnub|184
|gametype|singles
|gen|6
|tier|UU
|rule|Sleep Clause Mod: Limit one foe put to sleep
|rule|Species Clause: Limit one of each Pokémon
|rule|OHKO Clause: OHKO moves are banned
|rule|Moody Clause: Moody is banned
|rule|Evasion Moves Clause: Evasion moves are banned
|rule|Endless Battle Clause: Forcing endless battles is banned
|rule|HP Percentage Mod: HP is shown in percentages
|clearpoke
|poke|p1|Tornadus, M
|poke|p1|Swampert, M
|poke|p1|Whimsicott, F
|poke|p1|Jirachi
|poke|p1|Tentacruel, M
|poke|p1|Goodra, F
|poke|p2|Machamp, F
|poke|p2|Snorlax, F
|poke|p2|Cresselia, F
|poke|p2|Nidoqueen, F
|poke|p2|Blastoise, F
|poke|p2|Arcanine, M
|rule|Swagger Clause: Swagger is banned
|rule|Baton Pass Clause: Limit one Pokémon knowing Baton Pass
|teampreview
|join|monk dopelgang
|join|Moniker
|join|finnigans wake
|join|watfor
|join|LarryBusJr
|join|LessThanThreeMan
|join|The Real BT
|
|start
|switch|p1a: Jirachi|Jirachi|341\/341
|switch|p2a: Machamp|Machamp, F|384\/384
|turn|1
|
|move|p1a: Jirachi|Iron Head|p2a: Machamp
|-damage|p2a: Machamp|249\/384
|move|p2a: Machamp|Close Combat|p1a: Jirachi
|-damage|p1a: Jirachi|0 fnt
|-unboost|p2a: Machamp|def|1
|-unboost|p2a: Machamp|spd|1
|faint|p1a: Jirachi
|
|c|★Meruu|hax
|c|★uunubnub|tru
|
|switch|p1a: Whimsicott|Whimsicott, F|261\/261
|turn|2
|join|epic4eternity
|
|switch|p2a: Arcanine|Arcanine, M|383\/383
|-ability|p2a: Arcanine|Intimidate|[of] p1a: Whimsicott
|-unboost|p1a: Whimsicott|atk|1
|move|p1a: Whimsicott|Moonblast|p2a: Arcanine
|-resisted|p2a: Arcanine
|-damage|p2a: Arcanine|297\/383
|
|turn|3
|c| epic4eternity|of course meru tries to hax the machamp to death
|c|★Meruu|i only needed
|
|switch|p1a: Tentacruel|Tentacruel, M|364\/364
|switch|p2a: Blastoise|Blastoise, F|362\/362
|
|turn|4
|c|★Meruu|one flinch
|c|★Meruu|i had zhb
|leave|finnigans wake
|
|switch|p2a: Snorlax|Snorlax, F|461\/461
|move|p1a: Tentacruel|Toxic|p2a: Snorlax
|-fail|p2a: Snorlax
|
|turn|5
|c|★Meruu|ew?
|
|move|p1a: Tentacruel|Toxic Spikes|p2a: Snorlax
|-sidestart|p2: uunubnub|move: Toxic Spikes
|move|p2a: Snorlax|Body Slam|p1a: Tentacruel
|-damage|p1a: Tentacruel|225\/364
|
|-heal|p1a: Tentacruel|247\/364|[from] item: Black Sludge
|turn|6
|
|move|p1a: Tentacruel|Scald|p2a: Snorlax
|-damage|p2a: Snorlax|410\/461
|-status|p2a: Snorlax|brn
|move|p2a: Snorlax|Earthquake|p1a: Tentacruel
|-supereffective|p1a: Tentacruel
|-damage|p1a: Tentacruel|135\/364
|
|-heal|p1a: Tentacruel|157\/364|[from] item: Black Sludge
|-damage|p2a: Snorlax|353\/461 brn|[from] brn
|turn|7
|
|switch|p1a: Swampert|Swampert, M|349\/349
|move|p2a: Snorlax|Body Slam|p1a: Swampert
|-damage|p1a: Swampert|280\/349
|-status|p1a: Swampert|par
|
|-damage|p2a: Snorlax|296\/461 brn|[from] brn
|turn|8
|c|★Meruu|>.>
|
|switch|p2a: Nidoqueen|Nidoqueen, F|351\/351
|-sideend|p2: uunubnub|move: Toxic Spikes|[of] p2a: Nidoqueen
|detailschange|p1a: Swampert|Swampert-Mega, M
|-mega|p1a: Swampert|Swampert|Swampertite
|move|p1a: Swampert|Waterfall|p2a: Nidoqueen
|-supereffective|p2a: Nidoqueen
|-damage|p2a: Nidoqueen|0 fnt
|faint|p2a: Nidoqueen
|
|join|Gay Bear Sex
|c|★uunubnub|lol deserved
|
|switch|p2a: Machamp|Machamp, F|249\/384
|turn|9
|
|switch|p1a: Tornadus|Tornadus, M|299\/299
|move|p2a: Machamp|Ice Punch|p1a: Tornadus
|-supereffective|p1a: Tornadus
|-damage|p1a: Tornadus|0 fnt
|faint|p1a: Tornadus
|
|c| epic4eternity|is that a counter?
|
|switch|p1a: Tentacruel|Tentacruel, M|157\/364
|turn|10
|c|★Meruu|this shit wouldn't even be a counter if body slam didnt para
|c|★Meruu|z
|
|switch|p2a: Cresselia|Cresselia, F|444\/444
|move|p1a: Tentacruel|Toxic Spikes|p2a: Cresselia
|-sidestart|p2: uunubnub|move: Toxic Spikes
|
|-heal|p1a: Tentacruel|179\/364|[from] item: Black Sludge
|turn|11
|c|★uunubnub|after first turn scald burn lol
|
|move|p1a: Tentacruel|Toxic|p2a: Cresselia
|-status|p2a: Cresselia|tox
|move|p2a: Cresselia|Psyshock|p1a: Tentacruel
|-supereffective|p1a: Tentacruel
|-damage|p1a: Tentacruel|45\/364
|
|-heal|p1a: Tentacruel|67\/364|[from] item: Black Sludge
|-damage|p2a: Cresselia|417\/444 tox|[from] psn
|turn|12
|
|switch|p1a: Swampert|Swampert-Mega, M|280\/349 par
|switch|p2a: Snorlax|Snorlax, F|296\/461 brn
|
|-damage|p2a: Snorlax|239\/461 brn|[from] brn
|turn|13
|c| Gay Bear Sex|yeah but that para kinda cost him the game
|
|move|p2a: Snorlax|Body Slam|p1a: Swampert
|-damage|p1a: Swampert|217\/349 par
|move|p1a: Swampert|Earthquake|p2a: Snorlax
|-damage|p2a: Snorlax|31\/461 brn
|
|-damage|p2a: Snorlax|0 fnt|[from] brn
|faint|p2a: Snorlax
|
|switch|p2a: Machamp|Machamp, F|249\/384
|-status|p2a: Machamp|psn
|turn|14
|c|★uunubnub|true
|
|move|p2a: Machamp|Close Combat|p1a: Swampert
|-damage|p1a: Swampert|0 fnt
|-unboost|p2a: Machamp|def|1
|-unboost|p2a: Machamp|spd|1
|faint|p1a: Swampert
|
|-damage|p2a: Machamp|201\/384 psn|[from] psn
|leave|Moniker
|
|switch|p1a: Whimsicott|Whimsicott, F|261\/261
|turn|15
|
|switch|p2a: Cresselia|Cresselia, F|417\/444 tox
|move|p1a: Whimsicott|Moonblast|p2a: Cresselia
|-damage|p2a: Cresselia|305\/444 tox
|
|-heal|p2a: Cresselia|332\/444 tox|[from] item: Leftovers
|-damage|p2a: Cresselia|305\/444 tox|[from] psn
|turn|16
|join|NiePinja
|
|switch|p1a: Tentacruel|Tentacruel, M|67\/364
|move|p2a: Cresselia|Thunder Wave|p1a: Tentacruel
|-status|p1a: Tentacruel|par
|
|-heal|p2a: Cresselia|332\/444 tox|[from] item: Leftovers
|-heal|p1a: Tentacruel|89\/364 par|[from] item: Black Sludge
|-damage|p2a: Cresselia|278\/444 tox|[from] psn
|turn|17
|
|move|p2a: Cresselia|Psyshock|p1a: Tentacruel
|-supereffective|p1a: Tentacruel
|-damage|p1a: Tentacruel|0 fnt
|faint|p1a: Tentacruel
|
|-heal|p2a: Cresselia|305\/444 tox|[from] item: Leftovers
|-damage|p2a: Cresselia|224\/444 tox|[from] psn
|
|switch|p1a: Goodra|Goodra, F|336\/336
|turn|18
|
|move|p1a: Goodra|Outrage|p2a: Cresselia
|-damage|p2a: Cresselia|25\/444 tox
|move|p2a: Cresselia|Thunder Wave|p1a: Goodra
|-status|p1a: Goodra|par
|
|-heal|p2a: Cresselia|52\/444 tox|[from] item: Leftovers
|-damage|p2a: Cresselia|0 fnt|[from] psn
|faint|p2a: Cresselia
|
|switch|p2a: Machamp|Machamp, F|201\/384 psn
|turn|19
|
|move|p2a: Machamp|Ice Punch|p1a: Goodra
|-supereffective|p1a: Goodra
|-damage|p1a: Goodra|0 fnt
|faint|p1a: Goodra
|
|-damage|p2a: Machamp|153\/384 psn|[from] psn
|
|switch|p1a: Whimsicott|Whimsicott, F|261\/261
|turn|20
|
|move|p1a: Whimsicott|Moonblast|p2a: Machamp
|-supereffective|p2a: Machamp
|-damage|p2a: Machamp|0 fnt
|faint|p2a: Machamp
|
|
|switch|p2a: Arcanine|Arcanine, M|297\/383
|-status|p2a: Arcanine|psn
|-ability|p2a: Arcanine|Intimidate|[of] p1a: Whimsicott
|-unboost|p1a: Whimsicott|atk|1
|turn|21
|
|move|p1a: Whimsicott|Moonblast|p2a: Arcanine
|-resisted|p2a: Arcanine
|-damage|p2a: Arcanine|214\/383 psn
|-unboost|p2a: Arcanine|spa|1
|move|p2a: Arcanine|Flare Blitz|p1a: Whimsicott
|-supereffective|p1a: Whimsicott
|-damage|p1a: Whimsicott|0 fnt
|-damage|p2a: Arcanine|128\/383 psn|[from] recoil|[of] p1a: Whimsicott
|faint|p1a: Whimsicott
|
|win|uunubnub
|c|★uunubnub|pls sash
|c|★uunubnub|gg
|leave|Meruu
|player|p1
|leave|epic4eternity
|leave|Gay Bear Sex
|leave|uunubnub
|leave|NiePinja
|player|p2
|leave|watfor
|leave|monk dopelgang