|join|Giggling Grannie
|join|LIL MANAPHY
|player|p1|Giggling Grannie|121
|player|p2|LIL MANAPHY|9
|gametype|singles
|gen|6
|tier|OU
|rated
|clearpoke
|poke|p1|Gardevoir, F
|poke|p1|Mandibuzz, F, shiny
|poke|p1|Azumarill, M
|poke|p1|Ferrothorn, F
|poke|p1|Gengar, M
|poke|p1|Chansey, F
|poke|p2|Heatran, F
|poke|p2|Ferrothorn, M
|poke|p2|Slowbro, M
|poke|p2|Landorus-Therian, M
|poke|p2|Kyurem-Black
|poke|p2|Clefable, F
|rule|Swagger Clause: Swagger is banned
|rule|Baton Pass Clause: Limit one Pokémon knowing Baton Pass
|rule|Sleep Clause Mod: Limit one foe put to sleep
|rule|Species Clause: Limit one of each Pokémon
|rule|OHKO Clause: OHKO moves are banned
|rule|Moody Clause: Moody is banned
|rule|Evasion Moves Clause: Evasion moves are banned
|rule|Endless Battle Clause: Forcing endless battles is banned
|rule|HP Percentage Mod: HP is shown in percentages
|teampreview
|
|start
|switch|p1a: Gardevoir|Gardevoir, F|304\/304
|switch|p2a: Slowbro|Slowbro, M|393\/393
|-ability|p1a: Gardevoir|Regenerator|[from] ability: Trace|[of] p2a: Slowbro
|turn|1
|
|switch|p1a: Chansey|Chansey, F|700\/700
|move|p2a: Slowbro|Scald|p1a: Chansey
|-damage|p1a: Chansey|621\/700
|
|turn|2
|
|switch|p2a: Heatran|Heatran, F|328\/328
|move|p1a: Chansey|Stealth Rock|p2a: Heatran
|-sidestart|p2: LIL MANAPHY|move: Stealth Rock
|
|turn|3
|
|move|p2a: Heatran|Stealth Rock|p1a: Chansey
|-sidestart|p1: Giggling Grannie|move: Stealth Rock
|move|p1a: Chansey|Seismic Toss|p2a: Heatran
|-damage|p2a: Heatran|228\/328
|
|-heal|p2a: Heatran|248\/328|[from] item: Leftovers
|turn|4
|
|switch|p2a: Ferrothorn|Ferrothorn, M|352\/352
|-damage|p2a: Ferrothorn|330\/352|[from] Stealth Rock
|move|p1a: Chansey|Seismic Toss|p2a: Ferrothorn
|-damage|p2a: Ferrothorn|230\/352
|-damage|p1a: Chansey|534\/700|[from] ability: Iron Barbs|[of] p2a: Ferrothorn
|
|-heal|p2a: Ferrothorn|252\/352|[from] item: Leftovers
|turn|5
|
|switch|p1a: Ferrothorn|Ferrothorn, F|352\/352
|-damage|p1a: Ferrothorn|330\/352|[from] Stealth Rock
|move|p2a: Ferrothorn|Spikes|p1a: Ferrothorn
|-sidestart|p1: Giggling Grannie|Spikes
|
|-heal|p2a: Ferrothorn|274\/352|[from] item: Leftovers
|turn|6
|
|switch|p2a: Heatran|Heatran, F|248\/328
|-damage|p2a: Heatran|207\/328|[from] Stealth Rock
|move|p1a: Ferrothorn|Spikes|p2a: Heatran
|-sidestart|p2: LIL MANAPHY|Spikes
|
|-heal|p2a: Heatran|227\/328|[from] item: Leftovers
|turn|7
|
|switch|p1a: Chansey|Chansey, F|534\/700
|-damage|p1a: Chansey|447\/700|[from] Stealth Rock
|-damage|p1a: Chansey|360\/700|[from] Spikes
|move|p2a: Heatran|Fire Blast|p1a: Chansey
|-damage|p1a: Chansey|231\/700
|-status|p1a: Chansey|brn
|
|-heal|p2a: Heatran|247\/328|[from] item: Leftovers
|-damage|p1a: Chansey|144\/700 brn|[from] brn
|turn|8
|
|move|p2a: Heatran|Taunt|p1a: Chansey
|-start|p1a: Chansey|move: Taunt
|cant|p1a: Chansey|move: Taunt|Soft-Boiled
|
|-heal|p2a: Heatran|267\/328|[from] item: Leftovers
|-damage|p1a: Chansey|57\/700 brn|[from] brn
|turn|9
|
|move|p2a: Heatran|Earth Power|p1a: Chansey
|-damage|p1a: Chansey|0 fnt
|faint|p1a: Chansey
|
|-heal|p2a: Heatran|287\/328|[from] item: Leftovers
|join|Yuttt.annual
|
|switch|p1a: Gardevoir|Gardevoir, F|304\/304
|-damage|p1a: Gardevoir|266\/304|[from] Spikes
|-damage|p1a: Gardevoir|228\/304|[from] Stealth Rock
|-ability|p1a: Gardevoir|Flash Fire|[from] ability: Trace|[of] p2a: Heatran
|turn|10
|c| Yuttt.annual|i escaped
|
|detailschange|p1a: Gardevoir|Gardevoir-Mega, F
|-mega|p1a: Gardevoir|Gardevoir|Gardevoirite
|move|p2a: Heatran|Earth Power|p1a: Gardevoir
|-damage|p1a: Gardevoir|138\/304
|move|p1a: Gardevoir|Hyper Voice|p2a: Heatran
|-resisted|p2a: Heatran
|-damage|p2a: Heatran|218\/328
|
|-heal|p2a: Heatran|238\/328|[from] item: Leftovers
|turn|11
|c| Yuttt.annual|u.net
|
|switch|p2a: Landorus-Therian|Landorus-Therian, M|325\/325
|-damage|p2a: Landorus-Therian|285\/325|[from] Stealth Rock
|-ability|p2a: Landorus-Therian|Intimidate|[of] p1a: Gardevoir
|-unboost|p1a: Gardevoir|atk|1
|move|p1a: Gardevoir|Hidden Power|p2a: Landorus-Therian
|-immune|p2a: Landorus-Therian|[msg]
|
|turn|12
|c| Yuttt.annual|wtf
|
|move|p2a: Landorus-Therian|U-turn|p1a: Gardevoir
|-damage|p1a: Gardevoir|5\/304
|
|switch|p2a: Clefable|Clefable, F|394\/394
|move|p1a: Gardevoir|Hidden Power|p2a: Clefable
|-damage|p2a: Clefable|300\/394
|
|-heal|p2a: Clefable|324\/394|[from] item: Leftovers
|turn|13
|
|move|p1a: Gardevoir|Hyper Voice|p2a: Clefable
|-damage|p2a: Clefable|15\/394
|move|p2a: Clefable|Moonblast|p1a: Gardevoir
|-damage|p1a: Gardevoir|0 fnt
|faint|p1a: Gardevoir
|
|-heal|p2a: Clefable|39\/394|[from] item: Leftovers
|leave|Yuttt.annual
|
|switch|p1a: Gengar|Gengar, M|264\/264
|-damage|p1a: Gengar|231\/264|[from] Stealth Rock
|turn|14
|
|move|p1a: Gengar|Substitute|p1a: Gengar
|-start|p1a: Gengar|Substitute
|-damage|p1a: Gengar|165\/264
|move|p2a: Clefable|Moonblast|p1a: Gengar
|-resisted|p1a: Gengar
|-end|p1a: Gengar|Substitute
|
|-heal|p1a: Gengar|181\/264|[from] item: Black Sludge
|-heal|p2a: Clefable|63\/394|[from] item: Leftovers
|turn|15
|
|move|p1a: Gengar|Shadow Ball|p2a: Clefable
|-damage|p2a: Clefable|0 fnt
|faint|p2a: Clefable
|
|-heal|p1a: Gengar|197\/264|[from] item: Black Sludge
|
|switch|p2a: Kyurem-Black|Kyurem-Black|391\/391
|-damage|p2a: Kyurem-Black|294\/391|[from] Stealth Rock
|-damage|p2a: Kyurem-Black|246\/391|[from] Spikes
|-ability|p2a: Kyurem-Black|Teravolt
|turn|16
|join|mega driffblim
|
|move|p1a: Gengar|Will-O-Wisp|p2a: Kyurem-Black
|-status|p2a: Kyurem-Black|brn
|move|p2a: Kyurem-Black|Ice Beam|p1a: Gengar
|-damage|p1a: Gengar|0 fnt
|-damage|p2a: Kyurem-Black|207\/391 brn|[from] item: Life Orb
|faint|p1a: Gengar
|
|-damage|p2a: Kyurem-Black|159\/391 brn|[from] brn
|join|habajiga
|
|switch|p1a: Ferrothorn|Ferrothorn, F|330\/352
|-damage|p1a: Ferrothorn|286\/352|[from] Spikes
|-damage|p1a: Ferrothorn|264\/352|[from] Stealth Rock
|turn|17
|
|move|p2a: Kyurem-Black|Ice Beam|p1a: Ferrothorn
|-damage|p1a: Ferrothorn|83\/352
|-damage|p2a: Kyurem-Black|120\/391 brn|[from] item: Life Orb
|move|p1a: Ferrothorn|Gyro Ball|p2a: Kyurem-Black
|-supereffective|p2a: Kyurem-Black
|-damage|p2a: Kyurem-Black|0 fnt
|faint|p2a: Kyurem-Black
|
|
|switch|p2a: Heatran|Heatran, F|238\/328
|-damage|p2a: Heatran|197\/328|[from] Stealth Rock
|-damage|p2a: Heatran|156\/328|[from] Spikes
|turn|18
|
|move|p2a: Heatran|Earth Power|p1a: Ferrothorn
|-damage|p1a: Ferrothorn|0 fnt
|faint|p1a: Ferrothorn
|
|-heal|p2a: Heatran|176\/328|[from] item: Leftovers
|
|switch|p1a: Azumarill|Azumarill, M|380\/380
|-damage|p1a: Azumarill|333\/380|[from] Spikes
|-damage|p1a: Azumarill|286\/380|[from] Stealth Rock
|turn|19
|
|move|p2a: Heatran|Taunt|p1a: Azumarill
|-start|p1a: Azumarill|move: Taunt
|move|p1a: Azumarill|Waterfall|p2a: Heatran
|-crit|p2a: Heatran
|-supereffective|p2a: Heatran
|-damage|p2a: Heatran|0 fnt
|faint|p2a: Heatran
|
|
|switch|p2a: Slowbro|Slowbro, M|393\/393
|-damage|p2a: Slowbro|344\/393|[from] Stealth Rock
|-damage|p2a: Slowbro|295\/393|[from] Spikes
|turn|20
|
|switch|p1a: Mandibuzz|Mandibuzz, F, shiny|420\/420
|-damage|p1a: Mandibuzz|315\/420|[from] Stealth Rock
|detailschange|p2a: Slowbro|Slowbro-Mega, M
|-mega|p2a: Slowbro|Slowbro|Slowbronite
|move|p2a: Slowbro|Scald|p1a: Mandibuzz
|-damage|p1a: Mandibuzz|150\/420
|-status|p1a: Mandibuzz|brn
|
|-heal|p1a: Mandibuzz|176\/420 brn|[from] item: Leftovers
|-damage|p1a: Mandibuzz|124\/420 brn|[from] brn
|turn|21
|
|move|p1a: Mandibuzz|Defog|p2a: Slowbro
|-unboost|p2a: Slowbro|evasion|1
|-sideend|p2: LIL MANAPHY|Spikes|[from] move: Defog|[of] p2a: Slowbro
|-sideend|p2: LIL MANAPHY|Stealth Rock|[from] move: Defog|[of] p2a: Slowbro
|-sideend|p1: Giggling Grannie|Spikes|[from] move: Defog|[of] p1a: Mandibuzz
|-sideend|p1: Giggling Grannie|Stealth Rock|[from] move: Defog|[of] p1a: Mandibuzz
|move|p2a: Slowbro|Scald|p1a: Mandibuzz
|-damage|p1a: Mandibuzz|0 fnt
|faint|p1a: Mandibuzz
|
|
|switch|p1a: Azumarill|Azumarill, M|286\/380
|turn|22
|
|move|p1a: Azumarill|Belly Drum|p1a: Azumarill
|-damage|p1a: Azumarill|96\/380
|-setboost|p1a: Azumarill|atk|6|[from] move: Belly Drum
|-enditem|p1a: Azumarill|Sitrus Berry|[eat]
|-heal|p1a: Azumarill|191\/380|[from] item: Sitrus Berry
|move|p2a: Slowbro|Psyshock|p1a: Azumarill
|-damage|p1a: Azumarill|11\/380
|
|turn|23
|c|★Giggling Grannie|aww
|
|switch|p2a: Ferrothorn|Ferrothorn, M|274\/352
|move|p1a: Azumarill|Play Rough|p2a: Ferrothorn
|-resisted|p2a: Ferrothorn
|-damage|p2a: Ferrothorn|15\/352
|-damage|p1a: Azumarill|0 fnt|[from] ability: Iron Barbs|[of] p2a: Ferrothorn
|faint|p1a: Azumarill
|
|win|LIL MANAPHY
|raw|Ladder updating...
|raw|Giggling Grannie's rating: 1707 &rarr; <strong>1685<\/strong><br \/>(-22 for losing)
|raw|LIL MANAPHY's rating: 1683 &rarr; <strong>1704<\/strong><br \/>(+21 for winning)
|c|★LIL MANAPHY|gg
|leave|LIL MANAPHY