|join|icening
|join|Kama Sutra
|player|p1|icening|156
|player|p2|Kama Sutra|222
|gametype|singles
|gen|6
|tier|OU
|rated
|clearpoke
|poke|p1|Jynx, F
|poke|p1|Regice, shiny
|poke|p1|Avalugg, M, shiny
|poke|p1|Froslass, F
|poke|p1|Kyurem-Black, shiny
|poke|p1|Piloswine, F
|poke|p2|Politoed, M
|poke|p2|Kingdra, F
|poke|p2|Kabutops, F
|poke|p2|Ferrothorn, M
|poke|p2|Heracross, F
|poke|p2|Latias, F
|rule|Swagger Clause: Swagger is banned
|rule|Baton Pass Clause: Limit one Pokémon knowing Baton Pass
|rule|Sleep Clause Mod: Limit one foe put to sleep
|rule|Species Clause: Limit one of each Pokémon
|rule|OHKO Clause: OHKO moves are banned
|rule|Moody Clause: Moody is banned
|rule|Evasion Moves Clause: Evasion moves are banned
|rule|Endless Battle Clause: Forcing endless battles is banned
|rule|HP Percentage Mod: HP is shown in percentages
|teampreview
|
|start
|switch|p1a: Shadynasty|Jynx, F|272\/272
|switch|p2a: Politoed|Politoed, M|384\/384
|-weather|RainDance
|turn|1
|
|switch|p2a: Ferrothorn|Ferrothorn, M|352\/352
|move|p1a: Shadynasty|Nasty Plot|p1a: Shadynasty
|-boost|p1a: Shadynasty|spa|2
|
|-weather|RainDance|[upkeep]
|turn|2
|
|move|p1a: Shadynasty|Lovely Kiss|p2a: Ferrothorn|[miss]
|-miss|p1a: Shadynasty|p2a: Ferrothorn
|move|p2a: Ferrothorn|Gyro Ball|p1a: Shadynasty
|-supereffective|p1a: Shadynasty
|-enditem|p1a: Shadynasty|Focus Sash
|-damage|p1a: Shadynasty|1\/272
|
|-weather|RainDance|[upkeep]
|-heal|p1a: Shadynasty|35\/272|[from] ability: Dry Skin
|turn|3
|
|move|p1a: Shadynasty|Lovely Kiss|p2a: Ferrothorn
|-status|p2a: Ferrothorn|slp
|cant|p2a: Ferrothorn|slp
|
|-weather|RainDance|[upkeep]
|-heal|p1a: Shadynasty|69\/272|[from] ability: Dry Skin
|turn|4
|
|move|p1a: Shadynasty|Ice Beam|p2a: Ferrothorn
|-damage|p2a: Ferrothorn|93\/352 slp
|cant|p2a: Ferrothorn|slp
|
|-weather|RainDance|[upkeep]
|-heal|p1a: Shadynasty|103\/272|[from] ability: Dry Skin
|-heal|p2a: Ferrothorn|115\/352 slp|[from] item: Leftovers
|turn|5
|
|move|p1a: Shadynasty|Ice Beam|p2a: Ferrothorn
|-damage|p2a: Ferrothorn|0 fnt
|faint|p2a: Ferrothorn
|
|-weather|RainDance|[upkeep]
|-heal|p1a: Shadynasty|137\/272|[from] ability: Dry Skin
|
|switch|p2a: Kingdra|Kingdra, F|291\/291
|turn|6
|
|switch|p1a: Regice|Regice, shiny|364\/364
|move|p2a: Kingdra|Dragon Pulse|p1a: Regice
|-damage|p1a: Regice|273\/364
|
|-weather|RainDance|[upkeep]
|-heal|p1a: Regice|295\/364|[from] item: Leftovers
|turn|7
|
|switch|p2a: Heracross|Heracross, F|301\/301
|move|p1a: Regice|Thunderbolt|p2a: Heracross
|-damage|p2a: Heracross|221\/301
|
|-weather|RainDance|[upkeep]
|-heal|p1a: Regice|317\/364|[from] item: Leftovers
|turn|8
|
|switch|p1a: Avalugg|Avalugg, M, shiny|394\/394
|detailschange|p2a: Heracross|Heracross-Mega, F
|message|Heracross has Mega Evolved into Mega Heracross!
|move|p2a: Heracross|Rock Blast|p1a: Avalugg
|-supereffective|p1a: Avalugg
|-damage|p1a: Avalugg|354\/394
|-supereffective|p1a: Avalugg
|-damage|p1a: Avalugg|314\/394
|-supereffective|p1a: Avalugg
|-damage|p1a: Avalugg|272\/394
|-supereffective|p1a: Avalugg
|-damage|p1a: Avalugg|234\/394
|-crit|p1a: Avalugg
|-supereffective|p1a: Avalugg
|-damage|p1a: Avalugg|166\/394
|-hitcount|p1a: Avalugg|5
|
|-weather|none
|-heal|p1a: Avalugg|190\/394|[from] item: Leftovers
|turn|9
|
|move|p2a: Heracross|Rock Blast|p1a: Avalugg
|-supereffective|p1a: Avalugg
|-damage|p1a: Avalugg|150\/394
|-supereffective|p1a: Avalugg
|-damage|p1a: Avalugg|106\/394
|-supereffective|p1a: Avalugg
|-damage|p1a: Avalugg|66\/394
|-supereffective|p1a: Avalugg
|-damage|p1a: Avalugg|22\/394
|-supereffective|p1a: Avalugg
|-damage|p1a: Avalugg|0 fnt
|-hitcount|p1a: Avalugg|5
|faint|p1a: Avalugg
|
|
|switch|p1a: Piloswine|Piloswine, F|404\/404
|turn|10
|
|switch|p2a: Politoed|Politoed, M|384\/384
|-weather|RainDance
|move|p1a: Piloswine|Avalanche|p2a: Politoed
|-resisted|p2a: Politoed
|-damage|p2a: Politoed|338\/384
|
|-weather|RainDance|[upkeep]
|turn|11
|
|switch|p2a: Kabutops|Kabutops, F|261\/261
|switch|p1a: Shadynasty|Jynx, F|137\/272
|
|-weather|RainDance|[upkeep]
|-heal|p1a: Shadynasty|171\/272|[from] ability: Dry Skin
|turn|12
|
|move|p2a: Kabutops|Stone Edge|p1a: Shadynasty
|-supereffective|p1a: Shadynasty
|-damage|p1a: Shadynasty|0 fnt
|-damage|p2a: Kabutops|235\/261|[from] item: Life Orb
|faint|p1a: Shadynasty
|
|-weather|RainDance|[upkeep]
|
|switch|p1a: Froslass|Froslass, F|344\/344
|turn|13
|
|switch|p2a: Kingdra|Kingdra, F|291\/291
|move|p1a: Froslass|Thunder Wave|p2a: Kingdra
|-status|p2a: Kingdra|par
|
|-weather|RainDance|[upkeep]
|turn|14
|join|gyarad0site
|
|switch|p1a: Regice|Regice, shiny|317\/364
|move|p2a: Kingdra|Hydro Pump|p1a: Regice
|-damage|p1a: Regice|155\/364
|
|-weather|RainDance|[upkeep]
|-heal|p1a: Regice|177\/364|[from] item: Leftovers
|turn|15
|
|move|p1a: Regice|Ice Beam|p2a: Kingdra
|-damage|p2a: Kingdra|189\/291 par
|move|p2a: Kingdra|Hydro Pump|p1a: Regice
|-damage|p1a: Regice|17\/364
|
|-weather|RainDance|[upkeep]
|-heal|p1a: Regice|39\/364|[from] item: Leftovers
|turn|16
|
|move|p1a: Regice|Rest|p1a: Regice
|-status|p1a: Regice|slp
|-heal|p1a: Regice|364\/364 slp|[silent]
|-status|p1a: Regice|slp|[from] move: Rest
|cant|p2a: Kingdra|par
|
|-weather|RainDance|[upkeep]
|turn|17
|
|switch|p1a: Kyurem-Black|Kyurem-Black, shiny|391\/391
|-ability|p1a: Kyurem-Black|Teravolt
|switch|p2a: Heracross|Heracross-Mega, F|221\/301
|
|-weather|none
|turn|18
|
|switch|p2a: Politoed|Politoed, M|338\/384
|-weather|RainDance
|move|p1a: Kyurem-Black|Outrage|p2a: Politoed
|-damage|p2a: Politoed|127\/384
|
|-weather|RainDance|[upkeep]
|turn|19
|
|move|p1a: Kyurem-Black|Outrage|p2a: Politoed
|-crit|p2a: Politoed
|-damage|p2a: Politoed|0 fnt
|faint|p2a: Politoed
|
|-end|p1a: Kyurem-Black|rampage
|-start|p1a: Kyurem-Black|confusion
|-weather|RainDance|[upkeep]
|
|switch|p2a: Kabutops|Kabutops, F|235\/261
|turn|20
|
|switch|p1a: Piloswine|Piloswine, F|404\/404
|move|p2a: Kabutops|Stone Edge|p1a: Piloswine
|-damage|p1a: Piloswine|217\/404
|-damage|p2a: Kabutops|209\/261|[from] item: Life Orb
|
|-weather|RainDance|[upkeep]
|turn|21
|
|move|p1a: Piloswine|Ice Shard|p2a: Kabutops
|-resisted|p2a: Kabutops
|-damage|p2a: Kabutops|178\/261
|move|p2a: Kabutops|Waterfall|p1a: Piloswine
|-supereffective|p1a: Piloswine
|-damage|p1a: Piloswine|0 fnt
|-damage|p2a: Kabutops|152\/261|[from] item: Life Orb
|faint|p1a: Piloswine
|
|-weather|RainDance|[upkeep]
|
|switch|p1a: Froslass|Froslass, F|344\/344
|turn|22
|
|move|p2a: Kabutops|Waterfall|p1a: Froslass
|-enditem|p1a: Froslass|Focus Sash
|-damage|p1a: Froslass|1\/344
|-damage|p2a: Kabutops|126\/261|[from] item: Life Orb
|move|p1a: Froslass|Thunder Wave|p2a: Kabutops
|-status|p2a: Kabutops|par
|
|-weather|RainDance|[upkeep]
|turn|23
|
|cant|p2a: Kabutops|par
|move|p1a: Froslass|Spikes|p2a: Kabutops
|-sidestart|p2: Kama Sutra|Spikes
|
|-weather|RainDance|[upkeep]
|turn|24
|
|switch|p1a: Regice|Regice, shiny|364\/364 slp
|move|p2a: Kabutops|Aqua Jet|p1a: Regice
|-damage|p1a: Regice|215\/364 slp
|-damage|p2a: Kabutops|100\/261 par|[from] item: Life Orb
|
|-weather|RainDance|[upkeep]
|-heal|p1a: Regice|237\/364 slp|[from] item: Leftovers
|turn|25
|
|cant|p1a: Regice|slp
|move|p1a: Regice|Sleep Talk|p1a: Regice
|move|p1a: Regice|Ice Beam|p2a: Kabutops|[from]Sleep Talk
|-resisted|p2a: Kabutops
|-damage|p2a: Kabutops|34\/261 par
|cant|p2a: Kabutops|par
|
|-weather|none
|-heal|p1a: Regice|259\/364 slp|[from] item: Leftovers
|turn|26
|
|cant|p1a: Regice|slp
|move|p1a: Regice|Sleep Talk|p1a: Regice
|move|p1a: Regice|Thunderbolt|p2a: Kabutops|[from]Sleep Talk
|-supereffective|p2a: Kabutops
|-damage|p2a: Kabutops|0 fnt
|faint|p2a: Kabutops
|
|-heal|p1a: Regice|281\/364 slp|[from] item: Leftovers
|
|switch|p2a: Heracross|Heracross-Mega, F|221\/301
|-damage|p2a: Heracross|184\/301|[from] Spikes
|turn|27
|
|move|p2a: Heracross|Close Combat|p1a: Regice
|-supereffective|p1a: Regice
|-damage|p1a: Regice|0 fnt
|-unboost|p2a: Heracross|def|1
|-unboost|p2a: Heracross|spd|1
|faint|p1a: Regice
|
|
|switch|p1a: Kyurem-Black|Kyurem-Black, shiny|391\/391
|-ability|p1a: Kyurem-Black|Teravolt
|turn|28
|
|switch|p2a: Kingdra|Kingdra, F|189\/291 par
|-damage|p2a: Kingdra|153\/291 par|[from] Spikes
|move|p1a: Kyurem-Black|Outrage|p2a: Kingdra
|-supereffective|p2a: Kingdra
|-damage|p2a: Kingdra|0 fnt
|faint|p2a: Kingdra
|
|
|switch|p2a: Latias|Latias, F|320\/320
|turn|29
|
|move|p1a: Kyurem-Black|Outrage|p2a: Latias
|-supereffective|p2a: Latias
|-damage|p2a: Latias|0 fnt
|faint|p2a: Latias
|
|-end|p1a: Kyurem-Black|rampage
|-start|p1a: Kyurem-Black|confusion
|
|switch|p2a: Heracross|Heracross-Mega, F|184\/301
|-damage|p2a: Heracross|147\/301|[from] Spikes
|turn|30
|
|switch|p1a: Froslass|Froslass, F|1\/344
|move|p2a: Heracross|Rock Blast|p1a: Froslass
|-supereffective|p1a: Froslass
|-damage|p1a: Froslass|0 fnt
|-hitcount|p1a: Froslass|1
|faint|p1a: Froslass
|
|
|switch|p1a: Kyurem-Black|Kyurem-Black, shiny|391\/391
|-ability|p1a: Kyurem-Black|Teravolt
|turn|31
|
|move|p1a: Kyurem-Black|Outrage|p2a: Heracross
|-damage|p2a: Heracross|0 fnt
|faint|p2a: Heracross
|
|win|icening
|raw|Ladder updating...