|join|Kama Sutra
|join|Winzd
|player|p1|Kama Sutra|222
|player|p2|Winzd|1
|gametype|singles
|gen|6
|tier|OU
|rated
|clearpoke
|poke|p1|Starmie
|poke|p1|Kyurem-Black
|poke|p1|Greninja, M
|poke|p1|Diancie
|poke|p1|Klefki, F
|poke|p1|Landorus-Therian, M
|poke|p2|Politoed, M
|poke|p2|Kingdra, F
|poke|p2|Omastar, F
|poke|p2|Swampert, M
|poke|p2|Kabutops, M
|poke|p2|Beartic, F
|rule|Swagger Clause: Swagger is banned
|rule|Baton Pass Clause: Limit one Pokémon knowing Baton Pass
|rule|Sleep Clause Mod: Limit one foe put to sleep
|rule|Species Clause: Limit one of each Pokémon
|rule|OHKO Clause: OHKO moves are banned
|rule|Moody Clause: Moody is banned
|rule|Evasion Moves Clause: Evasion moves are banned
|rule|Endless Battle Clause: Forcing endless battles is banned
|rule|HP Percentage Mod: HP is shown in percentages
|teampreview
|c|★Kama Sutra|shit
|c|★Kama Sutra|more weather
|
|start
|switch|p1a: Kyurem-Black|Kyurem-Black|401\/401
|switch|p2a: Politoed|Politoed, M|384\/384
|-ability|p1a: Kyurem-Black|Teravolt
|-weather|RainDance
|turn|1
|c|★Winzd|lols
|
|switch|p2a: Swampert|Swampert, M|341\/341
|move|p1a: Kyurem-Black|Fusion Bolt|p2a: Swampert
|-immune|p2a: Swampert|[msg]
|
|-weather|RainDance|[upkeep]
|turn|2
|
|detailschange|p2a: Swampert|Swampert-Mega, M
|message|Swampert has Mega Evolved into Mega Swampert!
|move|p1a: Kyurem-Black|Ice Beam|p2a: Swampert
|-damage|p2a: Swampert|193\/341
|move|p2a: Swampert|Power-Up Punch|p1a: Kyurem-Black
|-supereffective|p1a: Kyurem-Black
|-damage|p1a: Kyurem-Black|275\/401
|-boost|p2a: Swampert|atk|1
|
|-weather|RainDance|[upkeep]
|-heal|p1a: Kyurem-Black|300\/401|[from] item: Leftovers
|turn|3
|
|switch|p1a: Landorus-Therian|Landorus-Therian, M|365\/365
|-ability|p1a: Landorus-Therian|Intimidate|[of] p2a: Swampert
|-unboost|p2a: Swampert|atk|1
|move|p2a: Swampert|Waterfall|p1a: Landorus-Therian
|-supereffective|p1a: Landorus-Therian
|-damage|p1a: Landorus-Therian|0 fnt
|faint|p1a: Landorus-Therian
|
|-weather|RainDance|[upkeep]
|
|switch|p1a: Greninja|Greninja, M|285\/285
|turn|4
|c|★Winzd|i got beat by diancie earlier that
|c|★Winzd|hurt
|
|move|p2a: Swampert|Earthquake|p1a: Greninja
|-damage|p1a: Greninja|0 fnt
|faint|p1a: Greninja
|
|-weather|RainDance|[upkeep]
|
|switch|p1a: Kyurem-Black|Kyurem-Black|300\/401
|-ability|p1a: Kyurem-Black|Teravolt
|turn|5
|
|move|p2a: Swampert|Power-Up Punch|p1a: Kyurem-Black
|-supereffective|p1a: Kyurem-Black
|-damage|p1a: Kyurem-Black|174\/401
|-boost|p2a: Swampert|atk|1
|move|p1a: Kyurem-Black|Ice Beam|p2a: Swampert
|-damage|p2a: Swampert|45\/341
|
|-weather|RainDance|[upkeep]
|-heal|p1a: Kyurem-Black|199\/401|[from] item: Leftovers
|turn|6
|c|★Kama Sutra|this hurts
|
|move|p2a: Swampert|Waterfall|p1a: Kyurem-Black
|-resisted|p1a: Kyurem-Black
|-damage|p1a: Kyurem-Black|0 fnt
|faint|p1a: Kyurem-Black
|
|-weather|RainDance|[upkeep]
|
|switch|p1a: Starmie|Starmie|323\/323
|turn|7
|
|move|p2a: Swampert|Earthquake|p1a: Starmie
|-damage|p1a: Starmie|0 fnt
|faint|p1a: Starmie
|
|-weather|RainDance|[upkeep]
|
|switch|p1a: Klefki|Klefki, F|318\/318
|turn|8
|
|move|p1a: Klefki|Toxic|p2a: Swampert
|-status|p2a: Swampert|tox
|move|p2a: Swampert|Earthquake|p1a: Klefki
|-supereffective|p1a: Klefki
|-damage|p1a: Klefki|0 fnt
|faint|p1a: Klefki
|
|-weather|none
|-damage|p2a: Swampert|24\/341 tox|[from] psn
|c|★Winzd|sorry
|
|switch|p1a: Diancie|Diancie|257\/257
|turn|9
|
|move|p2a: Swampert|Waterfall|p1a: Diancie
|-supereffective|p1a: Diancie
|-damage|p1a: Diancie|0 fnt
|faint|p1a: Diancie
|
|win|Winzd
|raw|Ladder updating...
|raw|Kama Sutra's rating: 1611 &rarr; <strong>1591<\/strong><br \/>(-20 for losing)
|raw|Winzd's rating: 1609 &rarr; <strong>1629<\/strong><br \/>(+20 for winning)
|leave|Kama Sutra
|player|p1