|join|testy times
|join|Kama Sutra
|player|p1|testy times|265
|player|p2|Kama Sutra|141
|gametype|singles
|gen|6
|tier|OU
|rated
|clearpoke
|poke|p1|Thundurus, M
|poke|p1|Azumarill, M
|poke|p1|Excadrill, M
|poke|p1|Tyranitar, M
|poke|p1|Charizard, F
|poke|p1|Dragonite, M
|poke|p2|Politoed, M
|poke|p2|Kabutops, F
|poke|p2|Kingdra, F
|poke|p2|Ferrothorn, M
|poke|p2|Heracross, F
|poke|p2|Latias, F
|rule|Swagger Clause: Swagger is banned
|rule|Baton Pass Clause: Limit one Pokémon knowing Baton Pass
|rule|Sleep Clause Mod: Limit one foe put to sleep
|rule|Species Clause: Limit one of each Pokémon
|rule|OHKO Clause: OHKO moves are banned
|rule|Moody Clause: Moody is banned
|rule|Evasion Moves Clause: Evasion moves are banned
|rule|Endless Battle Clause: Forcing endless battles is banned
|rule|HP Percentage Mod: HP is shown in percentages
|teampreview
|
|start
|switch|p1a: Tyranitar|Tyranitar, M|341\/341
|switch|p2a: Politoed|Politoed, M|384\/384
|-weather|Sandstorm
|-weather|RainDance
|turn|1
|
|switch|p2a: Ferrothorn|Ferrothorn, M|352\/352
|move|p1a: Tyranitar|Stealth Rock|p2a: Ferrothorn
|-sidestart|p2: Kama Sutra|move: Stealth Rock
|
|-weather|RainDance|[upkeep]
|turn|2
|
|switch|p1a: Charizard|Charizard, F|319\/319
|move|p2a: Ferrothorn|Thunder Wave|p1a: Charizard
|-status|p1a: Charizard|par
|
|-weather|RainDance|[upkeep]
|turn|3
|
|switch|p2a: Kingdra|Kingdra, F|291\/291
|-damage|p2a: Kingdra|255\/291|[from] Stealth Rock
|switch|p1a: Excadrill|Excadrill, M|362\/362
|
|-weather|RainDance|[upkeep]
|turn|4
|
|switch|p1a: Azumarill|Azumarill, M|360\/360
|move|p2a: Kingdra|Hydro Pump|p1a: Azumarill
|-resisted|p1a: Azumarill
|-damage|p1a: Azumarill|120\/360
|-enditem|p1a: Azumarill|Sitrus Berry|[eat]
|-heal|p1a: Azumarill|210\/360|[from] item: Sitrus Berry
|
|-weather|RainDance|[upkeep]
|turn|5
|
|switch|p1a: Tyranitar|Tyranitar, M|341\/341
|-weather|Sandstorm
|move|p2a: Kingdra|Hydro Pump|p1a: Tyranitar
|-supereffective|p1a: Tyranitar
|-enditem|p1a: Tyranitar|Focus Sash
|-damage|p1a: Tyranitar|1\/341
|
|-weather|Sandstorm|[upkeep]
|-damage|p2a: Kingdra|237\/291|[from] sandstorm
|turn|6
|
|switch|p1a: Dragonite|Dragonite, M|323\/323
|move|p2a: Kingdra|Hydro Pump|p1a: Dragonite
|-resisted|p1a: Dragonite
|-damage|p1a: Dragonite|257\/323
|
|-weather|Sandstorm|[upkeep]
|-damage|p2a: Kingdra|219\/291|[from] sandstorm
|-damage|p1a: Dragonite|237\/323|[from] sandstorm
|turn|7
|
|switch|p2a: Politoed|Politoed, M|384\/384
|-damage|p2a: Politoed|336\/384|[from] Stealth Rock
|-weather|RainDance
|move|p1a: Dragonite|Earthquake|p2a: Politoed
|-damage|p2a: Politoed|227\/384
|
|-weather|RainDance|[upkeep]
|turn|8
|
|switch|p2a: Ferrothorn|Ferrothorn, M|352\/352
|-damage|p2a: Ferrothorn|330\/352|[from] Stealth Rock
|move|p1a: Dragonite|Earthquake|p2a: Ferrothorn
|-damage|p2a: Ferrothorn|238\/352
|
|-weather|RainDance|[upkeep]
|-heal|p2a: Ferrothorn|260\/352|[from] item: Leftovers
|turn|9
|
|switch|p1a: Charizard|Charizard, F|319\/319 par
|move|p2a: Ferrothorn|Leech Seed|p1a: Charizard
|-start|p1a: Charizard|move: Leech Seed
|
|-weather|RainDance|[upkeep]
|-heal|p2a: Ferrothorn|282\/352|[from] item: Leftovers
|-damage|p1a: Charizard|280\/319 par|[from] Leech Seed|[of] p2a: Ferrothorn
|-heal|p2a: Ferrothorn|321\/352|[silent]
|turn|10
|
|switch|p2a: Latias|Latias, F|301\/301
|-damage|p2a: Latias|264\/301|[from] Stealth Rock
|detailschange|p1a: Charizard|Charizard-Mega-X, F
|message|Charizard has Mega Evolved into Mega Charizard!
|move|p1a: Charizard|Flare Blitz|p2a: Latias
|-resisted|p2a: Latias
|-damage|p2a: Latias|192\/301
|-damage|p1a: Charizard|256\/319 par|[from] recoil|[of] p2a: Latias
|
|-weather|RainDance|[upkeep]
|-damage|p1a: Charizard|217\/319 par|[from] Leech Seed|[of] p2a: Latias
|-heal|p2a: Latias|231\/301|[silent]
|turn|11
|
|move|p2a: Latias|Draco Meteor|p1a: Charizard
|-supereffective|p1a: Charizard
|-damage|p1a: Charizard|0 fnt
|-unboost|p2a: Latias|spa|2
|-damage|p2a: Latias|201\/301|[from] item: Life Orb
|faint|p1a: Charizard
|
|-weather|RainDance|[upkeep]
|
|switch|p1a: Azumarill|Azumarill, M|210\/360
|turn|12
|
|switch|p2a: Ferrothorn|Ferrothorn, M|321\/352
|-damage|p2a: Ferrothorn|299\/352|[from] Stealth Rock
|move|p1a: Azumarill|Belly Drum|p1a: Azumarill
|-damage|p1a: Azumarill|30\/360
|-setboost|p1a: Azumarill|atk|6|[from] move: Belly Drum
|
|-weather|RainDance|[upkeep]
|-heal|p2a: Ferrothorn|321\/352|[from] item: Leftovers
|turn|13
|
|move|p1a: Azumarill|Waterfall|p2a: Ferrothorn
|-crit|p2a: Ferrothorn
|-resisted|p2a: Ferrothorn
|-damage|p2a: Ferrothorn|0 fnt
|-damage|p1a: Azumarill|0 fnt|[from] ability: Iron Barbs|[of] p2a: Ferrothorn
|faint|p1a: Azumarill
|faint|p2a: Ferrothorn
|
|-weather|RainDance|[upkeep]
|chat|Kama Sutra|ofc
|
|switch|p2a: Kingdra|Kingdra, F|219\/291
|-damage|p2a: Kingdra|183\/291|[from] Stealth Rock
|switch|p1a: Dragonite|Dragonite, M|237\/323
|turn|14
|
|switch|p1a: Tyranitar|Tyranitar, M|1\/341
|-weather|Sandstorm
|move|p2a: Kingdra|Dragon Pulse|p1a: Tyranitar
|-crit|p1a: Tyranitar
|-damage|p1a: Tyranitar|0 fnt
|faint|p1a: Tyranitar
|
|-weather|Sandstorm|[upkeep]
|-damage|p2a: Kingdra|165\/291|[from] sandstorm
|
|switch|p1a: Thundurus|Thundurus, M|299\/299
|turn|15
|
|switch|p2a: Politoed|Politoed, M|227\/384
|-damage|p2a: Politoed|179\/384|[from] Stealth Rock
|-weather|RainDance
|move|p1a: Thundurus|Thunderbolt|p2a: Politoed
|-supereffective|p2a: Politoed
|-damage|p2a: Politoed|0 fnt
|-damage|p1a: Thundurus|270\/299|[from] item: Life Orb
|faint|p2a: Politoed
|
|-weather|RainDance|[upkeep]
|
|switch|p2a: Kingdra|Kingdra, F|165\/291
|-damage|p2a: Kingdra|129\/291|[from] Stealth Rock
|turn|16
|
|move|p1a: Thundurus|Thunder Wave|p2a: Kingdra
|-status|p2a: Kingdra|par
|move|p2a: Kingdra|Surf|p1a: Thundurus
|-damage|p1a: Thundurus|0 fnt
|faint|p1a: Thundurus
|
|-weather|RainDance|[upkeep]
|join|wish killer
|
|switch|p1a: Excadrill|Excadrill, M|362\/362
|turn|17
|join|Ipmunchlaxorus?
|
|switch|p2a: Latias|Latias, F|201\/301
|-damage|p2a: Latias|164\/301|[from] Stealth Rock
|move|p1a: Excadrill|Earthquake|p2a: Latias
|-immune|p2a: Latias|[msg]
|
|-weather|RainDance|[upkeep]
|turn|18
|-message|testy times forfeited.
|
|win|Kama Sutra
|raw|Ladder updating...
|leave|testy times
|player|p1
|raw|testy times's rating: 1906 &rarr; <strong>1879<\/strong><br \/>(-27 for losing)
|raw|Kama Sutra's rating: 1777 &rarr; <strong>1804<\/strong><br \/>(+27 for winning)
|leave|Ipmunchlaxorus?