|join|Bob the Bro
|join|King UU
|player|p1|Bob the Bro|23
|player|p2|King UU|22
|gametype|singles
|gen|6
|tier|UU
|rule|Sleep Clause Mod: Limit one foe put to sleep
|rule|Species Clause: Limit one of each Pokémon
|rule|OHKO Clause: OHKO moves are banned
|rule|Moody Clause: Moody is banned
|rule|Evasion Moves Clause: Evasion moves are banned
|rule|Endless Battle Clause: Forcing endless battles is banned
|rule|HP Percentage Mod: HP is shown in percentages
|clearpoke
|poke|p1|Celebi
|poke|p1|Crobat, F
|poke|p1|Aggron, F
|poke|p1|Blissey, F
|poke|p1|Alomomola, F
|poke|p1|Krookodile, M
|poke|p2|Mienshao, F
|poke|p2|Ampharos, M
|poke|p2|Forretress, F
|poke|p2|Swampert, F
|poke|p2|Umbreon, M
|poke|p2|Crobat, F
|rule|Swagger Clause: Swagger is banned
|rule|Baton Pass Clause: Limit one Pokémon knowing Baton Pass
|teampreview
|c|★King UU|are
|join|Emma Bae
|c|★Bob the Bro|bandshao imo
|c|★King UU|noo
|join|DerpaniteX
|c| DerpaniteX|oml oml oml
|c|★Bob the Bro|bs nerd
|
|start
|switch|p1a: Phi|Krookodile, M|331\/331
|switch|p2a: Swampert|Swampert, F|404\/404
|-ability|p1a: Phi|Intimidate|[of] p2a: Swampert
|-unboost|p2a: Swampert|atk|1
|turn|1
|
|move|p1a: Phi|Knock Off|p2a: Swampert
|-damage|p2a: Swampert|218\/404
|-enditem|p2a: Swampert|Leftovers|[from] move: Knock Off|[of] p1a: Phi
|move|p2a: Swampert|Stealth Rock|p1a: Phi
|-sidestart|p1: Bob the Bro|move: Stealth Rock
|
|turn|2
|join|dgfhgjgjjjj
|
|switch|p1a: Omega|Celebi|341\/341
|-damage|p1a: Omega|299\/341|[from] Stealth Rock
|move|p2a: Swampert|Scald|p1a: Omega
|-resisted|p1a: Omega
|-damage|p1a: Omega|255\/341
|-status|p1a: Omega|brn
|
|-heal|p1a: Omega|276\/341 brn|[from] item: Leftovers
|-damage|p1a: Omega|234\/341 brn|[from] brn
|turn|3
|c|★Bob the Bro|rip
|
|switch|p1a: Delta|Alomomola, F|534\/534
|-damage|p1a: Delta|468\/534|[from] Stealth Rock
|switch|p2a: Forretress|Forretress, F|354\/354
|
|turn|4
|
|move|p1a: Delta|Knock Off|p2a: Forretress
|-damage|p2a: Forretress|320\/354
|-enditem|p2a: Forretress|Leftovers|[from] move: Knock Off|[of] p1a: Delta
|move|p2a: Forretress|Volt Switch|p1a: Delta
|-supereffective|p1a: Delta
|-damage|p1a: Delta|334\/534
|
|switch|p2a: Ampharos|Ampharos, M|374\/374
|
|turn|5
|c| Emma Bae|tell me who wins at the end
|c| Emma Bae|im going to ladder X)
|
|switch|p1a: Tau|Blissey, F|714\/714
|-damage|p1a: Tau|625\/714|[from] Stealth Rock
|detailschange|p2a: Ampharos|Ampharos-Mega, M
|message|Ampharos has Mega Evolved into Mega Ampharos!
|-ability|p2a: Ampharos|Mold Breaker
|move|p2a: Ampharos|Volt Switch|p1a: Tau
|-damage|p1a: Tau|493\/714
|
|switch|p2a: Forretress|Forretress, F|320\/354
|
|-heal|p1a: Tau|537\/714|[from] item: Leftovers
|turn|6
|
|switch|p1a: Phi|Krookodile, M|331\/331
|-damage|p1a: Phi|311\/331|[from] Stealth Rock
|-ability|p1a: Phi|Intimidate|[of] p2a: Forretress
|-unboost|p2a: Forretress|atk|1
|move|p2a: Forretress|Volt Switch|p1a: Phi
|-immune|p1a: Phi|[msg]
|
|turn|7
|
|move|p1a: Phi|Earthquake|p2a: Forretress
|-damage|p2a: Forretress|190\/354
|move|p2a: Forretress|Spikes|p1a: Phi
|-sidestart|p1: Bob the Bro|Spikes
|
|turn|8
|
|switch|p1a: Rho|Aggron, F|344\/344
|-damage|p1a: Rho|323\/344|[from] Stealth Rock
|-damage|p1a: Rho|280\/344|[from] Spikes
|switch|p2a: Crobat|Crobat, F|331\/331
|
|turn|9
|
|detailschange|p1a: Rho|Aggron-Mega, F
|message|Aggron has Mega Evolved into Mega Aggron!
|move|p2a: Crobat|U-turn|p1a: Rho
|-resisted|p1a: Rho
|-damage|p1a: Rho|261\/344
|
|switch|p2a: Ampharos|Ampharos-Mega, M|374\/374
|-ability|p2a: Ampharos|Mold Breaker
|move|p1a: Rho|Stealth Rock|p2a: Ampharos
|-sidestart|p2: King UU|move: Stealth Rock
|
|turn|10
|
|move|p2a: Ampharos|Focus Blast|p1a: Rho
|-supereffective|p1a: Rho
|-damage|p1a: Rho|0 fnt
|faint|p1a: Rho
|
|c| Emma Bae|oo
|
|switch|p1a: Phi|Krookodile, M|311\/331
|-damage|p1a: Phi|291\/331|[from] Stealth Rock
|-damage|p1a: Phi|250\/331|[from] Spikes
|-ability|p1a: Phi|Intimidate|[of] p2a: Ampharos
|-unboost|p2a: Ampharos|atk|1
|turn|11
|c|★Bob the Bro|rip
|join|Yellow Skarmory
|
|switch|p2a: Forretress|Forretress, F|190\/354
|-damage|p2a: Forretress|146\/354|[from] Stealth Rock
|move|p1a: Phi|Earthquake|p2a: Forretress
|-damage|p2a: Forretress|14\/354
|
|turn|12
|
|move|p1a: Phi|Earthquake|p2a: Forretress
|-damage|p2a: Forretress|0 fnt
|faint|p2a: Forretress
|
|
|switch|p2a: Mienshao|Mienshao, F|271\/271
|-damage|p2a: Mienshao|255\/271|[from] Stealth Rock
|turn|13
|
|switch|p1a: Delta|Alomomola, F|512\/534
|-damage|p1a: Delta|446\/534|[from] Spikes
|-damage|p1a: Delta|380\/534|[from] Stealth Rock
|move|p2a: Mienshao|U-turn|p1a: Delta
|-damage|p1a: Delta|284\/534
|-damage|p2a: Mienshao|210\/271|[from] item: Rocky Helmet|[of] p1a: Delta
|
|switch|p2a: Ampharos|Ampharos-Mega, M|374\/374
|-damage|p2a: Ampharos|328\/374|[from] Stealth Rock
|-ability|p2a: Ampharos|Mold Breaker
|
|turn|14
|
|switch|p1a: Tau|Blissey, F|537\/714
|-damage|p1a: Tau|448\/714|[from] Stealth Rock
|-damage|p1a: Tau|359\/714|[from] Spikes
|move|p2a: Ampharos|Dragon Pulse|p1a: Tau
|-damage|p1a: Tau|205\/714
|
|-heal|p1a: Tau|249\/714|[from] item: Leftovers
|turn|15
|
|move|p1a: Tau|Protect|p1a: Tau
|-singleturn|p1a: Tau|Protect
|move|p2a: Ampharos|Focus Blast|p1a: Tau
|-activate|p1a: Tau|Protect
|
|-heal|p1a: Tau|293\/714|[from] item: Leftovers
|turn|16
|leave|dgfhgjgjjjj
|c|★Bob the Bro|miss
|
|move|p1a: Tau|Wish|p1a: Tau
|move|p2a: Ampharos|Volt Switch|p1a: Tau
|-damage|p1a: Tau|176\/714
|
|switch|p2a: Swampert|Swampert, F|218\/404
|-damage|p2a: Swampert|193\/404|[from] Stealth Rock
|
|-heal|p1a: Tau|220\/714|[from] item: Leftovers
|turn|17
|c| DerpaniteX|roar
|c| DerpaniteX|O_o
|c|★King UU|yawn
|
|move|p1a: Tau|Seismic Toss|p2a: Swampert
|-damage|p2a: Swampert|93\/404
|move|p2a: Swampert|Roar|p1a: Tau
|drag|p1a: Beta|Crobat, F|325\/325
|-damage|p1a: Beta|244\/325|[from] Stealth Rock
|
|-heal|p1a: Beta|325\/325|[from] move: Wish|[wisher] Tau
|turn|18
|c|★King UU|don't 2 cents
|c| Yellow Skarmory|switch into something
|
|move|p1a: Beta|Defog|p2a: Swampert
|-unboost|p2a: Swampert|evasion|1
|-sideend|p2: King UU|Stealth Rock|[from] move: Defog|[of] p2a: Swampert
|-sideend|p1: Bob the Bro|Spikes|[from] move: Defog|[of] p1a: Beta
|-sideend|p1: Bob the Bro|Stealth Rock|[from] move: Defog|[of] p1a: Beta
|move|p2a: Swampert|Scald|p1a: Beta
|-damage|p1a: Beta|168\/325
|
|-heal|p1a: Beta|188\/325|[from] item: Black Sludge
|turn|19
|c| Yellow Skarmory|and then get roared back into blissey
|c| Yellow Skarmory|too late now
|join|DaidZillon
|
|switch|p2a: Ampharos|Ampharos-Mega, M|328\/374
|-ability|p2a: Ampharos|Mold Breaker
|move|p1a: Beta|Brave Bird|p2a: Ampharos
|-resisted|p2a: Ampharos
|-damage|p2a: Ampharos|249\/374
|-damage|p1a: Beta|162\/325|[from] recoil|[of] p2a: Ampharos
|
|-heal|p1a: Beta|182\/325|[from] item: Black Sludge
|turn|20
|
|move|p1a: Beta|Roost|p1a: Beta
|-heal|p1a: Beta|325\/325
|move|p2a: Ampharos|Dragon Pulse|p1a: Beta
|-damage|p1a: Beta|85\/325
|
|-heal|p1a: Beta|105\/325|[from] item: Black Sludge
|turn|21
|
|move|p1a: Beta|Brave Bird|p2a: Ampharos
|-resisted|p2a: Ampharos
|-damage|p2a: Ampharos|169\/374
|-damage|p1a: Beta|79\/325|[from] recoil|[of] p2a: Ampharos
|move|p2a: Ampharos|Dragon Pulse|p1a: Beta
|-damage|p1a: Beta|0 fnt
|faint|p1a: Beta
|
|
|switch|p1a: Tau|Blissey, F|220\/714
|turn|22
|
|move|p1a: Tau|Wish|p1a: Tau
|move|p2a: Ampharos|Focus Blast|p1a: Tau
|-supereffective|p1a: Tau
|-damage|p1a: Tau|0 fnt
|faint|p1a: Tau
|
|
|switch|p1a: Phi|Krookodile, M|250\/331
|-ability|p1a: Phi|Intimidate|[of] p2a: Ampharos
|-unboost|p2a: Ampharos|atk|1
|turn|23
|join|Affinity StyX
|
|move|p1a: Phi|Knock Off|p2a: Ampharos
|-damage|p2a: Ampharos|22\/374
|move|p2a: Ampharos|Dragon Pulse|p1a: Phi
|-damage|p1a: Phi|0 fnt
|faint|p1a: Phi
|
|c|★Bob the Bro|oh
|
|switch|p1a: Omega|Celebi|234\/341
|turn|24
|
|switch|p2a: Swampert|Swampert, F|93\/404
|move|p1a: Omega|Seed Bomb|p2a: Swampert
|-supereffective|p2a: Swampert
|-damage|p2a: Swampert|0 fnt
|faint|p2a: Swampert
|
|-heal|p1a: Omega|255\/341|[from] item: Leftovers
|
|switch|p2a: Crobat|Crobat, F|331\/331
|turn|25
|
|switch|p1a: Delta|Alomomola, F|462\/534
|move|p2a: Crobat|U-turn|p1a: Delta
|-damage|p1a: Delta|403\/534
|-damage|p2a: Crobat|276\/331|[from] item: Rocky Helmet|[of] p1a: Delta
|
|switch|p2a: Umbreon|Umbreon, M|394\/394
|
|turn|26
|
|move|p1a: Delta|Knock Off|p2a: Umbreon
|-resisted|p2a: Umbreon
|-damage|p2a: Umbreon|365\/394
|-enditem|p2a: Umbreon|Leftovers|[from] move: Knock Off|[of] p1a: Delta
|move|p2a: Umbreon|Wish|p2a: Umbreon
|
|turn|27
|join|trevor ellis
|
|switch|p2a: Mienshao|Mienshao, F|210\/271
|move|p1a: Delta|Knock Off|p2a: Mienshao
|-resisted|p2a: Mienshao
|-damage|p2a: Mienshao|166\/271
|-enditem|p2a: Mienshao|Choice Band|[from] move: Knock Off|[of] p1a: Delta
|
|-heal|p2a: Mienshao|271\/271|[from] move: Wish|[wisher] Umbreon
|turn|28
|join|Hammerburst
|
|move|p2a: Mienshao|Knock Off|p1a: Delta
|-damage|p1a: Delta|316\/534
|-damage|p2a: Mienshao|226\/271|[from] item: Rocky Helmet|[of] p1a: Delta
|-enditem|p1a: Delta|Rocky Helmet|[from] move: Knock Off|[of] p2a: Mienshao
|move|p1a: Delta|Wish|p1a: Delta
|
|turn|29
|
|move|p2a: Mienshao|U-turn|p1a: Delta
|-damage|p1a: Delta|248\/534
|
|switch|p2a: Umbreon|Umbreon, M|365\/394
|move|p1a: Delta|Scald|p2a: Umbreon
|-damage|p2a: Umbreon|340\/394
|-status|p2a: Umbreon|brn
|-status|p1a: Delta|brn
|
|-heal|p1a: Delta|515\/534 brn|[from] move: Wish|[wisher] Delta
|-damage|p1a: Delta|449\/534 brn|[from] brn
|-damage|p2a: Umbreon|291\/394 brn|[from] brn
|turn|30
|c|★King UU|:)
|c| Hammerburst|lol
|c| Hammerburst|the hax predictions
|c|★King UU|predoncted
|c| Hammerburst|too real.
|
|switch|p1a: Omega|Celebi|255\/341
|move|p2a: Umbreon|Heal Bell|p2a: Umbreon
|-cureteam|p2a: Umbreon|[from] move: HealBell
|
|-heal|p1a: Omega|276\/341|[from] item: Leftovers
|turn|31
|
|move|p1a: Omega|Seed Bomb|p2a: Umbreon
|-damage|p2a: Umbreon|186\/394
|move|p2a: Umbreon|Foul Play|p1a: Omega
|-supereffective|p1a: Omega
|-damage|p1a: Omega|0 fnt
|faint|p1a: Omega
|
|c|★Bob the Bro|fk
|
|switch|p1a: Delta|Alomomola, F|534\/534 brn
|turn|32
|
|move|p1a: Delta|Toxic|p2a: Umbreon
|-status|p2a: Umbreon|tox
|move|p2a: Umbreon|Wish|p2a: Umbreon
|
|-damage|p2a: Umbreon|162\/394 tox|[from] psn
|-damage|p1a: Delta|468\/534 brn|[from] brn
|turn|33
|c|★King UU|No protect you say
|c|★King UU|Well
|c|★King UU|isn't this interesting
|
|switch|p2a: Crobat|Crobat, F|276\/331
|move|p1a: Delta|Scald|p2a: Crobat
|-damage|p2a: Crobat|225\/331
|
|-heal|p2a: Crobat|331\/331|[from] move: Wish|[wisher] Umbreon
|-damage|p1a: Delta|402\/534 brn|[from] brn
|turn|34
|
|move|p2a: Crobat|Brave Bird|p1a: Delta
|-damage|p1a: Delta|258\/534 brn
|-damage|p2a: Crobat|283\/331|[from] recoil|[of] p1a: Delta
|move|p1a: Delta|Wish|p1a: Delta
|
|-damage|p1a: Delta|192\/534 brn|[from] brn
|turn|35
|
|move|p2a: Crobat|Brave Bird|p1a: Delta
|-damage|p1a: Delta|32\/534 brn
|-damage|p2a: Crobat|230\/331|[from] recoil|[of] p1a: Delta
|move|p1a: Delta|Scald|p2a: Crobat
|-damage|p2a: Crobat|184\/331
|
|-heal|p1a: Delta|299\/534 brn|[from] move: Wish|[wisher] Delta
|-damage|p1a: Delta|233\/534 brn|[from] brn
|turn|36
|
|move|p2a: Crobat|Brave Bird|p1a: Delta
|-damage|p1a: Delta|85\/534 brn
|-damage|p2a: Crobat|135\/331|[from] recoil|[of] p1a: Delta
|move|p1a: Delta|Wish|p1a: Delta
|
|-damage|p1a: Delta|19\/534 brn|[from] brn
|turn|37
|c|★Bob the Bro|rip driver
|
|move|p2a: Crobat|Brave Bird|p1a: Delta
|-damage|p1a: Delta|0 fnt
|-damage|p2a: Crobat|129\/331|[from] recoil|[of] p1a: Delta
|faint|p1a: Delta
|
|win|King UU