|join|King UU
|join|dodmen
|player|p1|King UU|#kinguu
|player|p2|dodmen|171
|gametype|singles
|gen|6
|tier|UU
|rule|Sleep Clause Mod: Limit one foe put to sleep
|rule|Species Clause: Limit one of each Pokémon
|rule|OHKO Clause: OHKO moves are banned
|rule|Moody Clause: Moody is banned
|rule|Evasion Moves Clause: Evasion moves are banned
|rule|Endless Battle Clause: Forcing endless battles is banned
|rule|HP Percentage Mod: HP is shown in percentages
|clearpoke
|poke|p1|Celebi
|poke|p1|Crobat, M
|poke|p1|Lucario, M
|poke|p1|Chandelure, F
|poke|p1|Hydreigon, F
|poke|p1|Swampert, M
|poke|p2|Infernape, F
|poke|p2|Celebi
|poke|p2|Tornadus, M
|poke|p2|Swampert, M
|poke|p2|Qwilfish, F
|poke|p2|Jirachi
|rule|Swagger Clause: Swagger is banned
|rule|Baton Pass Clause: Limit one Pokémon knowing Baton Pass
|teampreview
King UU turned on modjoin.
|raw|<div class="broadcast-red"><b>Moderated chat was set to +!<\/b><br \/>Only users of rank + and higher can talk.<\/div>
King UU made this room hidden.
|c|★King UU|fucking rain
|c|★King UU|d0000d
|
|start
|switch|p1a: Hydreigon|Hydreigon, F|325\/325
|switch|p2a: Infernape|Infernape, F|293\/293
|turn|1
|c|★King UU|oi ronald
|c|★King UU|I'm
|c|★King UU|starting smogcasts soon
|c|★King UU|with ace emerald and the youtube channel
|c|★dodmen|oh
|c|★dodmen|k
|c|★King UU|did you want to join me?
|c|★dodmen|no
|c|★King UU|(more badge opportunities)
|
|move|p2a: Infernape|Stealth Rock|p1a: Hydreigon
|-sidestart|p1: King UU|move: Stealth Rock
|move|p1a: Hydreigon|Draco Meteor|p2a: Infernape
|-enditem|p2a: Infernape|Focus Sash
|-damage|p2a: Infernape|1\/293
|-unboost|p1a: Hydreigon|spa|2
|
|turn|2
|
|switch|p2a: Swampert|Swampert, M|347\/347
|switch|p1a: Chandelure|Chandelure, F|289\/289
|-damage|p1a: Chandelure|217\/289|[from] Stealth Rock
|
|-heal|p1a: Chandelure|235\/289|[from] item: Leftovers
|turn|3
|
|detailschange|p2a: Swampert|Swampert-Mega, M
|-mega|p2a: Swampert|Swampert|Swampertite
|move|p1a: Chandelure|Calm Mind|p1a: Chandelure
|-boost|p1a: Chandelure|spa|1
|-boost|p1a: Chandelure|spd|1
|move|p2a: Swampert|Aqua Tail|p1a: Chandelure
|-supereffective|p1a: Chandelure
|-damage|p1a: Chandelure|0 fnt
|faint|p1a: Chandelure
|
|
|switch|p1a: Celebi|Celebi|341\/341
|-damage|p1a: Celebi|299\/341|[from] Stealth Rock
|turn|4
|c|★King UU|can I ask a question?
|c|★dodmen|y
|
|switch|p2a: Tornadus|Tornadus, M|299\/299
|move|p1a: Celebi|Swords Dance|p1a: Celebi
|-boost|p1a: Celebi|atk|2
|
|turn|5
|c|★King UU|how come you're so against the whole people hearing you thing
|c|★dodmen|?
|c|★King UU|like skype\/smogcasts
|c|★dodmen|it's not that
|c|★dodmen|lol
|
|move|p2a: Tornadus|Hurricane|p1a: Celebi|[miss]
|-miss|p2a: Tornadus|p1a: Celebi
|move|p1a: Celebi|Zen Headbutt|p2a: Tornadus|[miss]
|-miss|p1a: Celebi|p2a: Tornadus
|
|turn|6
|c|★dodmen|ebin
|c|★King UU|what is it then :o
|c|★King UU|if you don't mind me asking
|c|★dodmen|i just
|c|★dodmen|don't care about smogcast
|
|move|p2a: Tornadus|Hurricane|p1a: Celebi
|-supereffective|p1a: Celebi
|-damage|p1a: Celebi|0 fnt
|faint|p1a: Celebi
|
|c|★dodmen|and don't care enough to skype
|c|★King UU|I see well *tear*
|c|★King UU|baha
|
|switch|p1a: Crobat|Crobat, M|323\/323
|-damage|p1a: Crobat|243\/323|[from] Stealth Rock
|turn|7
|c|★King UU|fair enough :P
|
|switch|p2a: Infernape|Infernape, F|1\/293
|move|p1a: Crobat|Brave Bird|p2a: Infernape
|-supereffective|p2a: Infernape
|-damage|p2a: Infernape|0 fnt
|-damage|p1a: Crobat|242\/323|[from] recoil|[of] p2a: Infernape
|faint|p2a: Infernape
|
|
|switch|p2a: Swampert|Swampert-Mega, M|347\/347
|turn|8
|
|move|p1a: Crobat|Brave Bird|p2a: Swampert
|-damage|p2a: Swampert|160\/347
|-damage|p1a: Crobat|180\/323|[from] recoil|[of] p2a: Swampert
|move|p2a: Swampert|Rain Dance|p2a: Swampert
|-weather|RainDance
|
|-weather|RainDance|[upkeep]
|turn|9
|
|move|p2a: Swampert|Ice Punch|p1a: Crobat
|-supereffective|p1a: Crobat
|-damage|p1a: Crobat|0 fnt
|faint|p1a: Crobat
|
|-weather|RainDance|[upkeep]
|
|switch|p1a: Swampert|Swampert, M|371\/371
|-damage|p1a: Swampert|348\/371|[from] Stealth Rock
|turn|10
|
|detailschange|p1a: Swampert|Swampert-Mega, M
|-mega|p1a: Swampert|Swampert|Swampertite
|move|p2a: Swampert|Aqua Tail|p1a: Swampert
|-damage|p1a: Swampert|107\/371
|move|p1a: Swampert|Waterfall|p2a: Swampert
|-damage|p2a: Swampert|0 fnt
|faint|p2a: Swampert
|
|-weather|RainDance|[upkeep]
|
|switch|p2a: Qwilfish|Qwilfish, F|292\/292
|turn|11
|c|★King UU|die to my 420 speed
|c|★King UU|>:)
|
|move|p2a: Qwilfish|Waterfall|p1a: Swampert
|-damage|p1a: Swampert|0 fnt
|-damage|p2a: Qwilfish|263\/292|[from] item: Life Orb
|faint|p1a: Swampert
|
|-weather|RainDance|[upkeep]
|c|★King UU|:C
|c|★dodmen|!
|
|switch|p1a: Hydreigon|Hydreigon, F|325\/325
|-damage|p1a: Hydreigon|285\/325|[from] Stealth Rock
|turn|12
|
|move|p2a: Qwilfish|Explosion|p1a: Hydreigon
|-damage|p1a: Hydreigon|6\/325
|faint|p2a: Qwilfish
|move|p1a: Hydreigon|Dark Pulse|p2: Qwilfish|[notarget]
|-notarget
|
|-weather|none
|c|★King UU|epic
|
|switch|p2a: Jirachi|Jirachi|341\/341
|turn|13
|
|move|p2a: Jirachi|U-turn|p1a: Hydreigon
|-supereffective|p1a: Hydreigon
|-damage|p1a: Hydreigon|0 fnt
|faint|p1a: Hydreigon
|
|switch|p2a: Celebi|Celebi|341\/341
|
|
|switch|p1a: Lucario|Lucario, M|281\/281
|-damage|p1a: Lucario|273\/281|[from] Stealth Rock
|turn|14
|
|move|p2a: Celebi|Earth Power|p1a: Lucario
|-supereffective|p1a: Lucario
|-damage|p1a: Lucario|0 fnt
|-damage|p2a: Celebi|307\/341|[from] item: Life Orb
|faint|p1a: Lucario
|
|win|dodmen
|c|★King UU|oof
|c|★King UU|gg
|leave|King UU
|player|p1