|join|Slurpuffite
|join|King UU
|player|p1|Slurpuffite|1
|player|p2|King UU|22
|gametype|singles
|gen|6
|tier|UU
|rated
|rule|Sleep Clause Mod: Limit one foe put to sleep
|rule|Species Clause: Limit one of each Pokémon
|rule|OHKO Clause: OHKO moves are banned
|rule|Moody Clause: Moody is banned
|rule|Evasion Moves Clause: Evasion moves are banned
|rule|Endless Battle Clause: Forcing endless battles is banned
|rule|HP Percentage Mod: HP is shown in percentages
|clearpoke
|poke|p1|Sharpedo, M
|poke|p1|Serperior, M, shiny
|poke|p1|Granbull, M
|poke|p1|Krookodile, F
|poke|p1|Nidoqueen, F, shiny
|poke|p1|Jirachi
|poke|p2|Infernape, F
|poke|p2|Pangoro, F
|poke|p2|Tornadus, M
|poke|p2|Swampert, M
|poke|p2|Ludicolo, F
|poke|p2|Jirachi
|rule|Swagger Clause: Swagger is banned
|rule|Baton Pass Clause: Limit one Pokémon knowing Baton Pass
|teampreview
King UU turned on modjoin.
|raw|<div class="broadcast-red"><b>Moderated chat was set to +!<\/b><br \/>Only users of rank + and higher can talk.<\/div>
King UU made this room hidden.
|
|start
|switch|p1a: Nidoqueen|Nidoqueen, F, shiny|353\/353
|switch|p2a: Infernape|Infernape, F|293\/293
|turn|1
|c|★Slurpuffite|gl hf o\/
|
|move|p2a: Infernape|Stealth Rock|p1a: Nidoqueen
|-sidestart|p1: Slurpuffite|move: Stealth Rock
|move|p1a: Nidoqueen|Sludge Wave|p2a: Infernape
|-damage|p2a: Infernape|23\/293
|
|turn|2
|
|move|p2a: Infernape|Endeavor|p1a: Nidoqueen
|-damage|p1a: Nidoqueen|23\/353
|move|p1a: Nidoqueen|Earth Power|p2a: Infernape
|-supereffective|p2a: Infernape
|-damage|p2a: Infernape|0 fnt
|faint|p2a: Infernape
|
|
|switch|p2a: Jirachi|Jirachi|341\/341
|turn|3
|
|move|p2a: Jirachi|U-turn|p1a: Nidoqueen
|-resisted|p1a: Nidoqueen
|-damage|p1a: Nidoqueen|0 fnt
|faint|p1a: Nidoqueen
|
|switch|p2a: Ludicolo|Ludicolo, F|301\/301
|
|
|switch|p1a: Serperior|Serperior, M, shiny|299\/299
|-damage|p1a: Serperior|262\/299|[from] Stealth Rock
|turn|4
|
|move|p1a: Serperior|Knock Off|p2a: Ludicolo
|-damage|p2a: Ludicolo|214\/301
|-enditem|p2a: Ludicolo|Life Orb|[from] move: Knock Off|[of] p1a: Serperior
|move|p2a: Ludicolo|Ice Beam|p1a: Serperior
|-supereffective|p1a: Serperior
|-damage|p1a: Serperior|68\/299
|
|-heal|p1a: Serperior|86\/299|[from] item: Leftovers
|turn|5
|
|move|p1a: Serperior|Glare|p2a: Ludicolo
|-status|p2a: Ludicolo|par
|cant|p2a: Ludicolo|par
|
|-heal|p1a: Serperior|104\/299|[from] item: Leftovers
|turn|6
|
|move|p1a: Serperior|Leaf Storm|p2a: Ludicolo
|-damage|p2a: Ludicolo|45\/301 par
|-boost|p1a: Serperior|spa|2
|move|p2a: Ludicolo|Ice Beam|p1a: Serperior
|-crit|p1a: Serperior
|-supereffective|p1a: Serperior
|-damage|p1a: Serperior|0 fnt
|faint|p1a: Serperior
|
|
|switch|p1a: Sharpedo|Sharpedo, M|281\/281
|-damage|p1a: Sharpedo|246\/281|[from] Stealth Rock
|turn|7
|
|move|p1a: Sharpedo|Crunch|p2a: Ludicolo
|-damage|p2a: Ludicolo|0 fnt
|faint|p2a: Ludicolo
|
|-boost|p1a: Sharpedo|spe|1|[from] ability: Speed Boost
|
|switch|p2a: Pangoro|Pangoro, F|331\/331
|turn|8
|
|move|p1a: Sharpedo|Protect|p1a: Sharpedo
|-singleturn|p1a: Sharpedo|Protect
|move|p2a: Pangoro|Drain Punch|p1a: Sharpedo
|-activate|p1a: Sharpedo|Protect
|
|-boost|p1a: Sharpedo|spe|1|[from] ability: Speed Boost
|turn|9
|
|switch|p1a: Granbull|Granbull, M|383\/383
|-damage|p1a: Granbull|336\/383|[from] Stealth Rock
|-ability|p1a: Granbull|Intimidate|[of] p2a: Pangoro
|-unboost|p2a: Pangoro|atk|1
|move|p2a: Pangoro|Drain Punch|p1a: Granbull
|-resisted|p1a: Granbull
|-damage|p1a: Granbull|291\/383
|
|-heal|p1a: Granbull|314\/383|[from] item: Leftovers
|turn|10
|
|switch|p1a: Krookodile|Krookodile, F|394\/394
|-damage|p1a: Krookodile|370\/394|[from] Stealth Rock
|-ability|p1a: Krookodile|Intimidate|[of] p2a: Pangoro
|-unboost|p2a: Pangoro|atk|1
|move|p2a: Pangoro|Swords Dance|p2a: Pangoro
|-boost|p2a: Pangoro|atk|2
|
|-heal|p1a: Krookodile|394\/394|[from] item: Leftovers
|turn|11
|
|move|p1a: Krookodile|Stealth Rock|p2a: Pangoro
|-sidestart|p2: King UU|move: Stealth Rock
|move|p2a: Pangoro|Drain Punch|p1a: Krookodile
|-supereffective|p1a: Krookodile
|-damage|p1a: Krookodile|122\/394
|
|-heal|p1a: Krookodile|146\/394|[from] item: Leftovers
|turn|12
|
|move|p2a: Pangoro|Swords Dance|p2a: Pangoro
|-boost|p2a: Pangoro|atk|2
|move|p1a: Krookodile|Roar|p2a: Pangoro
|drag|p2a: Jirachi|Jirachi|341\/341
|-damage|p2a: Jirachi|320\/341|[from] Stealth Rock
|
|-heal|p1a: Krookodile|170\/394|[from] item: Leftovers
|turn|13
|
|move|p1a: Krookodile|Protect|p1a: Krookodile
|-singleturn|p1a: Krookodile|Protect
|move|p2a: Jirachi|U-turn|p1a: Krookodile
|-activate|p1a: Krookodile|Protect
|
|-heal|p1a: Krookodile|194\/394|[from] item: Leftovers
|turn|14
|
|switch|p1a: Granbull|Granbull, M|314\/383
|-damage|p1a: Granbull|267\/383|[from] Stealth Rock
|-ability|p1a: Granbull|Intimidate|[of] p2a: Jirachi
|-unboost|p2a: Jirachi|atk|1
|move|p2a: Jirachi|U-turn|p1a: Granbull
|-resisted|p1a: Granbull
|-damage|p1a: Granbull|248\/383
|
|switch|p2a: Pangoro|Pangoro, F|331\/331
|-damage|p2a: Pangoro|311\/331|[from] Stealth Rock
|
|-heal|p1a: Granbull|271\/383|[from] item: Leftovers
|turn|15
|
|move|p2a: Pangoro|Iron Head|p1a: Granbull
|-supereffective|p1a: Granbull
|-damage|p1a: Granbull|109\/383
|cant|p1a: Granbull|flinch
|
|-heal|p1a: Granbull|132\/383|[from] item: Leftovers
|turn|16
|
|move|p2a: Pangoro|Iron Head|p1a: Granbull
|-supereffective|p1a: Granbull
|-damage|p1a: Granbull|0 fnt
|faint|p1a: Granbull
|
|
|switch|p1a: Jirachi|Jirachi|341\/341
|-damage|p1a: Jirachi|320\/341|[from] Stealth Rock
|turn|17
|
|move|p1a: Jirachi|Iron Head|p2a: Pangoro
|-damage|p2a: Pangoro|164\/331
|cant|p2a: Pangoro|flinch
|
|turn|18
|
|move|p1a: Jirachi|Iron Head|p2a: Pangoro
|-damage|p2a: Pangoro|14\/331
|move|p2a: Pangoro|Knock Off|p1a: Jirachi
|-supereffective|p1a: Jirachi
|-damage|p1a: Jirachi|0 fnt
|-enditem|p1a: Jirachi|Choice Scarf|[from] move: Knock Off|[of] p2a: Pangoro
|faint|p1a: Jirachi
|
|
|switch|p1a: Sharpedo|Sharpedo, M|246\/281
|-damage|p1a: Sharpedo|211\/281|[from] Stealth Rock
|turn|19
|
|move|p1a: Sharpedo|Waterfall|p2a: Pangoro
|-damage|p2a: Pangoro|0 fnt
|faint|p2a: Pangoro
|
|-boost|p1a: Sharpedo|spe|1|[from] ability: Speed Boost
|
|switch|p2a: Swampert|Swampert, M|347\/347
|-damage|p2a: Swampert|326\/347|[from] Stealth Rock
|turn|20
|
|switch|p1a: Krookodile|Krookodile, F|194\/394
|-damage|p1a: Krookodile|170\/394|[from] Stealth Rock
|-ability|p1a: Krookodile|Intimidate|[of] p2a: Swampert
|-unboost|p2a: Swampert|atk|1
|detailschange|p2a: Swampert|Swampert-Mega, M
|-mega|p2a: Swampert|Swampert|Swampertite
|move|p2a: Swampert|Power-Up Punch|p1a: Krookodile
|-supereffective|p1a: Krookodile
|-damage|p1a: Krookodile|114\/394
|-boost|p2a: Swampert|atk|1
|
|-heal|p1a: Krookodile|138\/394|[from] item: Leftovers
|turn|21
|
|move|p2a: Swampert|Waterfall|p1a: Krookodile
|-supereffective|p1a: Krookodile
|-damage|p1a: Krookodile|0 fnt
|faint|p1a: Krookodile
|
|
|switch|p1a: Sharpedo|Sharpedo, M|211\/281
|-damage|p1a: Sharpedo|176\/281|[from] Stealth Rock
|turn|22
|c|★Slurpuffite|only flinch saves me, right?
|c|★King UU|idk
|
|move|p1a: Sharpedo|Waterfall|p2a: Swampert
|-damage|p2a: Swampert|190\/347
|cant|p2a: Swampert|flinch
|
|-boost|p1a: Sharpedo|spe|1|[from] ability: Speed Boost
|turn|23
|
|move|p1a: Sharpedo|Protect|p1a: Sharpedo
|-singleturn|p1a: Sharpedo|Protect
|move|p2a: Swampert|Earthquake|p1a: Sharpedo
|-activate|p1a: Sharpedo|Protect
|
|-boost|p1a: Sharpedo|spe|1|[from] ability: Speed Boost
|turn|24
|
|detailschange|p1a: Sharpedo|Sharpedo-Mega, M
|-mega|p1a: Sharpedo|Sharpedo|Sharpedonite
|move|p1a: Sharpedo|Crunch|p2a: Swampert
|-crit|p2a: Swampert
|-damage|p2a: Swampert|0 fnt
|faint|p2a: Swampert
|
|
|switch|p2a: Tornadus|Tornadus, M|299\/299
|-damage|p2a: Tornadus|225\/299|[from] Stealth Rock
|turn|25
|
|move|p1a: Sharpedo|Crunch|p2a: Tornadus
|-damage|p2a: Tornadus|0 fnt
|faint|p2a: Tornadus
|
|
|switch|p2a: Jirachi|Jirachi|320\/341
|-damage|p2a: Jirachi|299\/341|[from] Stealth Rock
|turn|26
|c|★Slurpuffite|sorry about that haxes
|
|move|p1a: Sharpedo|Crunch|p2a: Jirachi
|-supereffective|p2a: Jirachi
|-damage|p2a: Jirachi|0 fnt
|faint|p2a: Jirachi
|
|win|Slurpuffite
|raw|Ladder updating...
|raw|Slurpuffite's rating: 1537 &rarr; <strong>1556<\/strong><br \/>(+19 for winning)
|raw|King UU's rating: 1527 &rarr; <strong>1508<\/strong><br \/>(-19 for losing)
|c|★King UU|gg
|leave|King UU
|player|p2