|join|King UU
|join|Mega Pidgeotto
|player|p1|King UU|#kinguu
|player|p2|Mega Pidgeotto|171
|gametype|singles
|gen|6
|tier|UU
|rated
|rule|Sleep Clause Mod: Limit one foe put to sleep
|rule|Species Clause: Limit one of each Pokémon
|rule|OHKO Clause: OHKO moves are banned
|rule|Moody Clause: Moody is banned
|rule|Evasion Moves Clause: Evasion moves are banned
|rule|Endless Battle Clause: Forcing endless battles is banned
|rule|HP Percentage Mod: HP is shown in percentages
|clearpoke
|poke|p1|Serperior, F
|poke|p1|Jirachi
|poke|p1|Umbreon, M
|poke|p1|Crobat, M
|poke|p1|Swampert, F
|poke|p1|Infernape, F
|poke|p2|Gligar, F
|poke|p2|Medicham, M
|poke|p2|Nidoqueen, F
|poke|p2|Serperior, F
|poke|p2|Suicune
|poke|p2|Infernape, M
|rule|Swagger Clause: Swagger is banned
|rule|Baton Pass Clause: Limit one Pokémon knowing Baton Pass
|teampreview
King UU turned on modjoin.
|raw|<div class="broadcast-red"><b>Moderated chat was set to +!<\/b><br \/>Only users of rank + and higher can talk.<\/div>
King UU made this room hidden.
|c|★Mega Pidgeotto|awkward
|c|★King UU|no
|c|★King UU|it's only awkward
|c|★King UU|if you make it awkward
|c|★King UU|<3
|
|start
|switch|p1a: Infernape|Infernape, F|293\/293
|switch|p2a: Infernape|Infernape, M|293\/293
|turn|1
|
|move|p2a: Infernape|Close Combat|p1a: Infernape
|-damage|p1a: Infernape|0 fnt
|-unboost|p2a: Infernape|def|1
|-unboost|p2a: Infernape|spd|1
|-damage|p2a: Infernape|264\/293|[from] item: Life Orb
|faint|p1a: Infernape
|
|
|switch|p1a: Serperior|Serperior, F|291\/291
|turn|2
|
|move|p1a: Serperior|Leaf Storm|p2a: Infernape
|-resisted|p2a: Infernape
|-damage|p2a: Infernape|108\/293
|-boost|p1a: Serperior|spa|2
|move|p2a: Infernape|Flare Blitz|p1a: Serperior
|-supereffective|p1a: Serperior
|-damage|p1a: Serperior|0 fnt
|-damage|p2a: Infernape|12\/293|[from] recoil|[of] p1a: Serperior
|-damage|p2a: Infernape|0 fnt|[from] item: Life Orb
|faint|p1a: Serperior
|faint|p2a: Infernape
|
|c|★Mega Pidgeotto|lol
|c|★Mega Pidgeotto|you're using
|c|★Mega Pidgeotto|scarf.
|c|★Mega Pidgeotto|(or leftovers)
|c|★King UU|?
|c|★King UU|no I just thought
|c|★King UU|you'd switch
|c|★King UU|I'm bad
|c|★King UU|you see
|c|★King UU|and
|c|★Mega Pidgeotto|lol
|c|★King UU|I think you'll be jealous of our smogcasts
|c|★King UU|they're fun as fuck
|c|★Mega Pidgeotto|i c
|c|★King UU|first one is uploading soon
|
|switch|p2a: Suicune|Suicune|403\/403
|switch|p1a: Swampert|Swampert, F|404\/404
|-ability|p2a: Suicune|Pressure
|turn|3
|
|move|p2a: Suicune|Scald|p1a: Swampert
|-crit|p1a: Swampert
|-damage|p1a: Swampert|253\/404
|move|p1a: Swampert|Stealth Rock|p2a: Suicune
|-sidestart|p2: Mega Pidgeotto|move: Stealth Rock
|
|-heal|p1a: Swampert|278\/404|[from] item: Leftovers
|turn|4
|c|★Mega Pidgeotto|thats not mega
|
|move|p2a: Suicune|Scald|p1a: Swampert
|-damage|p1a: Swampert|187\/404
|move|p1a: Swampert|Roar|p2a: Suicune
|drag|p2a: Serperior|Serperior, F|291\/291
|-damage|p2a: Serperior|255\/291|[from] Stealth Rock
|
|-heal|p1a: Swampert|212\/404|[from] item: Leftovers
|turn|5
|
|switch|p1a: Umbreon|Umbreon, M|394\/394
|move|p2a: Serperior|Leaf Storm|p1a: Umbreon
|-damage|p1a: Umbreon|264\/394
|-boost|p2a: Serperior|spa|2
|-damage|p2a: Serperior|226\/291|[from] item: Life Orb
|
|-heal|p1a: Umbreon|288\/394|[from] item: Leftovers
|turn|6
|c|★Mega Pidgeotto|no glare 5 u
|c|★King UU|5\/6\/7\/8
|
|move|p2a: Serperior|Leaf Storm|p1a: Umbreon
|-crit|p1a: Umbreon
|-damage|p1a: Umbreon|0 fnt
|-boost|p2a: Serperior|spa|2
|-damage|p2a: Serperior|197\/291|[from] item: Life Orb
|faint|p1a: Umbreon
|
|c|★King UU|oh
|c|★Mega Pidgeotto|rip
|
|switch|p1a: Jirachi|Jirachi|341\/341
|turn|7
|
|move|p1a: Jirachi|U-turn|p2a: Serperior
|-supereffective|p2a: Serperior
|-damage|p2a: Serperior|43\/291
|c|★King UU|I'm really good
|c|★King UU|at losing
|c|★Mega Pidgeotto|ebin
|
|switch|p1a: Crobat|Crobat, M|363\/363
|move|p2a: Serperior|Hidden Power|p1a: Crobat
|-damage|p1a: Crobat|143\/363
|-damage|p2a: Serperior|14\/291|[from] item: Life Orb
|
|-heal|p1a: Crobat|165\/363|[from] item: Black Sludge
|turn|8
|c|★Mega Pidgeotto|i like the team though
|c|★King UU|so do I
|c|★King UU|it's band ape btw
|
|move|p1a: Crobat|U-turn|p2a: Serperior
|-supereffective|p2a: Serperior
|-damage|p2a: Serperior|0 fnt
|faint|p2a: Serperior
|c|★Mega Pidgeotto|ah
|c|★King UU|and dual scarf
|c|★King UU|lol
|c|★Mega Pidgeotto|xd
|
|switch|p1a: Swampert|Swampert, F|212\/404
|
|-heal|p1a: Swampert|237\/404|[from] item: Leftovers
|c|★Mega Pidgeotto|i didn't get to pull out the trump card
|c|★King UU|pull it out now
|
|switch|p2a: Medicham|Medicham, M|261\/261
|-damage|p2a: Medicham|245\/261|[from] Stealth Rock
|turn|9
|c|★King UU|ik what it is
|c|★Mega Pidgeotto|i can't
|
|switch|p1a: Jirachi|Jirachi|341\/341
|detailschange|p2a: Medicham|Medicham-Mega, M
|-mega|p2a: Medicham|Medicham|Medichamite
|move|p2a: Medicham|High Jump Kick|p1a: Jirachi
|-damage|p1a: Jirachi|0 fnt
|faint|p1a: Jirachi
|
|c|★King UU|ugh why
|c|★Mega Pidgeotto|predicted.
|c|★King UU|are you even using this
|c|★King UU|no
|c|★King UU|why
|c|★King UU|are you even
|c|★King UU|usign this d0d
|c|★Mega Pidgeotto|because
|
|switch|p1a: Crobat|Crobat, M|165\/363
|turn|10
|c|★King UU|because you're trevor ellis
|c|★King UU|you laddering pos
|c|★King UU|lol
|c|★King UU|play ULT ladder
|c|★King UU|;)
|c|★Mega Pidgeotto|ha
|
|switch|p2a: Gligar|Gligar, F|334\/334
|-damage|p2a: Gligar|293\/334|[from] Stealth Rock
|move|p1a: Crobat|Brave Bird|p2a: Gligar
|-damage|p2a: Gligar|208\/334
|-damage|p1a: Crobat|137\/363|[from] recoil|[of] p2a: Gligar
|
|-heal|p1a: Crobat|159\/363|[from] item: Black Sludge
|turn|11
|
|move|p1a: Crobat|Roost|p1a: Crobat
|-heal|p1a: Crobat|341\/363
|move|p2a: Gligar|Agility|p2a: Gligar
|-boost|p2a: Gligar|spe|2
|
|-heal|p1a: Crobat|363\/363|[from] item: Black Sludge
|turn|12
|c|★King UU|ugh
|
|move|p1a: Crobat|U-turn|p2a: Gligar
|-resisted|p2a: Gligar
|-damage|p2a: Gligar|189\/334
|c|★Mega Pidgeotto|g
|
|switch|p1a: Swampert|Swampert, F|237\/404
|move|p2a: Gligar|Baton Pass|p2a: Gligar
|c|★Mega Pidgeotto|g
|
|switch|p2a: Medicham|Medicham-Mega, M|245\/261
|-damage|p2a: Medicham|229\/261|[from] Stealth Rock
|
|-heal|p1a: Swampert|262\/404|[from] item: Leftovers
|turn|13
|c|★King UU|miss
|
|move|p2a: Medicham|High Jump Kick|p1a: Swampert
|-damage|p1a: Swampert|0 fnt
|faint|p1a: Swampert
|
|c|★King UU|oh
|
|switch|p1a: Crobat|Crobat, M|363\/363
|turn|14
|c|★King UU|miss
|
|move|p2a: Medicham|Zen Headbutt|p1a: Crobat
|-supereffective|p1a: Crobat
|-damage|p1a: Crobat|0 fnt
|faint|p1a: Crobat
|
|win|Mega Pidgeotto
|raw|Ladder updating...
|c|★King UU|oh
|raw|King UU's rating: 1617 &rarr; <strong>1591<\/strong><br \/>(-26 for losing)
|raw|Mega Pidgeotto's rating: 1515 &rarr; <strong>1541<\/strong><br \/>(+26 for winning)
|leave|King UU
|c|★Mega Pidgeotto|n_n