|join|King UU
|join|ULT Hogg
|player|p1|King UU|#kinguu
|player|p2|ULT Hogg|125
|gametype|singles
|gen|6
|tier|UU
|rated
|rule|Sleep Clause Mod: Limit one foe put to sleep
|rule|Species Clause: Limit one of each Pokémon
|rule|OHKO Clause: OHKO moves are banned
|rule|Moody Clause: Moody is banned
|rule|Evasion Moves Clause: Evasion moves are banned
|rule|Endless Battle Clause: Forcing endless battles is banned
|rule|HP Percentage Mod: HP is shown in percentages
|clearpoke
|poke|p1|Aerodactyl, M
|poke|p1|Machamp, F
|poke|p1|Florges, F
|poke|p1|Jirachi
|poke|p1|Tentacruel, M
|poke|p1|Hydreigon, M
|poke|p2|Kyurem
|poke|p2|Tentacruel, F
|poke|p2|Florges, F
|poke|p2|Ferroseed, F
|poke|p2|Aerodactyl, M
|poke|p2|Shedinja
|rule|Swagger Clause: Swagger is banned
|rule|Baton Pass Clause: Limit one Pokémon knowing Baton Pass
|teampreview
|
|start
|switch|p1a: Hydreigon|Hydreigon, M|383\/383
|switch|p2a: Kyurem|Kyurem|405\/405
|-ability|p2a: Kyurem|Pressure
|turn|1
|
|switch|p2a: Florges|Florges, F|360\/360
|switch|p1a: Machamp|Machamp, F|364\/364
|
|turn|2
|
|switch|p2a: Tentacruel|Tentacruel, F|352\/352
|switch|p1a: Jirachi|Jirachi|404\/404
|
|turn|3
|
|move|p2a: Tentacruel|Knock Off|p1a: Jirachi
|-supereffective|p1a: Jirachi
|-damage|p1a: Jirachi|296\/404
|-enditem|p1a: Jirachi|Leftovers|[from] move: Knock Off|[of] p2a: Tentacruel
|move|p1a: Jirachi|Substitute|p1a: Jirachi
|-start|p1a: Jirachi|Substitute
|-damage|p1a: Jirachi|195\/404
|
|turn|4
|
|move|p2a: Tentacruel|Scald|p1a: Jirachi
|-activate|p1a: Jirachi|Substitute|[damage]
|move|p1a: Jirachi|Body Slam|p2a: Tentacruel
|-damage|p2a: Tentacruel|273\/352
|-status|p2a: Tentacruel|par
|
|-heal|p2a: Tentacruel|295\/352 par|[from] item: Black Sludge
|turn|5
|
|move|p1a: Jirachi|Iron Head|p2a: Tentacruel
|-resisted|p2a: Tentacruel
|-damage|p2a: Tentacruel|238\/352 par
|cant|p2a: Tentacruel|flinch
|
|-heal|p2a: Tentacruel|260\/352 par|[from] item: Black Sludge
|turn|6
|
|move|p1a: Jirachi|Iron Head|p2a: Tentacruel
|-resisted|p2a: Tentacruel
|-damage|p2a: Tentacruel|194\/352 par
|move|p2a: Tentacruel|Scald|p1a: Jirachi
|-crit|p1a: Jirachi
|-end|p1a: Jirachi|Substitute
|
|-heal|p2a: Tentacruel|216\/352 par|[from] item: Black Sludge
|turn|7
|
|switch|p2a: Ferroseed|Ferroseed, F|292\/292
|move|p1a: Jirachi|Iron Head|p2a: Ferroseed
|-resisted|p2a: Ferroseed
|-damage|p2a: Ferroseed|259\/292
|-damage|p1a: Jirachi|145\/404|[from] ability: Iron Barbs|[of] p2a: Ferroseed
|
|turn|8
|
|switch|p1a: Machamp|Machamp, F|364\/364
|move|p2a: Ferroseed|Stealth Rock|p1a: Machamp
|-sidestart|p1: King UU|move: Stealth Rock
|
|turn|9
|
|move|p2a: Ferroseed|Protect|p2a: Ferroseed
|-singleturn|p2a: Ferroseed|Protect
|move|p1a: Machamp|Dynamic Punch|p2a: Ferroseed
|-activate|p2a: Ferroseed|Protect
|
|turn|10
|
|switch|p2a: Aerodactyl|Aerodactyl, M|363\/363
|-ability|p2a: Aerodactyl|Pressure
|move|p1a: Machamp|Dynamic Punch|p2a: Aerodactyl
|-damage|p2a: Aerodactyl|122\/363
|-start|p2a: Aerodactyl|confusion
|
|turn|11
|
|detailschange|p2a: Aerodactyl|Aerodactyl-Mega, M
|-mega|p2a: Aerodactyl|Aerodactyl|Aerodactylite
|move|p1a: Machamp|Bullet Punch|p2a: Aerodactyl
|-supereffective|p2a: Aerodactyl
|-damage|p2a: Aerodactyl|6\/363
|-activate|p2a: Aerodactyl|confusion
|move|p2a: Aerodactyl|Aerial Ace|p1a: Machamp
|-supereffective|p1a: Machamp
|-damage|p1a: Machamp|86\/364
|
|turn|12
|
|switch|p2a: Ferroseed|Ferroseed, F|259\/292
|move|p1a: Machamp|Bullet Punch|p2a: Ferroseed
|-crit|p2a: Ferroseed
|-resisted|p2a: Ferroseed
|-damage|p2a: Ferroseed|239\/292
|-damage|p1a: Machamp|41\/364|[from] ability: Iron Barbs|[of] p2a: Ferroseed
|
|turn|13
|
|move|p1a: Machamp|Dynamic Punch|p2a: Ferroseed
|-supereffective|p2a: Ferroseed
|-damage|p2a: Ferroseed|35\/292
|-damage|p1a: Machamp|0 fnt|[from] ability: Iron Barbs|[of] p2a: Ferroseed
|faint|p1a: Machamp
|-start|p2a: Ferroseed|confusion
|-activate|p2a: Ferroseed|confusion
|move|p2a: Ferroseed|Spikes|p1: Machamp
|-sidestart|p1: King UU|Spikes
|
|
|switch|p1a: Tentacruel|Tentacruel, M|364\/364
|-damage|p1a: Tentacruel|319\/364|[from] Spikes
|-damage|p1a: Tentacruel|274\/364|[from] Stealth Rock
|turn|14
|join|lukesun
|
|switch|p2a: Kyurem|Kyurem|405\/405
|-ability|p2a: Kyurem|Pressure
|move|p1a: Tentacruel|Knock Off|p2a: Kyurem
|-damage|p2a: Kyurem|344\/405
|-enditem|p2a: Kyurem|Leftovers|[from] move: Knock Off|[of] p1a: Tentacruel
|
|-heal|p1a: Tentacruel|296\/364|[from] item: Black Sludge
|turn|15
|c| lukesun|glitch much?
|
|move|p2a: Kyurem|Substitute|p2a: Kyurem
|-start|p2a: Kyurem|Substitute
|-damage|p2a: Kyurem|243\/405
|move|p1a: Tentacruel|Rapid Spin|p2a: Kyurem
|-activate|p2a: Kyurem|Substitute|[damage]
|-sideend|p1: King UU|Spikes|[from] move: Rapid Spin|[of] p1a: Tentacruel
|-sideend|p1: King UU|Stealth Rock|[from] move: Rapid Spin|[of] p1a: Tentacruel
|
|-heal|p1a: Tentacruel|318\/364|[from] item: Black Sludge
|turn|16
|
|switch|p1a: Florges|Florges, F|360\/360
|move|p2a: Kyurem|Roost|p2a: Kyurem
|-heal|p2a: Kyurem|405\/405
|
|turn|17
|
|move|p2a: Kyurem|Ice Beam|p1a: Florges
|-damage|p1a: Florges|252\/360
|move|p1a: Florges|Moonblast|p2a: Kyurem
|-supereffective|p2a: Kyurem
|-end|p2a: Kyurem|Substitute
|
|-heal|p1a: Florges|274\/360|[from] item: Leftovers
|turn|18
|
|switch|p2a: Shedinja|Shedinja|1\/1
|move|p1a: Florges|Moonblast|p2a: Shedinja
|-activate|p2a: Shedinja|ability: Wonder Guard
|
|-heal|p1a: Florges|296\/360|[from] item: Leftovers
|turn|19
|
|switch|p1a: Aerodactyl|Aerodactyl, M|301\/301
|-ability|p1a: Aerodactyl|Pressure
|switch|p2a: Florges|Florges, F|360\/360
|
|turn|20
|
|detailschange|p1a: Aerodactyl|Aerodactyl-Mega, M
|-mega|p1a: Aerodactyl|Aerodactyl|Aerodactylite
|move|p1a: Aerodactyl|Stone Edge|p2a: Florges
|-damage|p2a: Florges|186\/360
|move|p2a: Florges|Wish|p2a: Florges
|
|-heal|p2a: Florges|208\/360|[from] item: Leftovers
|turn|21
|
|switch|p2a: Tentacruel|Tentacruel, F|216\/352 par
|move|p1a: Aerodactyl|Stone Edge|p2a: Tentacruel|[miss]
|-miss|p1a: Aerodactyl|p2a: Tentacruel
|
|-heal|p2a: Tentacruel|352\/352 par|[from] move: Wish|[wisher] Florges
|turn|22
|
|move|p1a: Aerodactyl|Earthquake|p2a: Tentacruel
|-supereffective|p2a: Tentacruel
|-damage|p2a: Tentacruel|136\/352 par
|cant|p2a: Tentacruel|par
|
|-heal|p2a: Tentacruel|158\/352 par|[from] item: Black Sludge
|turn|23
|
|switch|p2a: Shedinja|Shedinja|1\/1
|move|p1a: Aerodactyl|Earthquake|p2a: Shedinja
|-activate|p2a: Shedinja|ability: Wonder Guard
|
|turn|24
|join|Lucipurrr
|
|move|p1a: Aerodactyl|Pursuit|p2a: Shedinja
|-supereffective|p2a: Shedinja
|-enditem|p2a: Shedinja|Focus Sash
|-damage|p2a: Shedinja|1\/1
|move|p2a: Shedinja|Will-O-Wisp|p1a: Aerodactyl
|-status|p1a: Aerodactyl|brn
|
|-damage|p1a: Aerodactyl|264\/301 brn|[from] brn
|turn|25
|c| lukesun|hey ult hogg
|c|★ULT Hogg|?
|
|move|p2a: Shedinja|Shadow Sneak|p1a: Aerodactyl
|-damage|p1a: Aerodactyl|192\/301 brn
|move|p1a: Aerodactyl|Pursuit|p2a: Shedinja
|-supereffective|p2a: Shedinja
|-damage|p2a: Shedinja|0 fnt
|faint|p2a: Shedinja
|
|-damage|p1a: Aerodactyl|155\/301 brn|[from] brn
|
|switch|p2a: Florges|Florges, F|208\/360
|turn|26
|c| lukesun|nu
|c| lukesun|shedinja
|
|switch|p1a: Florges|Florges, F|296\/360
|move|p2a: Florges|Wish|p2a: Florges
|
|-heal|p1a: Florges|318\/360|[from] item: Leftovers
|-heal|p2a: Florges|230\/360|[from] item: Leftovers
|turn|27
|c| lukesun|u were mah bud D:
|
|switch|p2a: Ferroseed|Ferroseed, F|35\/292
|move|p1a: Florges|Calm Mind|p1a: Florges
|-boost|p1a: Florges|spa|1
|-boost|p1a: Florges|spd|1
|
|-heal|p2a: Ferroseed|215\/292|[from] move: Wish|[wisher] Florges
|-heal|p1a: Florges|340\/360|[from] item: Leftovers
|turn|28
|join|FUQ GLISCORE
|
|move|p1a: Florges|Moonblast|p2a: Ferroseed
|-resisted|p2a: Ferroseed
|-damage|p2a: Ferroseed|144\/292
|move|p2a: Ferroseed|Leech Seed|p1a: Florges
|-start|p1a: Florges|move: Leech Seed
|
|-heal|p1a: Florges|360\/360|[from] item: Leftovers
|-damage|p1a: Florges|315\/360|[from] Leech Seed|[of] p2a: Ferroseed
|-heal|p2a: Ferroseed|189\/292|[silent]
|turn|29
|join|tuRkles
|
|switch|p1a: Hydreigon|Hydreigon, M|383\/383
|switch|p2a: Florges|Florges, F|230\/360
|
|-heal|p2a: Florges|252\/360|[from] item: Leftovers
|turn|30
|c| lukesun|what happened
|
|move|p1a: Hydreigon|Taunt|p2a: Florges
|-start|p2a: Florges|move: Taunt
|move|p2a: Florges|Moonblast|p1a: Hydreigon
|-supereffective|p1a: Hydreigon
|-damage|p1a: Hydreigon|0 fnt
|faint|p1a: Hydreigon
|
|-heal|p2a: Florges|274\/360|[from] item: Leftovers
|c| lukesun|its a party in here
|
|switch|p1a: Tentacruel|Tentacruel, M|318\/364
|turn|31
|
|switch|p2a: Kyurem|Kyurem|405\/405
|-ability|p2a: Kyurem|Pressure
|move|p1a: Tentacruel|Knock Off|p2a: Kyurem
|-damage|p2a: Kyurem|364\/405
|
|-heal|p1a: Tentacruel|340\/364|[from] item: Black Sludge
|turn|32
|
|switch|p1a: Florges|Florges, F|315\/360
|move|p2a: Kyurem|Substitute|p2a: Kyurem
|-start|p2a: Kyurem|Substitute
|-damage|p2a: Kyurem|263\/405
|
|-heal|p1a: Florges|337\/360|[from] item: Leftovers
|turn|33
|
|move|p2a: Kyurem|Roost|p2a: Kyurem
|-heal|p2a: Kyurem|405\/405
|move|p1a: Florges|Calm Mind|p1a: Florges
|-boost|p1a: Florges|spa|1
|-boost|p1a: Florges|spd|1
|
|-heal|p1a: Florges|359\/360|[from] item: Leftovers
|turn|34
|
|switch|p2a: Ferroseed|Ferroseed, F|189\/292
|move|p1a: Florges|Calm Mind|p1a: Florges
|-boost|p1a: Florges|spa|1
|-boost|p1a: Florges|spd|1
|
|-heal|p1a: Florges|360\/360|[from] item: Leftovers
|turn|35
|
|move|p1a: Florges|Moonblast|p2a: Ferroseed
|-resisted|p2a: Ferroseed
|-damage|p2a: Ferroseed|94\/292
|move|p2a: Ferroseed|Leech Seed|p1a: Florges
|-start|p1a: Florges|move: Leech Seed
|
|-damage|p1a: Florges|315\/360|[from] Leech Seed|[of] p2a: Ferroseed
|-heal|p2a: Ferroseed|139\/292|[silent]
|turn|36
|
|switch|p1a: Tentacruel|Tentacruel, M|340\/364
|switch|p2a: Florges|Florges, F|274\/360
|
|-heal|p1a: Tentacruel|362\/364|[from] item: Black Sludge
|-heal|p2a: Florges|296\/360|[from] item: Leftovers
|turn|37
|leave|FUQ GLISCORE
|
|move|p1a: Tentacruel|Scald|p2a: Florges
|-damage|p2a: Florges|244\/360
|move|p2a: Florges|Wish|p2a: Florges
|
|-heal|p1a: Tentacruel|364\/364|[from] item: Black Sludge
|-heal|p2a: Florges|266\/360|[from] item: Leftovers
|turn|38
|
|move|p1a: Tentacruel|Scald|p2a: Florges
|-damage|p2a: Florges|220\/360
|-status|p2a: Florges|brn
|move|p2a: Florges|Aromatherapy|p2a: Florges
|-cureteam|p2a: Florges|[from] move: Aromatherapy
|
|-heal|p2a: Florges|360\/360|[from] move: Wish|[wisher] Florges
|turn|39
|
|move|p1a: Tentacruel|Knock Off|p2a: Florges
|-resisted|p2a: Florges
|-damage|p2a: Florges|333\/360
|-enditem|p2a: Florges|Leftovers|[from] move: Knock Off|[of] p1a: Tentacruel
|move|p2a: Florges|Wish|p2a: Florges
|
|turn|40
|
|switch|p2a: Tentacruel|Tentacruel, F|158\/352
|move|p1a: Tentacruel|Scald|p2a: Tentacruel
|-resisted|p2a: Tentacruel
|-damage|p2a: Tentacruel|126\/352
|
|-heal|p2a: Tentacruel|306\/352|[from] move: Wish|[wisher] Florges
|-heal|p2a: Tentacruel|328\/352|[from] item: Black Sludge
|turn|41
|
|move|p2a: Tentacruel|Toxic Spikes|p1a: Tentacruel
|-sidestart|p1: King UU|move: Toxic Spikes
|move|p1a: Tentacruel|Knock Off|p2a: Tentacruel
|-damage|p2a: Tentacruel|281\/352
|-enditem|p2a: Tentacruel|Black Sludge|[from] move: Knock Off|[of] p1a: Tentacruel
|
|turn|42
|
|move|p2a: Tentacruel|Knock Off|p1a: Tentacruel
|-damage|p1a: Tentacruel|314\/364
|-enditem|p1a: Tentacruel|Black Sludge|[from] move: Knock Off|[of] p2a: Tentacruel
|move|p1a: Tentacruel|Rapid Spin|p2a: Tentacruel
|-damage|p2a: Tentacruel|270\/352
|-sideend|p1: King UU|Toxic Spikes|[from] move: Rapid Spin|[of] p1a: Tentacruel
|
|turn|43
|
|move|p2a: Tentacruel|Scald|p1a: Tentacruel
|-resisted|p1a: Tentacruel
|-damage|p1a: Tentacruel|279\/364
|-status|p1a: Tentacruel|brn
|move|p1a: Tentacruel|Scald|p2a: Tentacruel
|-resisted|p2a: Tentacruel
|-damage|p2a: Tentacruel|234\/352
|
|-damage|p1a: Tentacruel|234\/364 brn|[from] brn
|turn|44
|
|switch|p2a: Kyurem|Kyurem|405\/405
|-ability|p2a: Kyurem|Pressure
|move|p1a: Tentacruel|Scald|p2a: Kyurem
|-resisted|p2a: Kyurem
|-damage|p2a: Kyurem|366\/405
|
|-damage|p1a: Tentacruel|189\/364 brn|[from] brn
|turn|45
|
|switch|p1a: Florges|Florges, F|315\/360
|move|p2a: Kyurem|Ice Beam|p1a: Florges
|-crit|p1a: Florges
|-damage|p1a: Florges|150\/360
|
|-heal|p1a: Florges|172\/360|[from] item: Leftovers
|turn|46
|
|move|p2a: Kyurem|Ice Beam|p1a: Florges
|-damage|p1a: Florges|55\/360
|move|p1a: Florges|Synthesis|p1a: Florges
|-heal|p1a: Florges|235\/360
|
|-heal|p1a: Florges|257\/360|[from] item: Leftovers
|turn|47
|
|switch|p2a: Ferroseed|Ferroseed, F|139\/292
|move|p1a: Florges|Aromatherapy|p1a: Florges
|-cureteam|p1a: Florges|[from] move: Aromatherapy
|
|-heal|p1a: Florges|279\/360|[from] item: Leftovers
|turn|48
|
|switch|p1a: Tentacruel|Tentacruel, M|189\/364
|move|p2a: Ferroseed|Stealth Rock|p1a: Tentacruel
|-sidestart|p1: King UU|move: Stealth Rock
|
|turn|49
|leave|tuRkles
|
|switch|p2a: Florges|Florges, F|333\/360
|move|p1a: Tentacruel|Scald|p2a: Florges
|-damage|p2a: Florges|287\/360
|
|turn|50
|
|move|p1a: Tentacruel|Rapid Spin|p2a: Florges
|-damage|p2a: Florges|276\/360
|-sideend|p1: King UU|Stealth Rock|[from] move: Rapid Spin|[of] p1a: Tentacruel
|move|p2a: Florges|Wish|p2a: Florges
|
|turn|51
|
|switch|p2a: Ferroseed|Ferroseed, F|139\/292
|move|p1a: Tentacruel|Scald|p2a: Ferroseed
|-resisted|p2a: Ferroseed
|-damage|p2a: Ferroseed|109\/292
|
|-heal|p2a: Ferroseed|289\/292|[from] move: Wish|[wisher] Florges
|turn|52
|
|switch|p2a: Kyurem|Kyurem|366\/405
|-ability|p2a: Kyurem|Pressure
|move|p1a: Tentacruel|Knock Off|p2a: Kyurem
|-damage|p2a: Kyurem|325\/405
|
|turn|53
|
|switch|p1a: Florges|Florges, F|279\/360
|move|p2a: Kyurem|Substitute|p2a: Kyurem
|-start|p2a: Kyurem|Substitute
|-damage|p2a: Kyurem|224\/405
|
|-heal|p1a: Florges|301\/360|[from] item: Leftovers
|turn|54
|
|move|p2a: Kyurem|Ice Beam|p1a: Florges
|-damage|p1a: Florges|189\/360
|move|p1a: Florges|Calm Mind|p1a: Florges
|-boost|p1a: Florges|spa|1
|-boost|p1a: Florges|spd|1
|
|-heal|p1a: Florges|211\/360|[from] item: Leftovers
|turn|55
|c| Lucipurrr|\/me yawns
|
|switch|p2a: Tentacruel|Tentacruel, F|234\/352
|move|p1a: Florges|Calm Mind|p1a: Florges
|-boost|p1a: Florges|spa|1
|-boost|p1a: Florges|spd|1
|
|-heal|p1a: Florges|233\/360|[from] item: Leftovers
|turn|56
|join|FUQ GLISCORE
|
|move|p2a: Tentacruel|Knock Off|p1a: Florges
|-resisted|p1a: Florges
|-damage|p1a: Florges|208\/360
|-enditem|p1a: Florges|Leftovers|[from] move: Knock Off|[of] p2a: Tentacruel
|move|p1a: Florges|Calm Mind|p1a: Florges
|-boost|p1a: Florges|spa|1
|-boost|p1a: Florges|spd|1
|
|turn|57
|
|switch|p2a: Ferroseed|Ferroseed, F|289\/292
|move|p1a: Florges|Moonblast|p2a: Ferroseed
|-resisted|p2a: Ferroseed
|-damage|p2a: Ferroseed|166\/292
|-unboost|p2a: Ferroseed|spa|1
|
|turn|58
|
|switch|p1a: Tentacruel|Tentacruel, M|189\/364
|move|p2a: Ferroseed|Leech Seed|p1a: Tentacruel
|-start|p1a: Tentacruel|move: Leech Seed
|
|-damage|p1a: Tentacruel|144\/364|[from] Leech Seed|[of] p2a: Ferroseed
|-damage|p2a: Ferroseed|121\/292|[from] ability: Liquid Ooze|[of] p1a: Tentacruel
|turn|59
|
|switch|p1a: Aerodactyl|Aerodactyl-Mega, M|155\/301
|switch|p2a: Tentacruel|Tentacruel, F|234\/352
|
|turn|60
|
|move|p1a: Aerodactyl|Earthquake|p2a: Tentacruel
|-supereffective|p2a: Tentacruel
|-damage|p2a: Tentacruel|20\/352
|move|p2a: Tentacruel|Scald|p1a: Aerodactyl
|-supereffective|p1a: Aerodactyl
|-damage|p1a: Aerodactyl|0 fnt
|faint|p1a: Aerodactyl
|
|
|switch|p1a: Jirachi|Jirachi|145\/404
|turn|61
|
|move|p2a: Tentacruel|Scald|p1a: Jirachi
|-damage|p1a: Jirachi|63\/404
|move|p1a: Jirachi|Body Slam|p2a: Tentacruel
|-damage|p2a: Tentacruel|0 fnt
|faint|p2a: Tentacruel
|
|
|switch|p2a: Aerodactyl|Aerodactyl-Mega, M|6\/363
|turn|62
|
|move|p2a: Aerodactyl|Aerial Ace|p1a: Jirachi
|-resisted|p1a: Jirachi
|-damage|p1a: Jirachi|0 fnt
|faint|p1a: Jirachi
|
|
|switch|p1a: Florges|Florges, F|208\/360
|turn|63
|
|move|p2a: Aerodactyl|Roost|p2a: Aerodactyl
|-heal|p2a: Aerodactyl|188\/363
|move|p1a: Florges|Synthesis|p1a: Florges
|-heal|p1a: Florges|360\/360
|
|turn|64
|
|move|p2a: Aerodactyl|Taunt|p1a: Florges
|-start|p1a: Florges|move: Taunt
|cant|p1a: Florges|move: Taunt|Calm Mind
|
|turn|65
|leave|FUQ GLISCORE
|
|move|p2a: Aerodactyl|Roost|p2a: Aerodactyl
|-heal|p2a: Aerodactyl|363\/363
|move|p1a: Florges|Moonblast|p2a: Aerodactyl
|-damage|p2a: Aerodactyl|228\/363
|
|turn|66
|
|move|p2a: Aerodactyl|Aerial Ace|p1a: Florges
|-damage|p1a: Florges|255\/360
|move|p1a: Florges|Moonblast|p2a: Aerodactyl
|-crit|p2a: Aerodactyl
|-damage|p2a: Aerodactyl|48\/363
|
|-end|p1a: Florges|move: Taunt
|turn|67
|
|move|p2a: Aerodactyl|Roost|p2a: Aerodactyl
|-heal|p2a: Aerodactyl|230\/363
|move|p1a: Florges|Moonblast|p2a: Aerodactyl
|-damage|p2a: Aerodactyl|112\/363
|-unboost|p2a: Aerodactyl|spa|1
|
|turn|68
|
|move|p2a: Aerodactyl|Taunt|p1a: Florges
|-start|p1a: Florges|move: Taunt
|move|p1a: Florges|Moonblast|p2a: Aerodactyl
|-damage|p2a: Aerodactyl|0 fnt
|faint|p2a: Aerodactyl
|
|
|switch|p2a: Ferroseed|Ferroseed, F|121\/292
|turn|69
|
|switch|p1a: Tentacruel|Tentacruel, M|144\/364
|move|p2a: Ferroseed|Leech Seed|p1a: Tentacruel
|-start|p1a: Tentacruel|move: Leech Seed
|
|-damage|p1a: Tentacruel|99\/364|[from] Leech Seed|[of] p2a: Ferroseed
|-damage|p2a: Ferroseed|76\/292|[from] ability: Liquid Ooze|[of] p1a: Tentacruel
|turn|70
|
|switch|p1a: Florges|Florges, F|255\/360
|switch|p2a: Florges|Florges, F|276\/360
|
|turn|71
|
|move|p1a: Florges|Calm Mind|p1a: Florges
|-boost|p1a: Florges|spa|1
|-boost|p1a: Florges|spd|1
|move|p2a: Florges|Wish|p2a: Florges
|
|turn|72
|
|switch|p2a: Ferroseed|Ferroseed, F|76\/292
|move|p1a: Florges|Calm Mind|p1a: Florges
|-boost|p1a: Florges|spa|1
|-boost|p1a: Florges|spd|1
|
|-heal|p2a: Ferroseed|256\/292|[from] move: Wish|[wisher] Florges
|turn|73
|
|move|p1a: Florges|Moonblast|p2a: Ferroseed
|-resisted|p2a: Ferroseed
|-damage|p2a: Ferroseed|165\/292
|move|p2a: Ferroseed|Leech Seed|p1a: Florges
|-start|p1a: Florges|move: Leech Seed
|
|-damage|p1a: Florges|210\/360|[from] Leech Seed|[of] p2a: Ferroseed
|-heal|p2a: Ferroseed|210\/292|[silent]
|turn|74
|
|move|p1a: Florges|Calm Mind|p1a: Florges
|-boost|p1a: Florges|spa|1
|-boost|p1a: Florges|spd|1
|move|p2a: Ferroseed|Stealth Rock|p1a: Florges
|-sidestart|p1: King UU|move: Stealth Rock
|
|-damage|p1a: Florges|165\/360|[from] Leech Seed|[of] p2a: Ferroseed
|-heal|p2a: Ferroseed|255\/292|[silent]
|turn|75
|
|move|p1a: Florges|Synthesis|p1a: Florges
|-heal|p1a: Florges|345\/360
|move|p2a: Ferroseed|Spikes|p1a: Florges
|-sidestart|p1: King UU|Spikes
|
|-damage|p1a: Florges|300\/360|[from] Leech Seed|[of] p2a: Ferroseed
|-heal|p2a: Ferroseed|292\/292|[silent]
|turn|76
|
|move|p1a: Florges|Calm Mind|p1a: Florges
|-boost|p1a: Florges|spa|1
|-boost|p1a: Florges|spd|1
|move|p2a: Ferroseed|Spikes|p1a: Florges
|-sidestart|p1: King UU|Spikes
|
|-damage|p1a: Florges|255\/360|[from] Leech Seed|[of] p2a: Ferroseed
|turn|77
|
|move|p1a: Florges|Moonblast|p2a: Ferroseed
|-resisted|p2a: Ferroseed
|-damage|p2a: Ferroseed|143\/292
|-unboost|p2a: Ferroseed|spa|1
|move|p2a: Ferroseed|Spikes|p1a: Florges
|-sidestart|p1: King UU|Spikes
|
|-damage|p1a: Florges|210\/360|[from] Leech Seed|[of] p2a: Ferroseed
|-heal|p2a: Ferroseed|188\/292|[silent]
|turn|78
|
|move|p2a: Ferroseed|Protect|p2a: Ferroseed
|-singleturn|p2a: Ferroseed|Protect
|move|p1a: Florges|Calm Mind|p1a: Florges
|-boost|p1a: Florges|spa|1
|-boost|p1a: Florges|spd|1
|
|-damage|p1a: Florges|165\/360|[from] Leech Seed|[of] p2a: Ferroseed
|-heal|p2a: Ferroseed|233\/292|[silent]
|turn|79
|
|move|p1a: Florges|Synthesis|p1a: Florges
|-heal|p1a: Florges|345\/360
|move|p2a: Ferroseed|Stealth Rock|p1a: Florges
|-fail|p1a: Florges
|
|-damage|p1a: Florges|300\/360|[from] Leech Seed|[of] p2a: Ferroseed
|-heal|p2a: Ferroseed|278\/292|[silent]
|turn|80
|
|move|p1a: Florges|Calm Mind|p1a: Florges
|-boost|p1a: Florges|spa|1
|-boost|p1a: Florges|spd|1
|move|p2a: Ferroseed|Spikes|p1a: Florges
|-fail|p1a: Florges
|
|-damage|p1a: Florges|255\/360|[from] Leech Seed|[of] p2a: Ferroseed
|-heal|p2a: Ferroseed|292\/292|[silent]
|turn|81
|
|move|p1a: Florges|Moonblast|p2a: Ferroseed
|-resisted|p2a: Ferroseed
|-damage|p2a: Ferroseed|96\/292
|-unboost|p2a: Ferroseed|spa|1
|move|p2a: Ferroseed|Spikes|p1a: Florges
|-fail|p1a: Florges
|
|-damage|p1a: Florges|210\/360|[from] Leech Seed|[of] p2a: Ferroseed
|-heal|p2a: Ferroseed|141\/292|[silent]
|turn|82
|
|move|p2a: Ferroseed|Protect|p2a: Ferroseed
|-singleturn|p2a: Ferroseed|Protect
|move|p1a: Florges|Synthesis|p1a: Florges
|-heal|p1a: Florges|360\/360
|
|-damage|p1a: Florges|315\/360|[from] Leech Seed|[of] p2a: Ferroseed
|-heal|p2a: Ferroseed|186\/292|[silent]
|turn|83
|
|move|p1a: Florges|Moonblast|p2a: Ferroseed
|-resisted|p2a: Ferroseed
|-damage|p2a: Ferroseed|0 fnt
|faint|p2a: Ferroseed
|
|
|switch|p2a: Florges|Florges, F|276\/360
|turn|84
|c| Lucipurrr|jesus
|
|switch|p1a: Tentacruel|Tentacruel, M|99\/364
|-damage|p1a: Tentacruel|54\/364|[from] Stealth Rock
|-damage|p1a: Tentacruel|0 fnt|[from] Spikes
|faint|p1a: Tentacruel
|move|p2a: Florges|Protect|p2a: Florges
|-fail|p2a: Florges
|
|
|switch|p1a: Florges|Florges, F|315\/360
|-damage|p1a: Florges|270\/360|[from] Stealth Rock
|-damage|p1a: Florges|180\/360|[from] Spikes
|turn|85
|c|★King UU|lucipurrr
|c|★King UU|pay attention to hogg
|c|★King UU|this is pretty high level playing
|c|★ULT Hogg|nice play, btw
|
|move|p1a: Florges|Calm Mind|p1a: Florges
|-boost|p1a: Florges|spa|1
|-boost|p1a: Florges|spd|1
|move|p2a: Florges|Moonblast|p1a: Florges
|-damage|p1a: Florges|122\/360
|
|turn|86
|c|★King UU|ty
|c|★ULT Hogg|so much for stalling out moonblast with kyurem
|c|★King UU|:P
|c|★King UU|It was my only chance
|c|★King UU|I'm posting this in replays
|
|switch|p2a: Kyurem|Kyurem|224\/405
|-ability|p2a: Kyurem|Pressure
|move|p1a: Florges|Synthesis|p1a: Florges
|-heal|p1a: Florges|302\/360
|
|turn|87
|
|move|p2a: Kyurem|Substitute|p2a: Kyurem
|-start|p2a: Kyurem|Substitute
|-damage|p2a: Kyurem|123\/405
|move|p1a: Florges|Moonblast|p2a: Kyurem
|-supereffective|p2a: Kyurem
|-end|p2a: Kyurem|Substitute
|
|turn|88
|
|move|p2a: Kyurem|Roost|p2a: Kyurem
|-heal|p2a: Kyurem|326\/405
|move|p1a: Florges|Moonblast|p2a: Kyurem
|-crit|p2a: Kyurem
|-supereffective|p2a: Kyurem
|-damage|p2a: Kyurem|0 fnt
|faint|p2a: Kyurem
|
|c|★ULT Hogg|gg
|c|★King UU|it's
|c|★King UU|not over yet
|c|★King UU|I only have like
|
|switch|p2a: Florges|Florges, F|276\/360
|turn|89
|c| Lucipurrr|Wow
|c|★King UU|6 moonblasts
|c| Lucipurrr|Don't tell him
|
|move|p1a: Florges|Calm Mind|p1a: Florges
|-boost|p1a: Florges|spa|1
|-boost|p1a: Florges|spd|1
|move|p2a: Florges|Moonblast|p1a: Florges
|-damage|p1a: Florges|257\/360
|
|turn|90
|c|★ULT Hogg|unless I get like
|c|★King UU|he can count himself
|c|★ULT Hogg|the world's luckiest spa drops
|c|★King UU|lol
|c|★King UU|let's play it out
|c|★ULT Hogg|it's gg if you do anything other than spam moonblast
|
|move|p1a: Florges|Calm Mind|p1a: Florges
|-boost|p1a: Florges|spa|1
|-boost|p1a: Florges|spd|1
|move|p2a: Florges|Moonblast|p1a: Florges
|-damage|p1a: Florges|223\/360
|-unboost|p1a: Florges|spa|1
|
|turn|91
|
|move|p1a: Florges|Calm Mind|p1a: Florges
|-boost|p1a: Florges|spa|1
|-boost|p1a: Florges|spd|1
|move|p2a: Florges|Wish|p2a: Florges
|
|turn|92
|
|move|p1a: Florges|Synthesis|p1a: Florges
|-heal|p1a: Florges|360\/360
|move|p2a: Florges|Moonblast|p1a: Florges
|-damage|p1a: Florges|332\/360
|
|-heal|p2a: Florges|360\/360|[from] move: Wish|[wisher] Florges
|turn|93
|
|move|p1a: Florges|Calm Mind|p1a: Florges
|-boost|p1a: Florges|spa|1
|-boost|p1a: Florges|spd|1
|move|p2a: Florges|Wish|p2a: Florges
|
|turn|94
|
|move|p1a: Florges|Calm Mind|p1a: Florges
|-boost|p1a: Florges|spa|1
|-boost|p1a: Florges|spd|1
|move|p2a: Florges|Moonblast|p1a: Florges
|-damage|p1a: Florges|308\/360
|
|turn|95
|
|move|p1a: Florges|Calm Mind|p1a: Florges
|-boost|p1a: Florges|spa|1
|move|p2a: Florges|Moonblast|p1a: Florges
|-damage|p1a: Florges|284\/360
|
|turn|96
|
|move|p2a: Florges|Protect|p2a: Florges
|-singleturn|p2a: Florges|Protect
|move|p1a: Florges|Calm Mind|p1a: Florges
|-fail|p1a: Florges
|
|turn|97
|join|truh
|leave|truh
|
|move|p1a: Florges|Moonblast|p2a: Florges
|-damage|p2a: Florges|39\/360
|move|p2a: Florges|Wish|p2a: Florges
|
|turn|98
|c|★King UU|gottem
|c| Lucipurrr|360 no scope
|c| Lucipurrr|hit him
|
|move|p2a: Florges|Protect|p2a: Florges
|-singleturn|p2a: Florges|Protect
|move|p1a: Florges|Moonblast|p2a: Florges
|-activate|p2a: Florges|Protect
|
|-heal|p2a: Florges|219\/360|[from] move: Wish|[wisher] Florges
|turn|99
|c| Lucipurrr|Nvm
|c|★King UU|4 more protects
|c|★King UU|and you win
|c|★King UU|lol
|c|★King UU|just saying
|
|move|p2a: Florges|Protect|p2a: Florges
|-singleturn|p2a: Florges|Protect
|move|p1a: Florges|Moonblast|p2a: Florges
|-activate|p2a: Florges|Protect
|
|turn|100
|c| Lucipurrr|Don't listen to him Hogg
|c|★ULT Hogg|that's, what
|c| Lucipurrr|he's bluffing!
|c|★ULT Hogg|a 2% chance?
|c|★King UU|3 more protects
|
|move|p2a: Florges|Protect|p2a: Florges
|-fail|p2a: Florges
|move|p1a: Florges|Moonblast|p2a: Florges
|-damage|p2a: Florges|0 fnt
|faint|p2a: Florges
|
|win|King UU
|raw|Ladder updating...
|raw|King UU's rating: 1614 &rarr; <strong>1624<\/strong><br \/>(+10 for winning)
|raw|ULT Hogg's rating: 1423 &rarr; <strong>1413<\/strong><br \/>(-10 for losing)
|c|★King UU|gg
|c|★ULT Hogg|gg
|c|★King UU|Very
|c|★King UU|well played
|c|★ULT Hogg|you too
|leave|ULT Hogg
|player|p2
|leave|Lucipurrr
|join|so dynamic
|leave|so dynamic