|join|King UU
|join|Dix pix
|player|p1|King UU|#kinguu
|player|p2|Dix pix|165
|gametype|singles
|gen|6
|tier|UU
|rated
|rule|Sleep Clause Mod: Limit one foe put to sleep
|rule|Species Clause: Limit one of each Pokémon
|rule|OHKO Clause: OHKO moves are banned
|rule|Moody Clause: Moody is banned
|rule|Evasion Moves Clause: Evasion moves are banned
|rule|Endless Battle Clause: Forcing endless battles is banned
|rule|HP Percentage Mod: HP is shown in percentages
|clearpoke
|poke|p1|Medicham, F
|poke|p1|Serperior, M
|poke|p1|Chandelure, F
|poke|p1|Krookodile, F
|poke|p1|Empoleon, M
|poke|p1|Crobat, M
|poke|p2|Krookodile, F
|poke|p2|Azelf
|poke|p2|Suicune
|poke|p2|Forretress, F
|poke|p2|Entei, shiny
|poke|p2|Swampert, F
|rule|Swagger Clause: Swagger is banned
|rule|Baton Pass Clause: Limit one Pokémon knowing Baton Pass
|teampreview
|join|Plozimo
|
|start
|switch|p1a: Medicham|Medicham, F|261\/261
|switch|p2a: Swampert|Swampert, F|404\/404
|turn|1
|
|detailschange|p1a: Medicham|Medicham-Mega, F
|-mega|p1a: Medicham|Medicham|Medichamite
|detailschange|p2a: Swampert|Swampert-Mega, F
|-mega|p2a: Swampert|Swampert|Swampertite
|move|p1a: Medicham|High Jump Kick|p2a: Swampert
|-damage|p2a: Swampert|65\/404
|move|p2a: Swampert|Earthquake|p1a: Medicham
|-damage|p1a: Medicham|57\/261
|
|turn|2
|
|move|p1a: Medicham|High Jump Kick|p2a: Swampert
|-damage|p2a: Swampert|0 fnt
|faint|p2a: Swampert
|
|
|switch|p2a: Azelf|Azelf|291\/291
|turn|3
|
|move|p2a: Azelf|U-turn|p1a: Medicham
|-damage|p1a: Medicham|0 fnt
|faint|p1a: Medicham
|
|switch|p2a: Forretress|Forretress, F|354\/354
|
|
|switch|p1a: Chandelure|Chandelure, F|261\/261
|turn|4
|
|move|p1a: Chandelure|Shadow Ball|p2a: Forretress
|-damage|p2a: Forretress|2\/354
|move|p2a: Forretress|Stealth Rock|p1a: Chandelure
|-sidestart|p1: King UU|move: Stealth Rock
|
|-heal|p2a: Forretress|24\/354|[from] item: Leftovers
|turn|5
|
|move|p1a: Chandelure|Shadow Ball|p2a: Forretress
|-damage|p2a: Forretress|0 fnt
|faint|p2a: Forretress
|
|join|yearoflight
|
|switch|p2a: Krookodile|Krookodile, F|331\/331
|-ability|p2a: Krookodile|Intimidate|[of] p1a: Chandelure
|-unboost|p1a: Chandelure|atk|1
|turn|6
|
|move|p2a: Krookodile|Knock Off|p1a: Chandelure
|-supereffective|p1a: Chandelure
|-damage|p1a: Chandelure|0 fnt
|-enditem|p1a: Chandelure|Choice Specs|[from] move: Knock Off|[of] p2a: Krookodile
|faint|p1a: Chandelure
|
|
|switch|p1a: Empoleon|Empoleon, M|372\/372
|-damage|p1a: Empoleon|349\/372|[from] Stealth Rock
|turn|7
|
|move|p2a: Krookodile|Knock Off|p1a: Empoleon
|-damage|p1a: Empoleon|129\/372
|-enditem|p1a: Empoleon|Leftovers|[from] move: Knock Off|[of] p2a: Krookodile
|move|p1a: Empoleon|Defog|p2a: Krookodile
|-unboost|p2a: Krookodile|evasion|1
|-sideend|p1: King UU|Stealth Rock|[from] move: Defog|[of] p1a: Empoleon
|
|turn|8
|
|move|p2a: Krookodile|Knock Off|p1a: Empoleon
|-damage|p1a: Empoleon|0 fnt
|faint|p1a: Empoleon
|
|
|switch|p1a: Serperior|Serperior, M|353\/353
|turn|9
|
|switch|p2a: Entei|Entei, shiny|371\/371
|-ability|p2a: Entei|Pressure
|move|p1a: Serperior|Leaf Storm|p2a: Entei
|-resisted|p2a: Entei
|-damage|p2a: Entei|301\/371
|-boost|p1a: Serperior|spa|2
|
|turn|10
|
|move|p1a: Serperior|Substitute|p1a: Serperior
|-start|p1a: Serperior|Substitute
|-damage|p1a: Serperior|265\/353
|move|p2a: Entei|Sacred Fire|p1a: Serperior
|-supereffective|p1a: Serperior
|-end|p1a: Serperior|Substitute
|
|-heal|p1a: Serperior|287\/353|[from] item: Leftovers
|turn|11
|
|move|p1a: Serperior|Substitute|p1a: Serperior
|-start|p1a: Serperior|Substitute
|-damage|p1a: Serperior|199\/353
|move|p2a: Entei|Sacred Fire|p1a: Serperior
|-supereffective|p1a: Serperior
|-end|p1a: Serperior|Substitute
|
|-heal|p1a: Serperior|221\/353|[from] item: Leftovers
|turn|12
|
|switch|p1a: Krookodile|Krookodile, F|371\/371
|-ability|p1a: Krookodile|Intimidate|[of] p2a: Entei
|-unboost|p2a: Entei|atk|1
|move|p2a: Entei|Sacred Fire|p1a: Krookodile
|-damage|p1a: Krookodile|166\/371
|-status|p1a: Krookodile|brn
|
|-damage|p1a: Krookodile|120\/371 brn|[from] brn
|turn|13
|
|switch|p2a: Suicune|Suicune|404\/404
|-ability|p2a: Suicune|Pressure
|move|p1a: Krookodile|Stealth Rock|p2a: Suicune
|-sidestart|p2: Dix pix|move: Stealth Rock
|
|-damage|p1a: Krookodile|74\/371 brn|[from] brn
|turn|14
|
|switch|p2a: Entei|Entei, shiny|301\/371
|-damage|p2a: Entei|209\/371|[from] Stealth Rock
|-ability|p2a: Entei|Pressure
|move|p1a: Krookodile|Knock Off|p2a: Entei
|-damage|p2a: Entei|86\/371
|-enditem|p2a: Entei|Choice Band|[from] move: Knock Off|[of] p1a: Krookodile
|
|-damage|p1a: Krookodile|28\/371 brn|[from] brn
|turn|15
|
|move|p2a: Entei|Extreme Speed|p1a: Krookodile
|-damage|p1a: Krookodile|0 fnt
|faint|p1a: Krookodile
|
|
|switch|p1a: Crobat|Crobat, M|323\/323
|turn|16
|
|move|p1a: Crobat|Brave Bird|p2a: Entei
|-damage|p2a: Entei|0 fnt
|-damage|p1a: Crobat|295\/323|[from] recoil|[of] p2a: Entei
|faint|p2a: Entei
|
|
|switch|p2a: Krookodile|Krookodile, F|331\/331
|-damage|p2a: Krookodile|311\/331|[from] Stealth Rock
|-ability|p2a: Krookodile|Intimidate|[of] p1a: Crobat
|-unboost|p1a: Crobat|atk|1
|turn|17
|
|move|p1a: Crobat|U-turn|p2a: Krookodile
|-crit|p2a: Krookodile
|-supereffective|p2a: Krookodile
|-damage|p2a: Krookodile|73\/331
|
|switch|p1a: Serperior|Serperior, M|221\/353
|move|p2a: Krookodile|Knock Off|p1a: Serperior
|-damage|p1a: Serperior|0 fnt
|-enditem|p1a: Serperior|Leftovers|[from] move: Knock Off|[of] p2a: Krookodile
|faint|p1a: Serperior
|
|
|switch|p1a: Crobat|Crobat, M|295\/323
|turn|18
|
|move|p1a: Crobat|U-turn|p2a: Krookodile
|-supereffective|p2a: Krookodile
|-damage|p2a: Krookodile|0 fnt
|faint|p2a: Krookodile
|
|
|switch|p2a: Azelf|Azelf|291\/291
|-damage|p2a: Azelf|255\/291|[from] Stealth Rock
|turn|19
|
|move|p2a: Azelf|Psychic|p1a: Crobat
|-supereffective|p1a: Crobat
|-damage|p1a: Crobat|0 fnt
|faint|p1a: Crobat
|
|win|Dix pix
|raw|Ladder updating...
|raw|King UU's rating: 1670 &rarr; <strong>1642<\/strong><br \/>(-28 for losing)
|raw|Dix pix's rating: 1520 &rarr; <strong>1548<\/strong><br \/>(+28 for winning)
|c|★King UU|oof
|c|★King UU|gg
|c|★Dix pix|gg
|leave|King UU
|player|p1
|leave|Dix pix
|player|p2