|join|muk the kid
|join|NagariHO
|player|p1|muk the kid|170
|player|p2|NagariHO|192
|gametype|singles
|gen|6
|tier|OU
|rated
|clearpoke
|poke|p1|Sceptile, F
|poke|p1|Talonflame, M
|poke|p1|Starmie
|poke|p1|Landorus-Therian, M
|poke|p1|Lucario, M
|poke|p1|Rotom-Wash
|poke|p2|Serperior, F
|poke|p2|Rhyperior, F
|poke|p2|Starmie
|poke|p2|Charizard, F
|poke|p2|Togekiss, M
|poke|p2|Terrakion
|rule|Swagger Clause: Swagger is banned
|rule|Baton Pass Clause: Limit one Pokémon knowing Baton Pass
|rule|Sleep Clause Mod: Limit one foe put to sleep
|rule|Species Clause: Limit one of each Pokémon
|rule|OHKO Clause: OHKO moves are banned
|rule|Moody Clause: Moody is banned
|rule|Evasion Moves Clause: Evasion moves are banned
|rule|Endless Battle Clause: Forcing endless battles is banned
|rule|HP Percentage Mod: HP is shown in percentages
|teampreview
|join|Biz
|join|Outrageous Fortune
|join|C Le Fairy
|join|nidvikie
|join|zaeqweqeeeqee
|join|Apathos
|join|Not Canadian
|
|start
|switch|p1a: Landorus-Therian|Landorus-Therian, M|381\/381
|switch|p2a: Terrak|Terrakion|323\/323
|-ability|p1a: Landorus-Therian|Intimidate|[of] p2a: Terrak
|-unboost|p2a: Terrak|atk|1
|turn|1
|
|move|p2a: Terrak|Stealth Rock|p1a: Landorus-Therian
|-sidestart|p1: muk the kid|move: Stealth Rock
|move|p1a: Landorus-Therian|Earthquake|p2a: Terrak
|-supereffective|p2a: Terrak
|-enditem|p2a: Terrak|Focus Sash
|-damage|p2a: Terrak|1\/323
|
|turn|2
|join|I'm Rick Astley
|
|move|p2a: Terrak|Stone Edge|p1a: Landorus-Therian
|-damage|p1a: Landorus-Therian|254\/381
|move|p1a: Landorus-Therian|Stealth Rock|p2a: Terrak
|-sidestart|p2: NagariHO|move: Stealth Rock
|
|-heal|p1a: Landorus-Therian|277\/381|[from] item: Leftovers
|turn|3
|join|Altilt
|
|switch|p1a: Starmeme|Starmie|323\/323
|-damage|p1a: Starmeme|283\/323|[from] Stealth Rock
|move|p2a: Terrak|Stone Edge|p1a: Starmeme
|-crit|p1a: Starmeme
|-damage|p1a: Starmeme|0 fnt
|faint|p1a: Starmeme
|
|join|gobosox
|c| Apathos|NICE
|c| Apathos|NICE
|c| Apathos|NICE
|
|switch|p1a: DOGE EBINEST|Lucario, M|281\/281
|-damage|p1a: DOGE EBINEST|273\/281|[from] Stealth Rock
|turn|4
|c|★NagariHO|:(
|
|move|p1a: DOGE EBINEST|Extreme Speed|p2a: Terrak
|-resisted|p2a: Terrak
|-damage|p2a: Terrak|0 fnt
|-damage|p1a: DOGE EBINEST|245\/281|[from] item: Life Orb
|faint|p2a: Terrak
|
|c|+Not Canadian|ayy lmol
|
|switch|p2a: Superior Rhyp|Rhyperior, F|434\/434
|-damage|p2a: Superior Rhyp|407\/434|[from] Stealth Rock
|turn|5
|join|bellicose
|
|switch|p1a: Rotardation|Rotom-Wash|303\/303
|-damage|p1a: Rotardation|266\/303|[from] Stealth Rock
|move|p2a: Superior Rhyp|Earthquake|p1a: Rotardation
|-immune|p1a: Rotardation|[msg]
|
|-heal|p1a: Rotardation|284\/303|[from] item: Leftovers
|-heal|p2a: Superior Rhyp|434\/434|[from] item: Leftovers
|turn|6
|
|switch|p2a: Superior Serp|Serperior, F|292\/292
|-damage|p2a: Superior Serp|256\/292|[from] Stealth Rock
|move|p1a: Rotardation|Volt Switch|p2a: Superior Serp
|-resisted|p2a: Superior Serp
|-damage|p2a: Superior Serp|211\/292
|c|★NagariHO|lol
|c|★NagariHO|scared of serp
|join|y4
|
|switch|p1a: DOGE EBINEST|Lucario, M|245\/281
|-damage|p1a: DOGE EBINEST|237\/281|[from] Stealth Rock
|
|turn|7
|
|switch|p2a: Fuck Keldeo|Starmie|323\/323
|-damage|p2a: Fuck Keldeo|283\/323|[from] Stealth Rock
|move|p1a: DOGE EBINEST|Close Combat|p2a: Fuck Keldeo
|-resisted|p2a: Fuck Keldeo
|-damage|p2a: Fuck Keldeo|140\/323
|-unboost|p1a: DOGE EBINEST|def|1
|-unboost|p1a: DOGE EBINEST|spd|1
|-damage|p1a: DOGE EBINEST|209\/281|[from] item: Life Orb
|
|-heal|p2a: Fuck Keldeo|160\/323|[from] item: Leftovers
|turn|8
|c| Altilt|i think the words u are looking for are "making good plays"
|
|move|p1a: DOGE EBINEST|Extreme Speed|p2a: Fuck Keldeo
|-damage|p2a: Fuck Keldeo|31\/323
|-damage|p1a: DOGE EBINEST|181\/281|[from] item: Life Orb
|move|p2a: Fuck Keldeo|Rapid Spin|p1a: DOGE EBINEST
|-resisted|p1a: DOGE EBINEST
|-damage|p1a: DOGE EBINEST|170\/281
|-sideend|p2: NagariHO|Stealth Rock|[from] move: Rapid Spin|[of] p2a: Fuck Keldeo
|
|-heal|p2a: Fuck Keldeo|51\/323|[from] item: Leftovers
|turn|9
|c|★NagariHO|dat too
|
|switch|p2a: Superior Rhyp|Rhyperior, F|434\/434
|move|p1a: DOGE EBINEST|Extreme Speed|p2a: Superior Rhyp
|-resisted|p2a: Superior Rhyp
|-damage|p2a: Superior Rhyp|399\/434
|-damage|p1a: DOGE EBINEST|142\/281|[from] item: Life Orb
|
|-heal|p2a: Superior Rhyp|426\/434|[from] item: Leftovers
|turn|10
|
|switch|p1a: Landorus-Therian|Landorus-Therian, M|277\/381
|-damage|p1a: Landorus-Therian|230\/381|[from] Stealth Rock
|-ability|p1a: Landorus-Therian|Intimidate|[of] p2a: Superior Rhyp
|-unboost|p2a: Superior Rhyp|atk|1
|move|p2a: Superior Rhyp|Stone Edge|p1a: Landorus-Therian
|-damage|p1a: Landorus-Therian|127\/381
|
|-heal|p1a: Landorus-Therian|150\/381|[from] item: Leftovers
|-heal|p2a: Superior Rhyp|434\/434|[from] item: Leftovers
|turn|11
|
|move|p1a: Landorus-Therian|Stealth Rock|p2a: Superior Rhyp
|-sidestart|p2: NagariHO|move: Stealth Rock
|move|p2a: Superior Rhyp|Ice Punch|p1a: Landorus-Therian
|-supereffective|p1a: Landorus-Therian
|-damage|p1a: Landorus-Therian|0 fnt
|faint|p1a: Landorus-Therian
|
|
|switch|p1a: Reptar|Sceptile, F|281\/281
|-damage|p1a: Reptar|246\/281|[from] Stealth Rock
|turn|12
|
|switch|p2a: TogeFlinch|Togekiss, M|374\/374
|-damage|p2a: TogeFlinch|281\/374|[from] Stealth Rock
|detailschange|p1a: Reptar|Sceptile-Mega, F
|-mega|p1a: Reptar|Sceptile|Sceptilite
|move|p1a: Reptar|Leaf Storm|p2a: TogeFlinch
|-resisted|p2a: TogeFlinch
|-damage|p2a: TogeFlinch|167\/374
|-unboost|p1a: Reptar|spa|2
|
|-heal|p2a: TogeFlinch|190\/374|[from] item: Leftovers
|turn|13
|c|★NagariHO|got da counter
|
|move|p1a: Reptar|Substitute|p1a: Reptar
|-start|p1a: Reptar|Substitute
|-damage|p1a: Reptar|176\/281
|move|p2a: TogeFlinch|Aura Sphere|p1a: Reptar
|-end|p1a: Reptar|Substitute
|
|-heal|p2a: TogeFlinch|213\/374|[from] item: Leftovers
|turn|14
|c| y4|:>
|
|switch|p1a: Rotardation|Rotom-Wash|284\/303
|-damage|p1a: Rotardation|247\/303|[from] Stealth Rock
|move|p2a: TogeFlinch|Air Slash|p1a: Rotardation
|-resisted|p1a: Rotardation
|-damage|p1a: Rotardation|193\/303
|
|-heal|p2a: TogeFlinch|236\/374|[from] item: Leftovers
|-heal|p1a: Rotardation|211\/303|[from] item: Leftovers
|turn|15
|
|switch|p2a: Superior Rhyp|Rhyperior, F|434\/434
|-damage|p2a: Superior Rhyp|407\/434|[from] Stealth Rock
|move|p1a: Rotardation|Volt Switch|p2a: Superior Rhyp
|-immune|p2a: Superior Rhyp|[msg]
|
|-heal|p1a: Rotardation|229\/303|[from] item: Leftovers
|-heal|p2a: Superior Rhyp|434\/434|[from] item: Leftovers
|turn|16
|join|kektus the good
|
|switch|p2a: Superior Serp|Serperior, F|211\/292
|-damage|p2a: Superior Serp|175\/292|[from] Stealth Rock
|move|p1a: Rotardation|Hydro Pump|p2a: Superior Serp
|-resisted|p2a: Superior Serp
|-damage|p2a: Superior Serp|109\/292
|
|-heal|p1a: Rotardation|247\/303|[from] item: Leftovers
|turn|17
|
|switch|p1a: Balonflame|Talonflame, M|359\/359
|-damage|p1a: Balonflame|180\/359|[from] Stealth Rock
|move|p2a: Superior Serp|Hidden Power|p1a: Balonflame
|-resisted|p1a: Balonflame
|-damage|p1a: Balonflame|155\/359
|
|-heal|p1a: Balonflame|177\/359|[from] item: Leftovers
|turn|18
|
|switch|p2a: Superior Rhyp|Rhyperior, F|434\/434
|-damage|p2a: Superior Rhyp|407\/434|[from] Stealth Rock
|move|p1a: Balonflame|Roost|p1a: Balonflame
|-heal|p1a: Balonflame|357\/359
|
|-heal|p1a: Balonflame|359\/359|[from] item: Leftovers
|-heal|p2a: Superior Rhyp|434\/434|[from] item: Leftovers
|turn|19
|
|switch|p1a: Rotardation|Rotom-Wash|247\/303
|-damage|p1a: Rotardation|210\/303|[from] Stealth Rock
|move|p2a: Superior Rhyp|Stone Edge|p1a: Rotardation
|-crit|p1a: Rotardation
|-damage|p1a: Rotardation|45\/303
|
|-heal|p1a: Rotardation|63\/303|[from] item: Leftovers
|turn|20
|
|switch|p2a: Superior Serp|Serperior, F|109\/292
|-damage|p2a: Superior Serp|73\/292|[from] Stealth Rock
|move|p1a: Rotardation|Hydro Pump|p2a: Superior Serp
|-resisted|p2a: Superior Serp
|-damage|p2a: Superior Serp|3\/292
|
|-heal|p1a: Rotardation|81\/303|[from] item: Leftovers
|turn|21
|c| zaeqweqeeeqee|of course
|c| zaeqweqeeeqee|the low roll
|
|switch|p1a: Balonflame|Talonflame, M|359\/359
|-damage|p1a: Balonflame|180\/359|[from] Stealth Rock
|move|p2a: Superior Serp|Leaf Storm|p1a: Balonflame
|-resisted|p1a: Balonflame
|-damage|p1a: Balonflame|142\/359
|-boost|p2a: Superior Serp|spa|2
|
|-heal|p1a: Balonflame|164\/359|[from] item: Leftovers
|turn|22
|c|★NagariHO|he did 22 b4
|
|move|p1a: Balonflame|Brave Bird|p2a: Superior Serp
|-supereffective|p2a: Superior Serp
|-damage|p2a: Superior Serp|0 fnt
|-damage|p1a: Balonflame|163\/359|[from] recoil|[of] p2a: Superior Serp
|faint|p2a: Superior Serp
|
|-heal|p1a: Balonflame|185\/359|[from] item: Leftovers
|c| zaeqweqeeeqee|hax
|c| zaeqweqeeeqee|hax
|c|★NagariHO|lol
|c| zaeqweqeeeqee|this is a fuck
|
|switch|p2a: Superior Rhyp|Rhyperior, F|434\/434
|-damage|p2a: Superior Rhyp|407\/434|[from] Stealth Rock
|turn|23
|
|move|p1a: Balonflame|Roost|p1a: Balonflame
|-heal|p1a: Balonflame|359\/359
|move|p2a: Superior Rhyp|Stone Edge|p1a: Balonflame|[miss]
|-miss|p2a: Superior Rhyp|p1a: Balonflame
|
|-heal|p2a: Superior Rhyp|434\/434|[from] item: Leftovers
|turn|24
|
|move|p1a: Balonflame|Bulk Up|p1a: Balonflame
|-boost|p1a: Balonflame|atk|1
|-boost|p1a: Balonflame|def|1
|move|p2a: Superior Rhyp|Stone Edge|p1a: Balonflame
|-supereffective|p1a: Balonflame
|-damage|p1a: Balonflame|0 fnt
|faint|p1a: Balonflame
|
|c|★NagariHO|ofc
|c|★NagariHO|bte
|c|★muk the kid|WHAT??
|c|★NagariHO|*bye
|c|★muk the kid|>OFC
|c|★muk the kid|LOL
|c|★NagariHO|quaddude
|c|★NagariHO|quad super effective
|
|switch|p1a: Reptar|Sceptile-Mega, F|176\/281
|-damage|p1a: Reptar|141\/281|[from] Stealth Rock
|turn|25
|c|+C Le Fairy|epic banter
|
|move|p1a: Reptar|Leaf Storm|p2a: Superior Rhyp
|-supereffective|p2a: Superior Rhyp
|-damage|p2a: Superior Rhyp|0 fnt
|-unboost|p1a: Reptar|spa|2
|faint|p2a: Superior Rhyp
|
|
|switch|p2a: Zard X|Charizard, F|315\/315
|-damage|p2a: Zard X|158\/315|[from] Stealth Rock
|turn|26
|
|switch|p1a: Rotardation|Rotom-Wash|81\/303
|-damage|p1a: Rotardation|44\/303|[from] Stealth Rock
|move|p2a: Zard X|Roost|p2a: Zard X
|-heal|p2a: Zard X|315\/315
|
|-heal|p1a: Rotardation|62\/303|[from] item: Leftovers
|turn|27
|c| gobosox|why didnt you giga drain
|
|detailschange|p2a: Zard X|Charizard-Mega-X, F
|-mega|p2a: Zard X|Charizard|Charizardite X
|move|p2a: Zard X|Dragon Dance|p2a: Zard X
|-boost|p2a: Zard X|atk|1
|-boost|p2a: Zard X|spe|1
|move|p1a: Rotardation|Hydro Pump|p2a: Zard X
|-damage|p2a: Zard X|147\/315
|
|-heal|p1a: Rotardation|80\/303|[from] item: Leftovers
|turn|28
|c| gobosox|then dpulse
|c| gobosox|on char
|
|move|p2a: Zard X|Roost|p2a: Zard X
|-heal|p2a: Zard X|305\/315
|move|p1a: Rotardation|Pain Split|p2a: Zard X
|-sethp|p2a: Zard X|192\/315|p1a: Rotardation|192\/303|[from] move: Pain Split
|
|-heal|p1a: Rotardation|210\/303|[from] item: Leftovers
|turn|29
|c|★NagariHO|the playz
|
|move|p2a: Zard X|Dragon Claw|p1a: Rotardation
|-damage|p1a: Rotardation|15\/303
|move|p1a: Rotardation|Hydro Pump|p2a: Zard X
|-damage|p2a: Zard X|30\/315
|
|-heal|p1a: Rotardation|33\/303|[from] item: Leftovers
|turn|30
|c| y4|THIS
|c| y4|IS
|
|move|p2a: Zard X|Roost|p2a: Zard X
|-heal|p2a: Zard X|188\/315
|move|p1a: Rotardation|Hydro Pump|p2a: Zard X
|-damage|p2a: Zard X|26\/315
|
|-heal|p1a: Rotardation|51\/303|[from] item: Leftovers
|turn|31
|c| y4|E
|c| y4|PIC
|
|move|p2a: Zard X|Roost|p2a: Zard X
|-heal|p2a: Zard X|184\/315
|move|p1a: Rotardation|Hydro Pump|p2a: Zard X
|-damage|p2a: Zard X|24\/315
|
|-heal|p1a: Rotardation|69\/303|[from] item: Leftovers
|turn|32
|
|move|p2a: Zard X|Roost|p2a: Zard X
|-heal|p2a: Zard X|182\/315
|move|p1a: Rotardation|Hydro Pump|p2a: Zard X
|-damage|p2a: Zard X|37\/315
|
|-heal|p1a: Rotardation|87\/303|[from] item: Leftovers
|turn|33
|c|★muk the kid|WHAT THE FUCK
|c| Outrageous Fortune|C
|c| Outrageous Fortune|R
|c| Outrageous Fortune|I
|c| Outrageous Fortune|T
|
|move|p2a: Zard X|Roost|p2a: Zard X
|-heal|p2a: Zard X|195\/315
|move|p1a: Rotardation|Hydro Pump|p2a: Zard X
|-damage|p2a: Zard X|41\/315
|
|-heal|p1a: Rotardation|105\/303|[from] item: Leftovers
|turn|34
|c| Apathos|Based god gib crit
|join|mouse de frank
|
|move|p2a: Zard X|Roost|p2a: Zard X
|-heal|p2a: Zard X|199\/315
|move|p1a: Rotardation|Volt Switch|p2a: Zard X
|-resisted|p2a: Zard X
|-damage|p2a: Zard X|154\/315
|c|★NagariHO|that accuracy
|
|switch|p1a: DOGE EBINEST|Lucario, M|142\/281
|-damage|p1a: DOGE EBINEST|134\/281|[from] Stealth Rock
|
|turn|35
|
|move|p1a: DOGE EBINEST|Extreme Speed|p2a: Zard X
|-damage|p2a: Zard X|33\/315
|-damage|p1a: DOGE EBINEST|106\/281|[from] item: Life Orb
|move|p2a: Zard X|Roost|p2a: Zard X
|-heal|p2a: Zard X|191\/315
|
|turn|36
|join|Omegasization
|join|Pure Demize
|c| zaeqweqeeeqee|what
|c| y4|N O T A F R A I D
|
|move|p1a: DOGE EBINEST|Extreme Speed|p2a: Zard X
|-damage|p2a: Zard X|87\/315
|-damage|p1a: DOGE EBINEST|78\/281|[from] item: Life Orb
|move|p2a: Zard X|Dragon Claw|p1a: DOGE EBINEST
|-resisted|p1a: DOGE EBINEST
|-damage|p1a: DOGE EBINEST|0 fnt
|faint|p1a: DOGE EBINEST
|
|c| Omegasization|muk pls
|c|★muk the kid|what a bad game!
|c|★NagariHO|the threaet is ogne
|leave|muk the kid
|player|p1
|leave|I'm Rick Astley
|leave|Apathos
|c|★NagariHO|hey omega
|leave|y4
|leave|Omegasization
|join|Apathos
|leave|Pure Demize
|leave|mouse de frank
|leave|C Le Fairy
|leave|bellicose
|leave|zaeqweqeeeqee
|leave|Apathos
|leave|Biz
|c| Altilt|whats ur zard spread
|leave|kektus the good
|join|Adiisfine
|c| Altilt|pls
|c|★NagariHO|ok
|c|★NagariHO|y tho?
|c| Altilt|i want to know :oooo
|-message|mukthekid lost due to inactivity.
|
|win|NagariHO
|raw|Ladder updating...
|raw|muk the kid's rating: 1792 &rarr; <strong>1761<\/strong><br \/>(-31 for losing)
|raw|NagariHO's rating: 1564 &rarr; <strong>1596<\/strong><br \/>(+32 for winning)
|c|★NagariHO|it's really simple
|leave|Not Canadian
|c|★NagariHO|just enough speed to outspeed landorus scarf after one DD
|c| Altilt|u can just give me the evs m8
|c|★NagariHO|EVs: 72 HP \/ 252 Atk \/ 184 Spe
|c|★NagariHO|Jolly Nature
|c| Altilt|thx
|join|Not Canadian
|leave|Altilt
|leave|Not Canadian