|join|muk the kid
|join|ninimia
|player|p1|muk the kid|170
|player|p2|ninimia|1
|gametype|singles
|gen|6
|tier|OU
|rated
|clearpoke
|poke|p1|Sceptile, F
|poke|p1|Talonflame, M
|poke|p1|Starmie
|poke|p1|Landorus-Therian, M
|poke|p1|Lucario, F
|poke|p1|Rotom-Wash
|poke|p2|Froslass, F
|poke|p2|Talonflame, M
|poke|p2|Bisharp, M
|poke|p2|Weavile, F
|poke|p2|Thundurus, M
|poke|p2|Diancie
|rule|Swagger Clause: Swagger is banned
|rule|Baton Pass Clause: Limit one Pokémon knowing Baton Pass
|rule|Sleep Clause Mod: Limit one foe put to sleep
|rule|Species Clause: Limit one of each Pokémon
|rule|OHKO Clause: OHKO moves are banned
|rule|Moody Clause: Moody is banned
|rule|Evasion Moves Clause: Evasion moves are banned
|rule|Endless Battle Clause: Forcing endless battles is banned
|rule|HP Percentage Mod: HP is shown in percentages
|teampreview
|join|Biz
|join|zaeqweqeeeqee
|
|start
|switch|p1a: DOGE EBINEST|Lucario, F|281\/281
|switch|p2a: Froslass|Froslass, F|281\/281
|turn|1
|
|move|p2a: Froslass|Spikes|p1a: DOGE EBINEST
|-sidestart|p1: muk the kid|Spikes
|move|p1a: DOGE EBINEST|Iron Tail|p2a: Froslass
|-supereffective|p2a: Froslass
|-enditem|p2a: Froslass|Focus Sash
|-damage|p2a: Froslass|1\/281
|-damage|p1a: DOGE EBINEST|253\/281|[from] item: Life Orb
|
|turn|2
|
|switch|p1a: Balonflame|Talonflame, M|359\/359
|move|p2a: Froslass|Destiny Bond|p2a: Froslass
|-singlemove|p2a: Froslass|Destiny Bond
|
|turn|3
|
|switch|p2a: easy game|Talonflame, M|297\/297
|move|p1a: Balonflame|Bulk Up|p1a: Balonflame
|-boost|p1a: Balonflame|atk|1
|-boost|p1a: Balonflame|def|1
|
|turn|4
|join|I'm Rick Astley
|join|Outrageous Fortune
|
|move|p2a: easy game|Brave Bird|p1a: Balonflame
|-damage|p1a: Balonflame|113\/359
|-damage|p2a: easy game|216\/297|[from] recoil|[of] p1a: Balonflame
|move|p1a: Balonflame|Brave Bird|p2a: easy game
|-damage|p2a: easy game|0 fnt
|-damage|p1a: Balonflame|42\/359|[from] recoil|[of] p2a: easy game
|faint|p2a: easy game
|
|-heal|p1a: Balonflame|64\/359|[from] item: Leftovers
|
|switch|p2a: Weavile|Weavile, F|279\/279
|-ability|p2a: Weavile|Pressure
|turn|5
|
|move|p2a: Weavile|Ice Shard|p1a: Balonflame
|-damage|p1a: Balonflame|0 fnt
|-damage|p2a: Weavile|252\/279|[from] item: Life Orb
|faint|p1a: Balonflame
|
|
|switch|p1a: Rotardation|Rotom-Wash|303\/303
|turn|6
|
|move|p2a: Weavile|Knock Off|p1a: Rotardation
|-damage|p1a: Rotardation|161\/303
|-enditem|p1a: Rotardation|Leftovers|[from] move: Knock Off|[of] p2a: Weavile
|-damage|p2a: Weavile|225\/279|[from] item: Life Orb
|move|p1a: Rotardation|Volt Switch|p2a: Weavile
|-damage|p2a: Weavile|126\/279
|
|switch|p1a: DOGE EBINEST|Lucario, F|253\/281
|-damage|p1a: DOGE EBINEST|218\/281|[from] Spikes
|
|turn|7
|
|switch|p2a: Froslass|Froslass, F|1\/281
|move|p1a: DOGE EBINEST|Iron Tail|p2a: Froslass
|-supereffective|p2a: Froslass
|-damage|p2a: Froslass|0 fnt
|-start|p1a: DOGE EBINEST|Disable|Iron Tail
|-damage|p1a: DOGE EBINEST|190\/281|[from] item: Life Orb
|faint|p2a: Froslass
|
|
|switch|p2a: Diancie|Diancie|241\/241
|turn|8
|
|move|p1a: DOGE EBINEST|Swords Dance|p1a: DOGE EBINEST
|-boost|p1a: DOGE EBINEST|atk|2
|move|p2a: Diancie|Moonblast|p1a: DOGE EBINEST
|-damage|p1a: DOGE EBINEST|1\/281
|
|turn|9
|
|detailschange|p2a: Diancie|Diancie-Mega
|-mega|p2a: Diancie|Diancie|Diancite
|move|p2a: Diancie|Protect|p2a: Diancie
|-singleturn|p2a: Diancie|Protect
|move|p1a: DOGE EBINEST|Close Combat|p2a: Diancie
|-activate|p2a: Diancie|Protect
|
|turn|10
|
|move|p1a: DOGE EBINEST|Extreme Speed|p2a: Diancie
|-resisted|p2a: Diancie
|-damage|p2a: Diancie|138\/241
|-damage|p1a: DOGE EBINEST|0 fnt|[from] item: Life Orb
|faint|p1a: DOGE EBINEST
|move|p2a: Diancie|Moonblast|p1: DOGE EBINEST|[notarget]
|-notarget
|
|
|switch|p1a: Starmeme|Starmie|323\/323
|-damage|p1a: Starmeme|283\/323|[from] Spikes
|turn|11
|
|switch|p2a: Thundurus|Thundurus, M|299\/299
|move|p1a: Starmeme|Scald|p2a: Thundurus
|-damage|p2a: Thundurus|196\/299
|-status|p2a: Thundurus|brn
|
|-heal|p1a: Starmeme|303\/323|[from] item: Leftovers
|-damage|p2a: Thundurus|159\/299 brn|[from] brn
|turn|12
|
|move|p1a: Starmeme|Ice Beam|p2a: Thundurus
|-supereffective|p2a: Thundurus
|-damage|p2a: Thundurus|0 fnt
|faint|p2a: Thundurus
|
|-heal|p1a: Starmeme|323\/323|[from] item: Leftovers
|
|switch|p2a: Weavile|Weavile, F|126\/279
|-ability|p2a: Weavile|Pressure
|turn|13
|
|move|p2a: Weavile|Knock Off|p1a: Starmeme
|-supereffective|p1a: Starmeme
|-damage|p1a: Starmeme|0 fnt
|-enditem|p1a: Starmeme|Leftovers|[from] move: Knock Off|[of] p2a: Weavile
|-damage|p2a: Weavile|99\/279|[from] item: Life Orb
|faint|p1a: Starmeme
|
|join|Altilt
|
|switch|p1a: Rotardation|Rotom-Wash|161\/303
|turn|14
|
|switch|p2a: Diancie|Diancie-Mega|138\/241
|move|p1a: Rotardation|Hydro Pump|p2a: Diancie
|-supereffective|p2a: Diancie
|-damage|p2a: Diancie|0 fnt
|faint|p2a: Diancie
|
|
|switch|p2a: Bisharp|Bisharp, M|269\/269
|turn|15
|
|move|p2a: Bisharp|Swords Dance|p2a: Bisharp
|-boost|p2a: Bisharp|atk|2
|move|p1a: Rotardation|Will-O-Wisp|p2a: Bisharp
|-status|p2a: Bisharp|brn
|
|-damage|p2a: Bisharp|236\/269 brn|[from] brn
|turn|16
|
|move|p2a: Bisharp|Swords Dance|p2a: Bisharp
|-boost|p2a: Bisharp|atk|2
|move|p1a: Rotardation|Pain Split|p2a: Bisharp
|-sethp|p2a: Bisharp|198\/269 brn|p1a: Rotardation|198\/303|[from] move: Pain Split
|
|-damage|p2a: Bisharp|165\/269 brn|[from] brn
|turn|17
|
|switch|p1a: Landorus-Therian|Landorus-Therian, M|381\/381
|-ability|p1a: Landorus-Therian|Intimidate|[of] p2a: Bisharp
|-unboost|p2a: Bisharp|atk|1
|-boost|p2a: Bisharp|atk|2|[from] ability: Defiant
|move|p2a: Bisharp|Sucker Punch|p1a: Landorus-Therian
|-fail|p1a: Landorus-Therian
|
|-damage|p2a: Bisharp|132\/269 brn|[from] brn
|turn|18
|join|Apathos
|
|move|p2a: Bisharp|Knock Off|p1a: Landorus-Therian
|-damage|p1a: Landorus-Therian|0 fnt
|-enditem|p1a: Landorus-Therian|Leftovers|[from] move: Knock Off|[of] p2a: Bisharp
|-damage|p2a: Bisharp|106\/269 brn|[from] item: Life Orb
|faint|p1a: Landorus-Therian
|
|-damage|p2a: Bisharp|73\/269 brn|[from] brn
|
|switch|p1a: Reptar|Sceptile, F|281\/281
|-damage|p1a: Reptar|246\/281|[from] Spikes
|turn|19
|
|detailschange|p1a: Reptar|Sceptile-Mega, F
|-mega|p1a: Reptar|Sceptile|Sceptilite
|move|p1a: Reptar|Substitute|p1a: Reptar
|-start|p1a: Reptar|Substitute
|-damage|p1a: Reptar|176\/281
|move|p2a: Bisharp|Knock Off|p1a: Reptar
|-end|p1a: Reptar|Substitute
|-damage|p2a: Bisharp|47\/269 brn|[from] item: Life Orb
|
|-damage|p2a: Bisharp|14\/269 brn|[from] brn
|turn|20
|
|move|p1a: Reptar|Substitute|p1a: Reptar
|-start|p1a: Reptar|Substitute
|-damage|p1a: Reptar|106\/281
|move|p2a: Bisharp|Knock Off|p1a: Reptar
|-end|p1a: Reptar|Substitute
|-damage|p2a: Bisharp|0 fnt|[from] item: Life Orb
|faint|p2a: Bisharp
|
|
|switch|p2a: Weavile|Weavile, F|99\/279
|-ability|p2a: Weavile|Pressure
|turn|21
|
|move|p2a: Weavile|Ice Shard|p1a: Reptar
|-supereffective|p1a: Reptar
|-damage|p1a: Reptar|0 fnt
|-damage|p2a: Weavile|72\/279|[from] item: Life Orb
|faint|p1a: Reptar
|
|
|switch|p1a: Rotardation|Rotom-Wash|198\/303
|turn|22
|
|move|p2a: Weavile|Knock Off|p1a: Rotardation
|-crit|p1a: Rotardation
|-damage|p1a: Rotardation|58\/303
|-damage|p2a: Weavile|45\/279|[from] item: Life Orb
|move|p1a: Rotardation|Volt Switch|p2a: Weavile
|-damage|p2a: Weavile|0 fnt
|faint|p2a: Weavile
|
|win|muk the kid
|raw|Ladder updating...
|raw|muk the kid's rating: 1779 &rarr; <strong>1792<\/strong><br \/>(+13 for winning)
|raw|ninimia's rating: 1648 &rarr; <strong>1635<\/strong><br \/>(-13 for losing)
|leave|ninimia
|player|p2