|join|iLostThekeys
|join|Le Disko
|player|p1|iLostThekeys|101
|player|p2|Le Disko|1
|gametype|singles
|gen|6
|tier|OU
|rated
|clearpoke
|poke|p1|Landorus-Therian, M
|poke|p1|Scizor, F
|poke|p1|Lopunny, F
|poke|p1|Umbreon, M
|poke|p1|Heatran, F
|poke|p1|Suicune
|poke|p2|Diancie
|poke|p2|Magnezone
|poke|p2|Tentacruel, M
|poke|p2|Landorus-Therian, M
|poke|p2|Keldeo
|poke|p2|Clefable, F
|rule|Swagger Clause: Swagger is banned
|rule|Baton Pass Clause: Limit one Pokémon knowing Baton Pass
|rule|Sleep Clause Mod: Limit one foe put to sleep
|rule|Species Clause: Limit one of each Pokémon
|rule|OHKO Clause: OHKO moves are banned
|rule|Moody Clause: Moody is banned
|rule|Evasion Moves Clause: Evasion moves are banned
|rule|Endless Battle Clause: Forcing endless battles is banned
|rule|HP Percentage Mod: HP is shown in percentages
|teampreview
|
|start
|switch|p1a: Landorus-Therian|Landorus-Therian, M|382\/382
|switch|p2a: Landorus-Therian|Landorus-Therian, M|381\/381
|-ability|p1a: Landorus-Therian|Intimidate|[of] p2a: Landorus-Therian
|-unboost|p2a: Landorus-Therian|atk|1
|-ability|p2a: Landorus-Therian|Intimidate|[of] p1a: Landorus-Therian
|-unboost|p1a: Landorus-Therian|atk|1
|turn|1
|
|move|p1a: Landorus-Therian|Stealth Rock|p2a: Landorus-Therian
|-sidestart|p2: Le Disko|move: Stealth Rock
|move|p2a: Landorus-Therian|Stealth Rock|p1a: Landorus-Therian
|-sidestart|p1: iLostThekeys|move: Stealth Rock
|
|turn|2
|
|move|p1a: Landorus-Therian|Knock Off|p2a: Landorus-Therian
|-damage|p2a: Landorus-Therian|325\/381
|-enditem|p2a: Landorus-Therian|Leftovers|[from] move: Knock Off|[of] p1a: Landorus-Therian
|move|p2a: Landorus-Therian|U-turn|p1a: Landorus-Therian
|-resisted|p1a: Landorus-Therian
|-damage|p1a: Landorus-Therian|361\/382
|-damage|p2a: Landorus-Therian|262\/381|[from] item: Rocky Helmet|[of] p1a: Landorus-Therian
|
|switch|p2a: Keldeo|Keldeo|323\/323
|-damage|p2a: Keldeo|303\/323|[from] Stealth Rock
|
|turn|3
|
|switch|p2a: Tentacruel|Tentacruel, M|363\/363
|-damage|p2a: Tentacruel|318\/363|[from] Stealth Rock
|switch|p1a: Suicune|Suicune|392\/392
|-damage|p1a: Suicune|343\/392|[from] Stealth Rock
|-ability|p1a: Suicune|Pressure
|
|-heal|p2a: Tentacruel|340\/363|[from] item: Black Sludge
|-heal|p1a: Suicune|367\/392|[from] item: Leftovers
|turn|4
|
|move|p2a: Tentacruel|Knock Off|p1a: Suicune
|-crit|p1a: Suicune
|-damage|p1a: Suicune|311\/392
|-enditem|p1a: Suicune|Leftovers|[from] move: Knock Off|[of] p2a: Tentacruel
|move|p1a: Suicune|Scald|p2a: Tentacruel
|-resisted|p2a: Tentacruel
|-damage|p2a: Tentacruel|307\/363
|-status|p2a: Tentacruel|brn
|
|-heal|p2a: Tentacruel|329\/363 brn|[from] item: Black Sludge
|-damage|p2a: Tentacruel|284\/363 brn|[from] brn
|turn|5
|
|move|p2a: Tentacruel|Rapid Spin|p1a: Suicune
|-damage|p1a: Suicune|307\/392
|-sideend|p2: Le Disko|Stealth Rock|[from] move: Rapid Spin|[of] p2a: Tentacruel
|move|p1a: Suicune|Ice Beam|p2a: Tentacruel
|-resisted|p2a: Tentacruel
|-damage|p2a: Tentacruel|259\/363 brn
|
|-heal|p2a: Tentacruel|281\/363 brn|[from] item: Black Sludge
|-damage|p2a: Tentacruel|236\/363 brn|[from] brn
|turn|6
|
|switch|p2a: Magnezone|Magnezone|281\/281
|move|p1a: Suicune|Scald|p2a: Magnezone
|-damage|p2a: Magnezone|172\/281
|-status|p2a: Magnezone|brn
|
|-damage|p2a: Magnezone|137\/281 brn|[from] brn
|turn|7
|
|switch|p2a: Keldeo|Keldeo|303\/323
|switch|p1a: Heatran|Heatran, F|348\/348
|-damage|p1a: Heatran|305\/348|[from] Stealth Rock
|
|-heal|p1a: Heatran|326\/348|[from] item: Leftovers
|turn|8
|
|move|p2a: Keldeo|Hydro Pump|p1a: Heatran
|-supereffective|p1a: Heatran
|-damage|p1a: Heatran|12\/348
|move|p1a: Heatran|Lava Plume|p2a: Keldeo
|-resisted|p2a: Keldeo
|-damage|p2a: Keldeo|225\/323
|-status|p2a: Keldeo|brn
|
|-heal|p1a: Heatran|33\/348|[from] item: Leftovers
|-damage|p2a: Keldeo|185\/323 brn|[from] brn
|turn|9
|
|move|p2a: Keldeo|Hydro Pump|p1a: Heatran|[miss]
|-miss|p2a: Keldeo|p1a: Heatran
|move|p1a: Heatran|Earth Power|p2a: Keldeo
|-crit|p2a: Keldeo
|-damage|p2a: Keldeo|11\/323 brn
|-unboost|p2a: Keldeo|spd|1
|
|-heal|p1a: Heatran|54\/348|[from] item: Leftovers
|-damage|p2a: Keldeo|0 fnt|[from] brn
|faint|p2a: Keldeo
|
|switch|p2a: Diancie|Diancie|241\/241
|turn|10
|
|detailschange|p2a: Diancie|Diancie-Mega
|message|Diancie has Mega Evolved into Mega Diancie!
|move|p1a: Heatran|Earth Power|p2a: Diancie
|-supereffective|p2a: Diancie
|-damage|p2a: Diancie|33\/241
|move|p2a: Diancie|Earth Power|p1a: Heatran
|-crit|p1a: Heatran
|-supereffective|p1a: Heatran
|-damage|p1a: Heatran|0 fnt
|faint|p1a: Heatran
|
|
|switch|p1a: Landorus-Therian|Landorus-Therian, M|361\/382
|-damage|p1a: Landorus-Therian|314\/382|[from] Stealth Rock
|-ability|p1a: Landorus-Therian|Intimidate|[of] p2a: Diancie
|-unboost|p2a: Diancie|atk|1
|turn|11
|
|move|p2a: Diancie|Moonblast|p1a: Landorus-Therian
|-damage|p1a: Landorus-Therian|97\/382
|-unboost|p1a: Landorus-Therian|spa|1
|move|p1a: Landorus-Therian|Earthquake|p2a: Diancie
|-supereffective|p2a: Diancie
|-damage|p2a: Diancie|0 fnt
|faint|p2a: Diancie
|
|
|switch|p2a: Tentacruel|Tentacruel, M|236\/363 brn
|turn|12
|
|move|p2a: Tentacruel|Scald|p1a: Landorus-Therian
|-supereffective|p1a: Landorus-Therian
|-damage|p1a: Landorus-Therian|0 fnt
|faint|p1a: Landorus-Therian
|
|-heal|p2a: Tentacruel|258\/363 brn|[from] item: Black Sludge
|-damage|p2a: Tentacruel|213\/363 brn|[from] brn
|
|switch|p1a: Umbreon|Umbreon, M|394\/394
|-damage|p1a: Umbreon|345\/394|[from] Stealth Rock
|turn|13
|
|switch|p2a: Clefable|Clefable, F|393\/393
|move|p1a: Umbreon|Wish|p1a: Umbreon
|
|-heal|p1a: Umbreon|369\/394|[from] item: Leftovers
|turn|14
|
|switch|p1a: Scizor|Scizor, F|344\/344
|-damage|p1a: Scizor|301\/344|[from] Stealth Rock
|switch|p2a: Landorus-Therian|Landorus-Therian, M|262\/381
|-ability|p2a: Landorus-Therian|Intimidate|[of] p1a: Scizor
|-unboost|p1a: Scizor|atk|1
|
|-heal|p1a: Scizor|344\/344|[from] move: Wish|[wisher] Umbreon
|turn|15
|
|move|p2a: Landorus-Therian|Earthquake|p1a: Scizor
|-damage|p1a: Scizor|175\/344
|move|p1a: Scizor|U-turn|p2a: Landorus-Therian
|-resisted|p2a: Landorus-Therian
|-damage|p2a: Landorus-Therian|213\/381
|
|switch|p1a: Lopunny|Lopunny, F|272\/272
|-damage|p1a: Lopunny|238\/272|[from] Stealth Rock
|
|turn|16
|
|switch|p2a: Clefable|Clefable, F|393\/393
|detailschange|p1a: Lopunny|Lopunny-Mega, F
|message|Lopunny has Mega Evolved into Mega Lopunny!
|move|p1a: Lopunny|Substitute|p1a: Lopunny
|-start|p1a: Lopunny|Substitute
|-damage|p1a: Lopunny|170\/272
|
|turn|17
|
|move|p1a: Lopunny|Return|p2a: Clefable
|-damage|p2a: Clefable|219\/393
|move|p2a: Clefable|Moonblast|p1a: Lopunny
|-supereffective|p1a: Lopunny
|-end|p1a: Lopunny|Substitute
|
|-heal|p2a: Clefable|243\/393|[from] item: Leftovers
|turn|18
|
|switch|p1a: Umbreon|Umbreon, M|369\/394
|-damage|p1a: Umbreon|320\/394|[from] Stealth Rock
|move|p2a: Clefable|Soft-Boiled|p2a: Clefable
|-heal|p2a: Clefable|393\/393
|
|-heal|p1a: Umbreon|344\/394|[from] item: Leftovers
|turn|19
|
|switch|p1a: Scizor|Scizor, F|175\/344
|-damage|p1a: Scizor|132\/344|[from] Stealth Rock
|move|p2a: Clefable|Calm Mind|p2a: Clefable
|-boost|p2a: Clefable|spa|1
|-boost|p2a: Clefable|spd|1
|
|turn|20
|
|switch|p2a: Tentacruel|Tentacruel, M|213\/363 brn
|move|p1a: Scizor|Superpower|p2a: Tentacruel
|-crit|p2a: Tentacruel
|-resisted|p2a: Tentacruel
|-damage|p2a: Tentacruel|0 fnt
|-unboost|p1a: Scizor|atk|1
|-unboost|p1a: Scizor|def|1
|faint|p2a: Tentacruel
|
|
|switch|p2a: Magnezone|Magnezone|137\/281 brn
|turn|21
|
|move|p2a: Magnezone|Volt Switch|p1a: Scizor
|-damage|p1a: Scizor|0 fnt
|faint|p1a: Scizor
|
|switch|p2a: Landorus-Therian|Landorus-Therian, M|213\/381
|
|
|switch|p1a: Suicune|Suicune|307\/392
|-damage|p1a: Suicune|258\/392|[from] Stealth Rock
|-ability|p1a: Suicune|Pressure
|turn|22
|
|move|p2a: Landorus-Therian|Earthquake|p1a: Suicune
|-damage|p1a: Suicune|138\/392
|move|p1a: Suicune|Scald|p2a: Landorus-Therian
|-supereffective|p2a: Landorus-Therian
|-damage|p2a: Landorus-Therian|0 fnt
|faint|p2a: Landorus-Therian
|
|
|switch|p2a: Magnezone|Magnezone|137\/281 brn
|turn|23
|
|switch|p1a: Umbreon|Umbreon, M|344\/394
|-damage|p1a: Umbreon|295\/394|[from] Stealth Rock
|move|p2a: Magnezone|Volt Switch|p1a: Umbreon
|-damage|p1a: Umbreon|165\/394
|
|switch|p2a: Clefable|Clefable, F|393\/393
|
|-heal|p1a: Umbreon|189\/394|[from] item: Leftovers
|turn|24
|
|move|p1a: Umbreon|Wish|p1a: Umbreon
|move|p2a: Clefable|Calm Mind|p2a: Clefable
|-boost|p2a: Clefable|spa|1
|-boost|p2a: Clefable|spd|1
|
|-heal|p1a: Umbreon|213\/394|[from] item: Leftovers
|turn|25
|
|switch|p1a: Suicune|Suicune|138\/392
|-damage|p1a: Suicune|89\/392|[from] Stealth Rock
|-ability|p1a: Suicune|Pressure
|move|p2a: Clefable|Moonblast|p1a: Suicune
|-damage|p1a: Suicune|0 fnt
|faint|p1a: Suicune
|
|
|switch|p1a: Lopunny|Lopunny-Mega, F|170\/272
|-damage|p1a: Lopunny|153\/272|[from] Stealth Rock
|turn|26
|
|move|p1a: Lopunny|Ice Punch|p2a: Clefable
|-damage|p2a: Clefable|307\/393
|move|p2a: Clefable|Moonblast|p1a: Lopunny
|-supereffective|p1a: Lopunny
|-damage|p1a: Lopunny|0 fnt
|faint|p1a: Lopunny
|
|-heal|p2a: Clefable|331\/393|[from] item: Leftovers
|-message|iLostThekeys forfeited.
|
|win|Le Disko
|raw|Ladder updating...
|leave|iLostThekeys
|player|p1
|raw|iLostThekeys's rating: 1287 &rarr; <strong>1262<\/strong><br \/>(-25 for losing)
|raw|Le Disko's rating: 1284 &rarr; <strong>1309<\/strong><br \/>(+25 for winning)