|join|IggyRoselia
|join|WraithMC
|player|p1|IggyRoselia|30
|player|p2|WraithMC|52
|gametype|singles
|gen|6
|tier|UU
|rated
|rule|Sleep Clause Mod: Limit one foe put to sleep
|rule|Species Clause: Limit one of each Pokémon
|rule|OHKO Clause: OHKO moves are banned
|rule|Moody Clause: Moody is banned
|rule|Evasion Moves Clause: Evasion moves are banned
|rule|Endless Battle Clause: Forcing endless battles is banned
|rule|HP Percentage Mod: HP is shown in percentages
|clearpoke
|poke|p1|Jirachi, shiny
|poke|p1|Tentacruel, M
|poke|p1|Pidgeot, F, shiny
|poke|p1|Swampert, M, shiny
|poke|p1|Zygarde
|poke|p1|Shaymin, shiny
|poke|p2|Galvantula, F
|poke|p2|Zygarde
|poke|p2|Darmanitan, M
|poke|p2|Empoleon, F
|poke|p2|Mienshao, M
|poke|p2|Pidgeot, M
|rule|Swagger Clause: Swagger is banned
|rule|Baton Pass Clause: Limit one Pokémon knowing Baton Pass
|teampreview
|
|start
|switch|p1a: Jirachi|Jirachi, shiny|341\/341
|switch|p2a: Zygarde|Zygarde|419\/419
|-ability|p2a: Zygarde|Aura Break
|turn|1
|
|move|p1a: Jirachi|Iron Head|p2a: Zygarde
|-damage|p2a: Zygarde|322\/419
|move|p2a: Zygarde|Substitute|p2a: Zygarde
|-start|p2a: Zygarde|Substitute
|-damage|p2a: Zygarde|218\/419
|
|-heal|p2a: Zygarde|244\/419|[from] item: Leftovers
|turn|2
|
|switch|p1a: Swampert|Swampert, M, shiny|404\/404
|move|p2a: Zygarde|Coil|p2a: Zygarde
|-boost|p2a: Zygarde|atk|1
|-boost|p2a: Zygarde|def|1
|-boost|p2a: Zygarde|accuracy|1
|
|-heal|p2a: Zygarde|270\/419|[from] item: Leftovers
|turn|3
|
|move|p1a: Swampert|Stealth Rock|p2a: Zygarde
|-sidestart|p2: WraithMC|move: Stealth Rock
|move|p2a: Zygarde|Dragon Tail|p1a: Swampert
|-damage|p1a: Swampert|298\/404
|drag|p1a: Zygarde|Zygarde|410\/410
|-ability|p1a: Zygarde|Aura Break
|
|-heal|p2a: Zygarde|296\/419|[from] item: Leftovers
|turn|4
|
|switch|p1a: Jirachi|Jirachi, shiny|341\/341
|move|p2a: Zygarde|Dragon Tail|p1a: Jirachi
|-resisted|p1a: Jirachi
|-damage|p1a: Jirachi|265\/341
|drag|p1a: Majestic|Pidgeot, F, shiny|307\/307
|
|-heal|p2a: Zygarde|322\/419|[from] item: Leftovers
|turn|5
|
|detailschange|p1a: Majestic|Pidgeot-Mega, F, shiny
|-mega|p1a: Majestic|Pidgeot|Pidgeotite
|move|p1a: Majestic|Hurricane|p2a: Zygarde
|-end|p2a: Zygarde|Substitute
|move|p2a: Zygarde|Dragon Tail|p1a: Majestic
|-damage|p1a: Majestic|136\/307
|drag|p1a: Swampert|Swampert, M, shiny|298\/404
|
|-heal|p2a: Zygarde|348\/419|[from] item: Leftovers
|-heal|p1a: Swampert|323\/404|[from] item: Leftovers
|turn|6
|
|move|p2a: Zygarde|Earthquake|p1a: Swampert
|-damage|p1a: Swampert|127\/404
|move|p1a: Swampert|Scald|p2a: Zygarde
|-damage|p2a: Zygarde|224\/419
|
|-heal|p2a: Zygarde|250\/419|[from] item: Leftovers
|-heal|p1a: Swampert|152\/404|[from] item: Leftovers
|turn|7
|
|move|p2a: Zygarde|Earthquake|p1a: Swampert
|-damage|p1a: Swampert|0 fnt
|faint|p1a: Swampert
|
|-heal|p2a: Zygarde|276\/419|[from] item: Leftovers
|
|switch|p1a: Jirachi|Jirachi, shiny|265\/341
|turn|8
|
|move|p1a: Jirachi|Iron Head|p2a: Zygarde
|-damage|p2a: Zygarde|209\/419
|move|p2a: Zygarde|Earthquake|p1a: Jirachi
|-crit|p1a: Jirachi
|-supereffective|p1a: Jirachi
|-damage|p1a: Jirachi|0 fnt
|faint|p1a: Jirachi
|
|-heal|p2a: Zygarde|235\/419|[from] item: Leftovers
|
|switch|p1a: Shaymin|Shaymin, shiny|404\/404
|turn|9
|
|switch|p2a: Darmanitan|Darmanitan, M|413\/413
|-damage|p2a: Darmanitan|310\/413|[from] Stealth Rock
|move|p1a: Shaymin|Seed Flare|p2a: Darmanitan
|-resisted|p2a: Darmanitan
|-damage|p2a: Darmanitan|160\/413
|
|turn|10
|
|switch|p1a: Tentacruel|Tentacruel, M|364\/364
|move|p2a: Darmanitan|Rock Slide|p1a: Tentacruel
|-crit|p1a: Tentacruel
|-damage|p1a: Tentacruel|77\/364
|
|-heal|p1a: Tentacruel|99\/364|[from] item: Black Sludge
|turn|11
|
|switch|p1a: Zygarde|Zygarde|410\/410
|-ability|p1a: Zygarde|Aura Break
|move|p2a: Darmanitan|Rock Slide|p1a: Zygarde
|-resisted|p1a: Zygarde
|-damage|p1a: Zygarde|317\/410
|
|turn|12
|
|move|p1a: Zygarde|Dragon Dance|p1a: Zygarde
|-boost|p1a: Zygarde|atk|1
|-boost|p1a: Zygarde|spe|1
|move|p2a: Darmanitan|Rock Slide|p1a: Zygarde
|-resisted|p1a: Zygarde
|-damage|p1a: Zygarde|237\/410
|
|turn|13
|
|move|p1a: Zygarde|Dragon Dance|p1a: Zygarde
|-boost|p1a: Zygarde|atk|1
|-boost|p1a: Zygarde|spe|1
|move|p2a: Darmanitan|Rock Slide|p1a: Zygarde
|-resisted|p1a: Zygarde
|-damage|p1a: Zygarde|157\/410
|
|turn|14
|
|move|p1a: Zygarde|Extreme Speed|p2a: Darmanitan
|-damage|p2a: Darmanitan|0 fnt
|faint|p2a: Darmanitan
|
|
|switch|p2a: Zygarde|Zygarde|235\/419
|-damage|p2a: Zygarde|209\/419|[from] Stealth Rock
|-ability|p2a: Zygarde|Aura Break
|turn|15
|
|move|p1a: Zygarde|Outrage|p2a: Zygarde
|-supereffective|p2a: Zygarde
|-damage|p2a: Zygarde|0 fnt
|faint|p2a: Zygarde
|
|
|switch|p2a: Empoleon|Empoleon, F|371\/371
|-damage|p2a: Empoleon|348\/371|[from] Stealth Rock
|turn|16
|
|move|p1a: Zygarde|Outrage|p2a: Empoleon
|-resisted|p2a: Empoleon
|-damage|p2a: Empoleon|147\/371
|move|p2a: Empoleon|Ice Beam|p1a: Zygarde
|-crit|p1a: Zygarde
|-supereffective|p1a: Zygarde
|-damage|p1a: Zygarde|0 fnt
|faint|p1a: Zygarde
|
|
|switch|p1a: Shaymin|Shaymin, shiny|404\/404
|turn|17
|
|switch|p2a: Galvantula|Galvantula, F|281\/281
|-damage|p2a: Galvantula|211\/281|[from] Stealth Rock
|move|p1a: Shaymin|Earth Power|p2a: Galvantula
|-damage|p2a: Galvantula|70\/281
|
|turn|18
|
|move|p2a: Galvantula|Bug Buzz|p1a: Shaymin
|-supereffective|p1a: Shaymin
|-damage|p1a: Shaymin|240\/404
|move|p1a: Shaymin|Psychic|p2a: Galvantula
|-damage|p2a: Galvantula|0 fnt
|faint|p2a: Galvantula
|
|
|switch|p2a: Pidgeot|Pidgeot, M|307\/307
|-damage|p2a: Pidgeot|231\/307|[from] Stealth Rock
|turn|19
|
|switch|p1a: Tentacruel|Tentacruel, M|99\/364
|detailschange|p2a: Pidgeot|Pidgeot-Mega, M
|-mega|p2a: Pidgeot|Pidgeot|Pidgeotite
|move|p2a: Pidgeot|Hurricane|p1a: Tentacruel
|-damage|p1a: Tentacruel|0 fnt
|faint|p1a: Tentacruel
|
|
|switch|p1a: Majestic|Pidgeot-Mega, F, shiny|136\/307
|turn|20
|
|move|p2a: Pidgeot|Hurricane|p1a: Majestic
|-damage|p1a: Majestic|0 fnt
|faint|p1a: Majestic
|
|
|switch|p1a: Shaymin|Shaymin, shiny|240\/404
|turn|21
|
|move|p2a: Pidgeot|Hurricane|p1a: Shaymin
|-supereffective|p1a: Shaymin
|-damage|p1a: Shaymin|0 fnt
|faint|p1a: Shaymin
|
|win|WraithMC
|raw|Ladder updating...
|raw|IggyRoselia's rating: 1448 &rarr; <strong>1423<\/strong><br \/>(-25 for losing)
|raw|WraithMC's rating: 1350 &rarr; <strong>1376<\/strong><br \/>(+26 for winning)
|c|★WraithMC|gg
|leave|IggyRoselia
|player|p1