|join|kianann
|join|Real FV13
|player|p1|kianann|101
|player|p2|Real FV13|12
|gametype|singles
|gen|6
|tier|OU
|rated
|clearpoke
|poke|p1|Politoed, F
|poke|p1|Swampert, M
|poke|p1|Kingdra, M
|poke|p1|Klefki, F
|poke|p1|Thundurus, M
|poke|p1|Breloom, M
|poke|p2|Vaporeon, M
|poke|p2|Venusaur, M
|poke|p2|Arcanine, F
|poke|p2|Zygarde
|poke|p2|Skarmory, F
|poke|p2|Jirachi
|rule|Swagger Clause: Swagger is banned
|rule|Baton Pass Clause: Limit one Pokémon knowing Baton Pass
|rule|Sleep Clause Mod: Limit one foe put to sleep
|rule|Species Clause: Limit one of each Pokémon
|rule|OHKO Clause: OHKO moves are banned
|rule|Moody Clause: Moody is banned
|rule|Evasion Moves Clause: Evasion moves are banned
|rule|Endless Battle Clause: Forcing endless battles is banned
|rule|HP Percentage Mod: HP is shown in percentages
|teampreview
|
|start
|switch|p1a: Klefki|Klefki, F|317\/317
|switch|p2a: Venusaur|Venusaur, M|364\/364
|turn|1
|
|detailschange|p2a: Venusaur|Venusaur-Mega, M
|-mega|p2a: Venusaur|Venusaur|Venusaurite
|move|p1a: Klefki|Thunder Wave|p2a: Venusaur
|-status|p2a: Venusaur|par
|move|p2a: Venusaur|Hidden Power|p1a: Klefki
|-supereffective|p1a: Klefki
|-damage|p1a: Klefki|215\/317
|
|turn|2
|
|move|p1a: Klefki|Rain Dance|p1a: Klefki
|-weather|RainDance
|cant|p2a: Venusaur|par
|
|-weather|RainDance|[upkeep]
|turn|3
|
|switch|p1a: Kingdra|Kingdra, M|291\/291
|move|p2a: Venusaur|Hidden Power|p1a: Kingdra
|-resisted|p1a: Kingdra
|-damage|p1a: Kingdra|283\/291
|
|-weather|RainDance|[upkeep]
|turn|4
|
|switch|p2a: Jirachi|Jirachi|404\/404
|move|p1a: Kingdra|Draco Meteor|p2a: Jirachi
|-resisted|p2a: Jirachi
|-damage|p2a: Jirachi|300\/404
|-unboost|p1a: Kingdra|spa|2
|-damage|p1a: Kingdra|254\/291|[from] item: Life Orb
|
|-weather|RainDance|[upkeep]
|-heal|p2a: Jirachi|325\/404|[from] item: Leftovers
|turn|5
|
|switch|p2a: Vaporeon|Vaporeon, M|451\/451
|move|p1a: Kingdra|Waterfall|p2a: Vaporeon
|-immune|p2a: Vaporeon|[msg]
|
|-weather|RainDance|[upkeep]
|turn|6
|
|switch|p1a: Breloom|Breloom, M|264\/264
|move|p2a: Vaporeon|Scald|p1a: Breloom
|-resisted|p1a: Breloom
|-damage|p1a: Breloom|156\/264
|-status|p1a: Breloom|brn
|
|-weather|RainDance|[upkeep]
|-damage|p1a: Breloom|123\/264 brn|[from] brn
|turn|7
|
|move|p2a: Vaporeon|Protect|p2a: Vaporeon
|-singleturn|p2a: Vaporeon|Protect
|move|p1a: Breloom|Facade|p2a: Vaporeon
|-activate|p2a: Vaporeon|Protect
|
|-weather|RainDance|[upkeep]
|-damage|p1a: Breloom|90\/264 brn|[from] brn
|turn|8
|
|switch|p1a: Thundurus|Thundurus, M|299\/299
|switch|p2a: Venusaur|Venusaur-Mega, M|364\/364 par
|
|-weather|RainDance|[upkeep]
|turn|9
|
|move|p1a: Thundurus|Hidden Power|p2a: Venusaur
|-supereffective|p2a: Venusaur
|-damage|p2a: Venusaur|299\/364 par
|-damage|p1a: Thundurus|270\/299|[from] item: Life Orb
|move|p2a: Venusaur|Sludge Bomb|p1a: Thundurus
|-damage|p1a: Thundurus|101\/299
|
|-weather|none
|turn|10
|
|switch|p1a: Breloom|Breloom, M|90\/264 brn
|move|p2a: Venusaur|Hidden Power|p1a: Breloom
|-supereffective|p1a: Breloom
|-damage|p1a: Breloom|0 fnt
|faint|p1a: Breloom
|
|
|switch|p1a: Politoed|Politoed, F|383\/383
|-weather|RainDance
|turn|11
|
|move|p1a: Politoed|Encore|p2a: Venusaur
|-start|p2a: Venusaur|Encore
|cant|p2a: Venusaur|par
|
|-weather|RainDance|[upkeep]
|turn|12
|
|switch|p2a: Vaporeon|Vaporeon, M|451\/451
|move|p1a: Politoed|Ice Beam|p2a: Vaporeon
|-resisted|p2a: Vaporeon
|-damage|p2a: Vaporeon|421\/451
|
|-weather|RainDance|[upkeep]
|-heal|p2a: Vaporeon|449\/451|[from] item: Leftovers
|turn|13
|
|switch|p2a: Venusaur|Venusaur-Mega, M|299\/364 par
|move|p1a: Politoed|Toxic|p2a: Venusaur|[miss]
|-miss|p1a: Politoed|p2a: Venusaur
|
|-weather|RainDance|[upkeep]
|turn|14
|
|switch|p1a: Klefki|Klefki, F|215\/317
|move|p2a: Venusaur|Giga Drain|p1a: Klefki
|-resisted|p1a: Klefki
|-damage|p1a: Klefki|167\/317
|-heal|p2a: Venusaur|323\/364 par|[from] drain|[of] p1a: Klefki
|
|-weather|RainDance|[upkeep]
|turn|15
|
|move|p1a: Klefki|Foul Play|p2a: Venusaur
|-damage|p2a: Venusaur|273\/364 par
|move|p2a: Venusaur|Giga Drain|p1a: Klefki
|-resisted|p1a: Klefki
|-damage|p1a: Klefki|119\/317
|-heal|p2a: Venusaur|297\/364 par|[from] drain|[of] p1a: Klefki
|
|-weather|RainDance|[upkeep]
|turn|16
|-message|kianann forfeited.
|leave|kianann
|-message|kianann lost due to inactivity.
|
|win|Real FV13
|raw|Ladder updating...
|raw|kianann's rating: 1360 &rarr; <strong>1335<\/strong><br \/>(-25 for losing)
|raw|Real FV13's rating: 1272 &rarr; <strong>1303<\/strong><br \/>(+31 for winning)
|player|p1