|join|kianann
|join|Death's Head
|player|p1|kianann|265
|player|p2|Death's Head|30
|gametype|singles
|gen|6
|tier|OU
|rated
|clearpoke
|poke|p1|Politoed, F
|poke|p1|Swampert, M
|poke|p1|Kingdra, F
|poke|p1|Klefki, F
|poke|p1|Thundurus, M
|poke|p1|Breloom, F
|poke|p2|Jirachi, shiny
|poke|p2|Haxorus, F, shiny
|poke|p2|Magnezone, shiny
|poke|p2|Mamoswine, F, shiny
|poke|p2|Latios, M, shiny
|poke|p2|Dragonite, F, shiny
|rule|Swagger Clause: Swagger is banned
|rule|Baton Pass Clause: Limit one Pokémon knowing Baton Pass
|rule|Sleep Clause Mod: Limit one foe put to sleep
|rule|Species Clause: Limit one of each Pokémon
|rule|OHKO Clause: OHKO moves are banned
|rule|Moody Clause: Moody is banned
|rule|Evasion Moves Clause: Evasion moves are banned
|rule|Endless Battle Clause: Forcing endless battles is banned
|rule|HP Percentage Mod: HP is shown in percentages
|teampreview
|c|★Death's Head|Hi, good luck and have fun, for I am the leader of the SS Death's Head. Also known as Heinrich Himmler.
|c|★kianann|i remember this team
|
|start
|switch|p1a: Politoed|Politoed, F|383\/383
|switch|p2a: Panzer|Mamoswine, F, shiny|424\/424
|-weather|RainDance
|turn|1
|c|★Death's Head|Idt I've played u b4
|c|★kianann|i already know your moveset
|
|move|p2a: Panzer|Stealth Rock|p1a: Politoed
|-sidestart|p1: kianann|move: Stealth Rock
|move|p1a: Politoed|Encore|p2a: Panzer
|-start|p2a: Panzer|Encore
|
|-weather|RainDance|[upkeep]
|turn|2
|c|★Death's Head|k
|c|★Death's Head|I found this team online testing it to see how it works xD
|
|switch|p2a: Saikhan|Magnezone, shiny|343\/343
|move|p1a: Politoed|Toxic|p2a: Saikhan
|-fail|p2a: Saikhan
|
|-weather|RainDance|[upkeep]
|turn|3
|
|switch|p1a: Swampert|Swampert, M|341\/341
|-damage|p1a: Swampert|320\/341|[from] Stealth Rock
|move|p2a: Saikhan|Thunderbolt|p1a: Swampert
|-immune|p1a: Swampert|[msg]
|
|-weather|RainDance|[upkeep]
|turn|4
|c|★Death's Head|You may know my moveset but not necessarily how I play
|
|switch|p2a: Druk|Dragonite, F, shiny|386\/386
|detailschange|p1a: Swampert|Swampert-Mega, M
|-mega|p1a: Swampert|Swampert|Swampertite
|move|p1a: Swampert|Waterfall|p2a: Druk
|-resisted|p2a: Druk
|-damage|p2a: Druk|317\/386
|
|-weather|RainDance|[upkeep]
|turn|5
|c|★kianann|choice band
|
|switch|p1a: Klefki|Klefki, F|317\/317
|-damage|p1a: Klefki|298\/317|[from] Stealth Rock
|move|p2a: Druk|Extreme Speed|p1a: Klefki
|-resisted|p1a: Klefki
|-damage|p1a: Klefki|231\/317
|
|-weather|RainDance|[upkeep]
|turn|6
|
|switch|p2a: Panzer|Mamoswine, F, shiny|424\/424
|switch|p1a: Swampert|Swampert-Mega, M|320\/341
|-damage|p1a: Swampert|299\/341|[from] Stealth Rock
|
|-weather|RainDance|[upkeep]
|turn|7
|c|★Death's Head|Gj so awesome
|
|move|p1a: Swampert|Ice Punch|p2a: Panzer
|-damage|p2a: Panzer|361\/424
|move|p2a: Panzer|Earthquake|p1a: Swampert
|-damage|p1a: Swampert|110\/341
|
|-weather|RainDance|[upkeep]
|turn|8
|c|★Death's Head|what was that
|c|★kianann|i forget what was your item
|
|move|p2a: Panzer|Ice Shard|p1a: Swampert
|-damage|p1a: Swampert|35\/341
|move|p1a: Swampert|Waterfall|p2a: Panzer
|-supereffective|p2a: Panzer
|-damage|p2a: Panzer|0 fnt
|faint|p2a: Panzer
|
|-weather|none
|
|switch|p2a: Druk|Dragonite, F, shiny|317\/386
|turn|9
|c|★kianann|i rely on memory not to cheat by research on u
|
|move|p2a: Druk|Extreme Speed|p1a: Swampert
|-damage|p1a: Swampert|0 fnt
|faint|p1a: Swampert
|
|c|★Death's Head|Like I said: you know my moveset but not how I play
|c|★Death's Head|There's a difference
|
|switch|p1a: Politoed|Politoed, F|383\/383
|-damage|p1a: Politoed|336\/383|[from] Stealth Rock
|-weather|RainDance
|turn|10
|
|switch|p2a: Saikhan|Magnezone, shiny|343\/343
|switch|p1a: Kingdra|Kingdra, F|291\/291
|-damage|p1a: Kingdra|255\/291|[from] Stealth Rock
|
|-weather|RainDance|[upkeep]
|turn|11
|
|move|p1a: Kingdra|Hydro Pump|p2a: Saikhan
|-damage|p2a: Saikhan|0 fnt
|-damage|p1a: Kingdra|226\/291|[from] item: Life Orb
|faint|p2a: Saikhan
|
|-weather|RainDance|[upkeep]
|
|switch|p2a: Perdition Haze|Latios, M, shiny|302\/302
|turn|12
|
|move|p1a: Kingdra|Draco Meteor|p2a: Perdition Haze
|-supereffective|p2a: Perdition Haze
|-damage|p2a: Perdition Haze|0 fnt
|-unboost|p1a: Kingdra|spa|2
|-damage|p1a: Kingdra|197\/291|[from] item: Life Orb
|faint|p2a: Perdition Haze
|
|-weather|RainDance|[upkeep]
|
|switch|p2a: Druk|Dragonite, F, shiny|317\/386
|turn|13
|
|switch|p1a: Klefki|Klefki, F|231\/317
|-damage|p1a: Klefki|212\/317|[from] Stealth Rock
|move|p2a: Druk|Extreme Speed|p1a: Klefki
|-crit|p1a: Klefki
|-resisted|p1a: Klefki
|-damage|p1a: Klefki|105\/317
|
|-weather|RainDance|[upkeep]
|turn|14
|
|move|p2a: Druk|Extreme Speed|p1a: Klefki
|-resisted|p1a: Klefki
|-damage|p1a: Klefki|43\/317
|move|p1a: Klefki|Thunder Wave|p2a: Druk
|-status|p2a: Druk|par
|
|-weather|RainDance|[upkeep]
|turn|15
|
|move|p2a: Druk|Extreme Speed|p1a: Klefki
|-resisted|p1a: Klefki
|-damage|p1a: Klefki|0 fnt
|faint|p1a: Klefki
|
|-weather|RainDance|[upkeep]
|
|switch|p1a: Breloom|Breloom, F|264\/264
|-damage|p1a: Breloom|248\/264|[from] Stealth Rock
|turn|16
|
|cant|p2a: Druk|par
|move|p1a: Breloom|Facade|p2a: Druk
|-damage|p2a: Druk|228\/386 par
|
|-weather|RainDance|[upkeep]
|-status|p1a: Breloom|tox|[from] item: Toxic Orb
|turn|17
|
|move|p2a: Druk|Extreme Speed|p1a: Breloom
|-damage|p1a: Breloom|65\/264 tox
|move|p1a: Breloom|Facade|p2a: Druk
|-damage|p2a: Druk|60\/386 par
|
|-weather|none
|-heal|p1a: Breloom|98\/264 tox|[from] ability: Poison Heal
|turn|18
|
|move|p2a: Druk|Extreme Speed|p1a: Breloom
|-damage|p1a: Breloom|0 fnt
|faint|p1a: Breloom
|
|
|switch|p1a: Thundurus|Thundurus, M|299\/299
|-damage|p1a: Thundurus|225\/299|[from] Stealth Rock
|turn|19
|
|move|p2a: Druk|Extreme Speed|p1a: Thundurus
|-damage|p1a: Thundurus|20\/299
|move|p1a: Thundurus|Hidden Power|p2a: Druk
|-crit|p2a: Druk
|-supereffective|p2a: Druk
|-damage|p2a: Druk|0 fnt
|-damage|p1a: Thundurus|0 fnt|[from] item: Life Orb
|faint|p2a: Druk
|faint|p1a: Thundurus
|
|c|★Death's Head|Lol it's even now
|
|switch|p2a: Hax|Haxorus, F, shiny|302\/302
|switch|p1a: Politoed|Politoed, F|336\/383
|-ability|p2a: Hax|Mold Breaker
|-damage|p1a: Politoed|289\/383|[from] Stealth Rock
|-weather|RainDance
|turn|20
|
|move|p2a: Hax|Outrage|p1a: Politoed
|-damage|p1a: Politoed|79\/383
|move|p1a: Politoed|Encore|p2a: Hax
|-start|p2a: Hax|Encore
|
|-weather|RainDance|[upkeep]
|turn|21
|
|move|p2a: Hax|Outrage|p1a: Politoed
|-damage|p1a: Politoed|0 fnt
|faint|p1a: Politoed
|
|-weather|RainDance|[upkeep]
|
|switch|p1a: Kingdra|Kingdra, F|197\/291
|-damage|p1a: Kingdra|161\/291|[from] Stealth Rock
|turn|22
|
|move|p1a: Kingdra|Draco Meteor|p2a: Hax
|-supereffective|p2a: Hax
|-damage|p2a: Hax|0 fnt
|-unboost|p1a: Kingdra|spa|2
|-damage|p1a: Kingdra|132\/291|[from] item: Life Orb
|faint|p2a: Hax
|
|-weather|RainDance|[upkeep]
|
|switch|p2a: Blitzkrieg|Jirachi, shiny|341\/341
|turn|23
|
|move|p1a: Kingdra|Waterfall|p2a: Blitzkrieg
|-damage|p2a: Blitzkrieg|145\/341
|-damage|p1a: Kingdra|103\/291|[from] item: Life Orb
|move|p2a: Blitzkrieg|Iron Head|p1a: Kingdra
|-resisted|p1a: Kingdra
|-damage|p1a: Kingdra|43\/291
|
|-weather|RainDance|[upkeep]
|turn|24
|
|move|p1a: Kingdra|Waterfall|p2a: Blitzkrieg
|-damage|p2a: Blitzkrieg|0 fnt
|-damage|p1a: Kingdra|14\/291|[from] item: Life Orb
|faint|p2a: Blitzkrieg
|
|win|kianann
|raw|Ladder updating...
|raw|kianann's rating: 1360 &rarr; <strong>1378<\/strong><br \/>(+18 for winning)
|raw|Death&apos;s Head's rating: 1338 &rarr; <strong>1319<\/strong><br \/>(-19 for losing)
|leave|Death's Head
|player|p2