|join|kianann
|join|Lidist
|player|p1|kianann|2
|player|p2|Lidist|101
|gametype|singles
|gen|6
|tier|OU
|rated
|clearpoke
|poke|p1|Politoed, F
|poke|p1|Swampert, F
|poke|p1|Kingdra, F
|poke|p1|Klefki, F
|poke|p1|Ferrothorn, M
|poke|p1|Landorus, M
|poke|p2|Lopunny, M
|poke|p2|Rotom-Wash
|poke|p2|Heatran, F
|poke|p2|Azumarill, F
|poke|p2|Sylveon, F
|poke|p2|Darmanitan, M
|rule|Swagger Clause: Swagger is banned
|rule|Baton Pass Clause: Limit one Pokémon knowing Baton Pass
|rule|Sleep Clause Mod: Limit one foe put to sleep
|rule|Species Clause: Limit one of each Pokémon
|rule|OHKO Clause: OHKO moves are banned
|rule|Moody Clause: Moody is banned
|rule|Evasion Moves Clause: Evasion moves are banned
|rule|Endless Battle Clause: Forcing endless battles is banned
|rule|HP Percentage Mod: HP is shown in percentages
|teampreview
|
|start
|switch|p1a: Ferrothorn|Ferrothorn, M|352\/352
|switch|p2a: Sylveon|Sylveon, F|393\/393
|turn|1
|
|move|p2a: Sylveon|Hidden Power|p1a: Ferrothorn
|-supereffective|p1a: Ferrothorn
|-damage|p1a: Ferrothorn|12\/352
|move|p1a: Ferrothorn|Stealth Rock|p2a: Sylveon
|-sidestart|p2: Lidist|move: Stealth Rock
|
|turn|2
|
|switch|p1a: Politoed|Politoed, F|342\/342
|-weather|RainDance
|move|p2a: Sylveon|Hidden Power|p1a: Politoed
|-resisted|p1a: Politoed
|-damage|p1a: Politoed|319\/342
|
|-weather|RainDance|[upkeep]
|turn|3
|
|switch|p1a: Klefki|Klefki, F|317\/317
|switch|p2a: Rotom-Wash|Rotom-Wash|303\/303
|-damage|p2a: Rotom-Wash|266\/303|[from] Stealth Rock
|
|-weather|RainDance|[upkeep]
|-heal|p2a: Rotom-Wash|284\/303|[from] item: Leftovers
|turn|4
|
|switch|p1a: Ferrothorn|Ferrothorn, M|12\/352
|move|p2a: Rotom-Wash|Hydro Pump|p1a: Ferrothorn|[miss]
|-miss|p2a: Rotom-Wash|p1a: Ferrothorn
|
|-weather|RainDance|[upkeep]
|-heal|p2a: Rotom-Wash|302\/303|[from] item: Leftovers
|turn|5
|
|move|p2a: Rotom-Wash|Volt Switch|p1a: Ferrothorn
|-resisted|p1a: Ferrothorn
|-damage|p1a: Ferrothorn|0 fnt
|faint|p1a: Ferrothorn
|
|switch|p2a: Azumarill|Azumarill, F|403\/403
|-damage|p2a: Azumarill|353\/403|[from] Stealth Rock
|
|-weather|RainDance|[upkeep]
|
|switch|p1a: Swampert|Swampert, F|341\/341
|turn|6
|
|detailschange|p1a: Swampert|Swampert-Mega, F
|-mega|p1a: Swampert|Swampert|Swampertite
|move|p1a: Swampert|Waterfall|p2a: Azumarill
|-resisted|p2a: Azumarill
|-damage|p2a: Azumarill|192\/403
|move|p2a: Azumarill|Waterfall|p1a: Swampert
|-damage|p1a: Swampert|0 fnt
|faint|p1a: Swampert
|
|-weather|RainDance|[upkeep]
|
|switch|p1a: Landorus|Landorus, M|319\/319
|turn|7
|-message|kianann forfeited.
|leave|kianann
|
|win|Lidist
|raw|Ladder updating...
|player|p1
|raw|kianann's rating: 1362 &rarr; <strong>1341<\/strong><br \/>(-21 for losing)
|raw|Lidist's rating: 1348 &rarr; <strong>1368<\/strong><br \/>(+20 for winning)