|join|kianann
|join|emcee23
|player|p1|kianann|2
|player|p2|emcee23|266
|gametype|singles
|gen|6
|tier|OU
|rated
|clearpoke
|poke|p1|Chansey, F
|poke|p1|Landorus-Therian, M
|poke|p1|Sableye, F
|poke|p1|Skarmory, F
|poke|p1|Heatran, F
|poke|p1|Sylveon, F
|poke|p2|Shuckle, F
|poke|p2|Rotom-Heat
|poke|p2|Tentacruel, F
|poke|p2|Lucario, M
|poke|p2|Bisharp, M
|poke|p2|Gardevoir, F
|rule|Swagger Clause: Swagger is banned
|rule|Baton Pass Clause: Limit one Pokémon knowing Baton Pass
|rule|Sleep Clause Mod: Limit one foe put to sleep
|rule|Species Clause: Limit one of each Pokémon
|rule|OHKO Clause: OHKO moves are banned
|rule|Moody Clause: Moody is banned
|rule|Evasion Moves Clause: Evasion moves are banned
|rule|Endless Battle Clause: Forcing endless battles is banned
|rule|HP Percentage Mod: HP is shown in percentages
|teampreview
|
|start
|switch|p1a: Sableye|Sableye, F|303\/303
|switch|p2a: Gardevoir|Gardevoir, F|277\/277
|-ability|p2a: Gardevoir|Prankster|[from] ability: Trace|[of] p1a: Sableye
|turn|1
|
|switch|p1a: Heatran|Heatran, F|323\/323
|detailschange|p2a: Gardevoir|Gardevoir-Mega, F
|-mega|p2a: Gardevoir|Gardevoir|Gardevoirite
|move|p2a: Gardevoir|Focus Blast|p1a: Heatran
|-supereffective|p1a: Heatran
|-damage|p1a: Heatran|0 fnt
|faint|p1a: Heatran
|
|c|★emcee23|gawn
|
|switch|p1a: Landorus-Therian|Landorus-Therian, M|319\/319
|-ability|p1a: Landorus-Therian|Intimidate|[of] p2a: Gardevoir
|-unboost|p2a: Gardevoir|atk|1
|turn|2
|
|switch|p2a: Rotom-Heat|Rotom-Heat|303\/303
|move|p1a: Landorus-Therian|Knock Off|p2a: Rotom-Heat
|-damage|p2a: Rotom-Heat|213\/303
|-enditem|p2a: Rotom-Heat|Leftovers|[from] move: Knock Off|[of] p1a: Landorus-Therian
|
|turn|3
|
|switch|p1a: Sylveon|Sylveon, F|394\/394
|move|p2a: Rotom-Heat|Volt Switch|p1a: Sylveon
|-crit|p1a: Sylveon
|-damage|p1a: Sylveon|304\/394
|
|switch|p2a: Shuckle|Shuckle, F|243\/243
|
|-heal|p1a: Sylveon|328\/394|[from] item: Leftovers
|turn|4
|
|switch|p1a: Sableye|Sableye, F|303\/303
|move|p2a: Shuckle|Stealth Rock|p1a: Sableye
|-sidestart|p1: kianann|move: Stealth Rock
|
|turn|5
|
|detailschange|p1a: Sableye|Sableye-Mega, F
|-mega|p1a: Sableye|Sableye|Sablenite
|move|p1a: Sableye|Calm Mind|p1a: Sableye
|-boost|p1a: Sableye|spa|1
|-boost|p1a: Sableye|spd|1
|move|p2a: Shuckle|Infestation|p1a: Sableye
|-crit|p1a: Sableye
|-damage|p1a: Sableye|299\/303
|-activate|p1a: Sableye|move: Infestation|[of] p2a: Shuckle
|
|-damage|p1a: Sableye|262\/303|[from] move: Infestation|[partiallytrapped]
|turn|6
|
|switch|p2a: Tentacruel|Tentacruel, F|357\/357
|move|p1a: Sableye|Will-O-Wisp|p2a: Tentacruel
|-status|p2a: Tentacruel|brn
|
|-damage|p2a: Tentacruel|313\/357 brn|[from] brn
|-end|p1a: Sableye|Infestation|[partiallytrapped]
|turn|7
|
|move|p2a: Tentacruel|Acid Spray|p1a: Sableye
|-resisted|p1a: Sableye
|-damage|p1a: Sableye|253\/303
|-unboost|p1a: Sableye|spd|2
|move|p1a: Sableye|Calm Mind|p1a: Sableye
|-boost|p1a: Sableye|spa|1
|-boost|p1a: Sableye|spd|1
|
|-heal|p2a: Tentacruel|335\/357 brn|[from] item: Black Sludge
|-damage|p2a: Tentacruel|291\/357 brn|[from] brn
|turn|8
|
|move|p2a: Tentacruel|Acid Spray|p1a: Sableye
|-resisted|p1a: Sableye
|-damage|p1a: Sableye|239\/303
|-unboost|p1a: Sableye|spd|2
|move|p1a: Sableye|Calm Mind|p1a: Sableye
|-boost|p1a: Sableye|spa|1
|-boost|p1a: Sableye|spd|1
|
|-heal|p2a: Tentacruel|313\/357 brn|[from] item: Black Sludge
|-damage|p2a: Tentacruel|269\/357 brn|[from] brn
|turn|9
|
|switch|p1a: Chansey|Chansey, F|703\/703
|-damage|p1a: Chansey|616\/703|[from] Stealth Rock
|move|p2a: Tentacruel|Acid Spray|p1a: Chansey
|-damage|p1a: Chansey|591\/703
|-unboost|p1a: Chansey|spd|2
|
|-heal|p2a: Tentacruel|291\/357 brn|[from] item: Black Sludge
|-damage|p2a: Tentacruel|247\/357 brn|[from] brn
|turn|10
|
|switch|p1a: Skarmory|Skarmory, F|333\/333
|-damage|p1a: Skarmory|292\/333|[from] Stealth Rock
|move|p2a: Tentacruel|Scald|p1a: Skarmory
|-damage|p1a: Skarmory|190\/333
|
|-heal|p2a: Tentacruel|269\/357 brn|[from] item: Black Sludge
|-damage|p2a: Tentacruel|225\/357 brn|[from] brn
|turn|11
|
|switch|p2a: Bisharp|Bisharp, M|319\/319
|move|p1a: Skarmory|Stealth Rock|p2a: Bisharp
|-sidestart|p2: emcee23|move: Stealth Rock
|
|turn|12
|
|move|p2a: Bisharp|Knock Off|p1a: Skarmory
|-damage|p1a: Skarmory|94\/333
|-damage|p2a: Bisharp|266\/319|[from] item: Rocky Helmet|[of] p1a: Skarmory
|-enditem|p1a: Skarmory|Rocky Helmet|[from] move: Knock Off|[of] p2a: Bisharp
|move|p1a: Skarmory|Roost|p1a: Skarmory
|-heal|p1a: Skarmory|261\/333
|
|turn|13
|
|switch|p2a: Gardevoir|Gardevoir-Mega, F|277\/277
|-damage|p2a: Gardevoir|243\/277|[from] Stealth Rock
|switch|p1a: Sableye|Sableye-Mega, F|239\/303
|-damage|p1a: Sableye|202\/303|[from] Stealth Rock
|
|turn|14
|
|switch|p1a: Skarmory|Skarmory, F|261\/333
|-damage|p1a: Skarmory|220\/333|[from] Stealth Rock
|move|p2a: Gardevoir|Hyper Voice|p1a: Skarmory
|-resisted|p1a: Skarmory
|-damage|p1a: Skarmory|38\/333
|
|turn|15
|c|★emcee23|lol
|
|switch|p1a: Chansey|Chansey, F|591\/703
|-damage|p1a: Chansey|504\/703|[from] Stealth Rock
|move|p2a: Gardevoir|Hyper Voice|p1a: Chansey
|-damage|p1a: Chansey|326\/703
|
|turn|16
|
|move|p2a: Gardevoir|Taunt|p1a: Chansey
|-start|p1a: Chansey|move: Taunt
|cant|p1a: Chansey|move: Taunt|Soft-Boiled
|
|turn|17
|-message|kianann forfeited.
|leave|kianann
|
|win|emcee23
|raw|Ladder updating...
|player|p1
|raw|kianann's rating: 1385 &rarr; <strong>1364<\/strong><br \/>(-21 for losing)
|raw|emcee23's rating: 1369 &rarr; <strong>1390<\/strong><br \/>(+21 for winning)