|join|jimola
|join|kianann
|player|p1|jimola|1
|player|p2|kianann|266
|gametype|singles
|gen|6
|tier|OU
|rated
|clearpoke
|poke|p1|Scizor, F
|poke|p1|Keldeo
|poke|p1|Landorus, M
|poke|p1|Garchomp, M
|poke|p1|Ferrothorn, F
|poke|p1|Thundurus, M
|poke|p2|Sableye, M
|poke|p2|Talonflame, F
|poke|p2|Forretress, M
|poke|p2|Landorus-Therian, M
|poke|p2|Rotom-Wash
|poke|p2|Magnezone
|rule|Swagger Clause: Swagger is banned
|rule|Baton Pass Clause: Limit one Pokémon knowing Baton Pass
|rule|Sleep Clause Mod: Limit one foe put to sleep
|rule|Species Clause: Limit one of each Pokémon
|rule|OHKO Clause: OHKO moves are banned
|rule|Moody Clause: Moody is banned
|rule|Evasion Moves Clause: Evasion moves are banned
|rule|Endless Battle Clause: Forcing endless battles is banned
|rule|HP Percentage Mod: HP is shown in percentages
|teampreview
|
|start
|switch|p1a: Ferrothorn|Ferrothorn, F|351\/351
|switch|p2a: Sableye|Sableye, M|303\/303
|turn|1
|
|switch|p1a: Landorus|Landorus, M|319\/319
|detailschange|p2a: Sableye|Sableye-Mega, M
|-mega|p2a: Sableye|Sableye|Sablenite
|move|p2a: Sableye|Will-O-Wisp|p1a: Landorus
|-status|p1a: Landorus|brn
|
|-damage|p1a: Landorus|280\/319 brn|[from] brn
|turn|2
|
|move|p1a: Landorus|Earth Power|p2a: Sableye
|-damage|p2a: Sableye|112\/303
|move|p2a: Sableye|Calm Mind|p2a: Sableye
|-boost|p2a: Sableye|spa|1
|-boost|p2a: Sableye|spd|1
|
|-damage|p1a: Landorus|241\/319 brn|[from] brn
|turn|3
|
|switch|p2a: Landorus-Therian|Landorus-Therian, M|319\/319
|-ability|p2a: Landorus-Therian|Intimidate|[of] p1a: Landorus
|-unboost|p1a: Landorus|atk|1
|move|p1a: Landorus|Earth Power|p2a: Landorus-Therian
|-immune|p2a: Landorus-Therian|[msg]
|
|-damage|p1a: Landorus|202\/319 brn|[from] brn
|turn|4
|
|switch|p1a: Garchomp|Garchomp, M|357\/357
|move|p2a: Landorus-Therian|U-turn|p1a: Garchomp
|-damage|p1a: Garchomp|268\/357
|-damage|p2a: Landorus-Therian|280\/319|[from] ability: Rough Skin|[of] p1a: Garchomp
|
|switch|p2a: Rotom-Wash|Rotom-Wash|304\/304
|
|turn|5
|
|move|p1a: Garchomp|Stealth Rock|p2a: Rotom-Wash
|-sidestart|p2: kianann|move: Stealth Rock
|move|p2a: Rotom-Wash|Will-O-Wisp|p1a: Garchomp
|-status|p1a: Garchomp|brn
|
|-damage|p1a: Garchomp|224\/357 brn|[from] brn
|turn|6
|
|move|p1a: Garchomp|Swords Dance|p1a: Garchomp
|-boost|p1a: Garchomp|atk|2
|move|p2a: Rotom-Wash|Hydro Pump|p1a: Garchomp|[miss]
|-miss|p2a: Rotom-Wash|p1a: Garchomp
|
|-damage|p1a: Garchomp|180\/357 brn|[from] brn
|turn|7
|
|move|p1a: Garchomp|Outrage|p2a: Rotom-Wash
|-damage|p2a: Rotom-Wash|51\/304
|-damage|p1a: Garchomp|145\/357 brn|[from] item: Life Orb
|move|p2a: Rotom-Wash|Hydro Pump|p1a: Garchomp|[miss]
|-miss|p2a: Rotom-Wash|p1a: Garchomp
|
|-heal|p2a: Rotom-Wash|70\/304|[from] item: Leftovers
|-damage|p1a: Garchomp|101\/357 brn|[from] brn
|turn|8
|
|switch|p2a: Forretress|Forretress, M|354\/354
|-damage|p2a: Forretress|310\/354|[from] Stealth Rock
|move|p1a: Garchomp|Outrage|p2a: Forretress
|-resisted|p2a: Forretress
|-damage|p2a: Forretress|228\/354
|-damage|p1a: Garchomp|66\/357 brn|[from] item: Life Orb
|
|-end|p1a: Garchomp|rampage
|-start|p1a: Garchomp|confusion
|-heal|p2a: Forretress|250\/354|[from] item: Leftovers
|-damage|p1a: Garchomp|22\/357 brn|[from] brn
|turn|9
|
|-activate|p1a: Garchomp|confusion
|-damage|p1a: Garchomp|0 fnt|[from] confusion
|faint|p1a: Garchomp
|move|p2a: Forretress|Rapid Spin|p1: Garchomp|[notarget]
|-notarget
|
|-heal|p2a: Forretress|272\/354|[from] item: Leftovers
|
|switch|p1a: Keldeo|Keldeo|323\/323
|turn|10
|
|move|p1a: Keldeo|Substitute|p1a: Keldeo
|-start|p1a: Keldeo|Substitute
|-damage|p1a: Keldeo|243\/323
|move|p2a: Forretress|Rapid Spin|p1a: Keldeo
|-activate|p1a: Keldeo|Substitute|[damage]
|-sideend|p2: kianann|Stealth Rock|[from] move: Rapid Spin|[of] p2a: Forretress
|
|-heal|p1a: Keldeo|263\/323|[from] item: Leftovers
|-heal|p2a: Forretress|294\/354|[from] item: Leftovers
|turn|11
|
|switch|p2a: Sableye|Sableye-Mega, M|112\/303
|move|p1a: Keldeo|Calm Mind|p1a: Keldeo
|-boost|p1a: Keldeo|spa|1
|-boost|p1a: Keldeo|spd|1
|
|-heal|p1a: Keldeo|283\/323|[from] item: Leftovers
|turn|12
|
|move|p1a: Keldeo|Surf|p2a: Sableye
|-damage|p2a: Sableye|0 fnt
|faint|p2a: Sableye
|
|-heal|p1a: Keldeo|303\/323|[from] item: Leftovers
|
|switch|p2a: Rotom-Wash|Rotom-Wash|70\/304
|turn|13
|
|move|p1a: Keldeo|Secret Sword|p2a: Rotom-Wash
|-damage|p2a: Rotom-Wash|0 fnt
|faint|p2a: Rotom-Wash
|
|-heal|p1a: Keldeo|323\/323|[from] item: Leftovers
|
|switch|p2a: Magnezone|Magnezone|281\/281
|turn|14
|-message|kianann forfeited.
|leave|kianann
|
|win|jimola
|raw|Ladder updating...
|player|p2
|raw|jimola's rating: 1331 &rarr; <strong>1353<\/strong><br \/>(+22 for winning)
|raw|kianann's rating: 1364 &rarr; <strong>1343<\/strong><br \/>(-21 for losing)