|join|kianann
|join|hsdhzxbt
|player|p1|kianann|2
|player|p2|hsdhzxbt|264
|gametype|singles
|gen|6
|tier|OU
|rated
|clearpoke
|poke|p1|Politoed, M
|poke|p1|Swampert, F
|poke|p1|Kingdra, F
|poke|p1|Klefki, M
|poke|p1|Manaphy
|poke|p1|Ferrothorn, M
|poke|p2|Smeargle, M
|poke|p2|Latios, M
|poke|p2|Gardevoir, F, shiny
|poke|p2|Ferrothorn, M
|poke|p2|Talonflame, M
|poke|p2|Landorus, M
|rule|Swagger Clause: Swagger is banned
|rule|Baton Pass Clause: Limit one Pokémon knowing Baton Pass
|rule|Sleep Clause Mod: Limit one foe put to sleep
|rule|Species Clause: Limit one of each Pokémon
|rule|OHKO Clause: OHKO moves are banned
|rule|Moody Clause: Moody is banned
|rule|Evasion Moves Clause: Evasion moves are banned
|rule|Endless Battle Clause: Forcing endless battles is banned
|rule|HP Percentage Mod: HP is shown in percentages
|teampreview
|
|start
|switch|p1a: Politoed|Politoed, M|342\/342
|switch|p2a: Smeargle|Smeargle, M|314\/314
|-weather|RainDance
|turn|1
|
|switch|p1a: Manaphy|Manaphy|404\/404
|move|p2a: Smeargle|Dark Void|p1a: Manaphy
|-status|p1a: Manaphy|slp
|
|-weather|RainDance|[upkeep]
|-curestatus|p1a: Manaphy|slp
|turn|2
|
|move|p1a: Manaphy|Tail Glow|p1a: Manaphy
|-boost|p1a: Manaphy|spa|3
|move|p2a: Smeargle|Quiver Dance|p2a: Smeargle
|-boost|p2a: Smeargle|spa|1
|-boost|p2a: Smeargle|spd|1
|-boost|p2a: Smeargle|spe|1
|
|-weather|RainDance|[upkeep]
|turn|3
|
|move|p2a: Smeargle|Baton Pass|p2a: Smeargle
|
|switch|p2a: Ferrothorn|Ferrothorn, M|352\/352
|move|p1a: Manaphy|Surf|p2a: Ferrothorn
|-resisted|p2a: Ferrothorn
|-damage|p2a: Ferrothorn|247\/352
|
|-weather|RainDance|[upkeep]
|turn|4
|
|switch|p1a: Ferrothorn|Ferrothorn, M|352\/352
|move|p2a: Ferrothorn|Leech Seed|p1a: Ferrothorn
|-immune|p1a: Ferrothorn|[msg]
|
|-weather|RainDance|[upkeep]
|turn|5
|
|move|p2a: Ferrothorn|Knock Off|p1a: Ferrothorn
|-damage|p1a: Ferrothorn|311\/352
|-damage|p2a: Ferrothorn|203\/352|[from] ability: Iron Barbs|[of] p1a: Ferrothorn
|-enditem|p1a: Ferrothorn|Leftovers|[from] move: Knock Off|[of] p2a: Ferrothorn
|move|p1a: Ferrothorn|Stealth Rock|p2a: Ferrothorn
|-sidestart|p2: hsdhzxbt|move: Stealth Rock
|
|-weather|RainDance|[upkeep]
|turn|6
|
|switch|p2a: Latios|Latios, M|301\/301
|-damage|p2a: Latios|264\/301|[from] Stealth Rock
|move|p1a: Ferrothorn|Leech Seed|p2a: Latios
|-start|p2a: Latios|move: Leech Seed
|
|-weather|RainDance|[upkeep]
|-damage|p2a: Latios|227\/301|[from] Leech Seed|[of] p1a: Ferrothorn
|-heal|p1a: Ferrothorn|348\/352|[silent]
|turn|7
|
|move|p1a: Ferrothorn|Protect|p1a: Ferrothorn
|-singleturn|p1a: Ferrothorn|Protect
|move|p2a: Latios|Defog|p1a: Ferrothorn
|-activate|p1a: Ferrothorn|Protect
|
|-weather|RainDance|[upkeep]
|-damage|p2a: Latios|190\/301|[from] Leech Seed|[of] p1a: Ferrothorn
|-heal|p1a: Ferrothorn|352\/352|[silent]
|turn|8
|
|move|p2a: Latios|Defog|p1a: Ferrothorn
|-unboost|p1a: Ferrothorn|evasion|1
|-sideend|p2: hsdhzxbt|Stealth Rock|[from] move: Defog|[of] p2a: Latios
|move|p1a: Ferrothorn|Stealth Rock|p2a: Latios
|-sidestart|p2: hsdhzxbt|move: Stealth Rock
|
|-weather|none
|-damage|p2a: Latios|153\/301|[from] Leech Seed|[of] p1a: Ferrothorn
|turn|9
|
|switch|p2a: Smeargle|Smeargle, M|314\/314
|-damage|p2a: Smeargle|275\/314|[from] Stealth Rock
|move|p1a: Ferrothorn|Protect|p1a: Ferrothorn
|-fail|p1a: Ferrothorn
|
|turn|10
|
|switch|p1a: Manaphy|Manaphy|404\/404
|move|p2a: Smeargle|Dark Void|p1a: Manaphy
|-status|p1a: Manaphy|slp
|
|turn|11
|
|switch|p1a: Politoed|Politoed, M|342\/342
|-weather|RainDance
|move|p2a: Smeargle|Quiver Dance|p2a: Smeargle
|-boost|p2a: Smeargle|spa|1
|-boost|p2a: Smeargle|spd|1
|-boost|p2a: Smeargle|spe|1
|
|-weather|RainDance|[upkeep]
|turn|12
|
|switch|p1a: Swampert|Swampert, F|341\/341
|move|p2a: Smeargle|Quiver Dance|p2a: Smeargle
|-boost|p2a: Smeargle|spa|1
|-boost|p2a: Smeargle|spd|1
|-boost|p2a: Smeargle|spe|1
|
|-weather|RainDance|[upkeep]
|turn|13
|
|detailschange|p1a: Swampert|Swampert-Mega, F
|-mega|p1a: Swampert|Swampert|Swampertite
|move|p2a: Smeargle|King's Shield|p2a: Smeargle
|-singleturn|p2a: Smeargle|Protect
|move|p1a: Swampert|Waterfall|p2a: Smeargle
|-activate|p2a: Smeargle|Protect
|-unboost|p1a: Swampert|atk|2
|
|-weather|RainDance|[upkeep]
|turn|14
|
|move|p2a: Smeargle|Baton Pass|p2a: Smeargle
|
|switch|p2a: Gardevoir|Gardevoir, F, shiny|277\/277
|-damage|p2a: Gardevoir|243\/277|[from] Stealth Rock
|move|p1a: Swampert|Waterfall|p2a: Gardevoir
|-damage|p2a: Gardevoir|78\/277
|
|-weather|RainDance|[upkeep]
|turn|15
|
|detailschange|p2a: Gardevoir|Gardevoir-Mega, F, shiny
|-mega|p2a: Gardevoir|Gardevoir|Gardevoirite
|move|p2a: Gardevoir|Hyper Voice|p1a: Swampert
|-damage|p1a: Swampert|0 fnt
|faint|p1a: Swampert
|
|-weather|RainDance|[upkeep]
|
|switch|p1a: Manaphy|Manaphy|404\/404 slp
|turn|16
|
|move|p2a: Gardevoir|Hyper Voice|p1a: Manaphy
|-damage|p1a: Manaphy|0 fnt
|faint|p1a: Manaphy
|
|-weather|RainDance|[upkeep]
|
|switch|p1a: Ferrothorn|Ferrothorn, M|352\/352
|turn|17
|
|move|p2a: Gardevoir|Focus Blast|p1a: Ferrothorn|[miss]
|-miss|p2a: Gardevoir|p1a: Ferrothorn
|move|p1a: Ferrothorn|Gyro Ball|p2a: Gardevoir
|-supereffective|p2a: Gardevoir
|-damage|p2a: Gardevoir|0 fnt
|faint|p2a: Gardevoir
|
|-weather|RainDance|[upkeep]
|
|switch|p2a: Smeargle|Smeargle, M|275\/314
|-damage|p2a: Smeargle|236\/314|[from] Stealth Rock
|turn|18
|
|move|p1a: Ferrothorn|Protect|p1a: Ferrothorn
|-singleturn|p1a: Ferrothorn|Protect
|move|p2a: Smeargle|Dark Void|p1a: Ferrothorn
|-activate|p1a: Ferrothorn|Protect
|
|-weather|none
|turn|19
|
|move|p2a: Smeargle|Dark Void|p1a: Ferrothorn
|-miss|p2a: Smeargle|p1a: Ferrothorn
|move|p1a: Ferrothorn|Leech Seed|p2a: Smeargle
|-start|p2a: Smeargle|move: Leech Seed
|
|-damage|p2a: Smeargle|197\/314|[from] Leech Seed|[of] p1a: Ferrothorn
|turn|20
|
|switch|p2a: Ferrothorn|Ferrothorn, M|203\/352
|-damage|p2a: Ferrothorn|181\/352|[from] Stealth Rock
|move|p1a: Ferrothorn|Protect|p1a: Ferrothorn
|-fail|p1a: Ferrothorn
|
|turn|21
|
|switch|p2a: Landorus|Landorus, M|319\/319
|-damage|p2a: Landorus|280\/319|[from] Stealth Rock
|move|p1a: Ferrothorn|Protect|p1a: Ferrothorn
|-fail|p1a: Ferrothorn
|
|turn|22
|
|move|p1a: Ferrothorn|Protect|p1a: Ferrothorn
|-singleturn|p1a: Ferrothorn|Protect
|move|p2a: Landorus|Focus Blast|p1a: Ferrothorn
|-activate|p1a: Ferrothorn|Protect
|
|turn|23
|
|switch|p1a: Politoed|Politoed, M|342\/342
|-weather|RainDance
|move|p2a: Landorus|Focus Blast|p1a: Politoed
|-damage|p1a: Politoed|130\/342
|
|-weather|RainDance|[upkeep]
|turn|24
|
|switch|p1a: Klefki|Klefki, M|317\/317
|move|p2a: Landorus|Earth Power|p1a: Klefki
|-supereffective|p1a: Klefki
|-damage|p1a: Klefki|0 fnt
|faint|p1a: Klefki
|
|-weather|RainDance|[upkeep]
|
|switch|p1a: Kingdra|Kingdra, F|291\/291
|turn|25
|
|move|p1a: Kingdra|Waterfall|p2a: Landorus
|-supereffective|p2a: Landorus
|-damage|p2a: Landorus|0 fnt
|-damage|p1a: Kingdra|262\/291|[from] item: Life Orb
|faint|p2a: Landorus
|
|-weather|RainDance|[upkeep]
|
|switch|p2a: Ferrothorn|Ferrothorn, M|181\/352
|-damage|p2a: Ferrothorn|159\/352|[from] Stealth Rock
|turn|26
|
|switch|p2a: Latios|Latios, M|153\/301
|-damage|p2a: Latios|116\/301|[from] Stealth Rock
|move|p1a: Kingdra|Hydro Pump|p2a: Latios
|-resisted|p2a: Latios
|-damage|p2a: Latios|0 fnt
|-damage|p1a: Kingdra|233\/291|[from] item: Life Orb
|faint|p2a: Latios
|
|-weather|RainDance|[upkeep]
|
|switch|p2a: Smeargle|Smeargle, M|197\/314
|-damage|p2a: Smeargle|158\/314|[from] Stealth Rock
|turn|27
|
|move|p2a: Smeargle|King's Shield|p2a: Smeargle
|-singleturn|p2a: Smeargle|Protect
|move|p1a: Kingdra|Waterfall|p2a: Smeargle
|-activate|p2a: Smeargle|Protect
|-unboost|p1a: Kingdra|atk|2
|
|-weather|RainDance|[upkeep]
|turn|28
|
|move|p1a: Kingdra|Hydro Pump|p2a: Smeargle
|-crit|p2a: Smeargle
|-damage|p2a: Smeargle|0 fnt
|-damage|p1a: Kingdra|204\/291|[from] item: Life Orb
|faint|p2a: Smeargle
|
|-weather|RainDance|[upkeep]
|
|switch|p2a: Ferrothorn|Ferrothorn, M|159\/352
|-damage|p2a: Ferrothorn|137\/352|[from] Stealth Rock
|turn|29
|
|move|p1a: Kingdra|Hydro Pump|p2a: Ferrothorn
|-resisted|p2a: Ferrothorn
|-damage|p2a: Ferrothorn|12\/352
|-damage|p1a: Kingdra|175\/291|[from] item: Life Orb
|move|p2a: Ferrothorn|Leech Seed|p1a: Kingdra|[miss]
|-miss|p2a: Ferrothorn|p1a: Kingdra
|
|-weather|RainDance|[upkeep]
|turn|30
|
|move|p2a: Ferrothorn|Protect|p2a: Ferrothorn
|-singleturn|p2a: Ferrothorn|Protect
|move|p1a: Kingdra|Waterfall|p2a: Ferrothorn
|-activate|p2a: Ferrothorn|Protect
|
|-weather|none
|turn|31
|
|move|p1a: Kingdra|Waterfall|p2a: Ferrothorn
|-resisted|p2a: Ferrothorn
|-damage|p2a: Ferrothorn|0 fnt
|-damage|p1a: Kingdra|139\/291|[from] ability: Iron Barbs|[of] p2a: Ferrothorn
|-damage|p1a: Kingdra|91\/291|[from] item: Rocky Helmet|[of] p2a: Ferrothorn
|-damage|p1a: Kingdra|62\/291|[from] item: Life Orb
|faint|p2a: Ferrothorn
|
|
|switch|p2a: Talonflame|Talonflame, M|297\/297
|-damage|p2a: Talonflame|149\/297|[from] Stealth Rock
|turn|32
|
|switch|p1a: Ferrothorn|Ferrothorn, M|352\/352
|move|p2a: Talonflame|Brave Bird|p1a: Ferrothorn
|-damage|p1a: Ferrothorn|232\/352
|-damage|p2a: Talonflame|112\/297|[from] ability: Iron Barbs|[of] p1a: Ferrothorn
|-damage|p2a: Talonflame|72\/297|[from] recoil|[of] p1a: Ferrothorn
|
|turn|33
|
|move|p2a: Talonflame|Flare Blitz|p1a: Ferrothorn
|-supereffective|p1a: Ferrothorn
|-damage|p1a: Ferrothorn|0 fnt
|-damage|p2a: Talonflame|35\/297|[from] ability: Iron Barbs|[of] p1a: Ferrothorn
|-damage|p2a: Talonflame|0 fnt|[from] recoil|[of] p1a: Ferrothorn
|faint|p1a: Ferrothorn
|faint|p2a: Talonflame
|
|win|kianann
|raw|Ladder updating...
|raw|kianann's rating: 1497 &rarr; <strong>1512<\/strong><br \/>(+15 for winning)
|raw|hsdhzxbt's rating: 1414 &rarr; <strong>1399<\/strong><br \/>(-15 for losing)
|leave|hsdhzxbt
|player|p2