|join|Dolph The Showoff
|join|Metal Sonic
|player|p1|Dolph The Showoff|99
|player|p2|Metal Sonic|102
|gametype|singles
|gen|4
|tier|[Gen 4] UU
|rule|Sleep Clause Mod: Limit one foe put to sleep
|rule|Species Clause: Limit one of each Pokémon
|rule|OHKO Clause: OHKO moves are banned
|rule|Moody Clause: Moody is banned
|rule|Evasion Moves Clause: Evasion moves are banned
|rule|Endless Battle Clause: Forcing endless battles is banned
|rule|HP Percentage Mod: HP is shown in percentages
|
|start
|switch|p1a: Electrode|Electrode|261\/261
|switch|p2a: Jynx|Jynx, F|271\/271
|-activate|p2a: Jynx|ability: Forewarn|Explosion|p1a: Electrode
|turn|1
|join|innovamania
|join|Montsegur
|join|Captain Bravo
|
|move|p1a: Electrode|Taunt|p2a: Jynx
|-start|p2a: Jynx|move: Taunt
|cant|p2a: Jynx|move: Taunt|Lovely Kiss
|
|turn|2
|
|switch|p2a: Manectric|Manectric, F|281\/281
|move|p1a: Electrode|Rain Dance|p1a: Electrode
|-weather|RainDance
|
|-weather|RainDance|[upkeep]
|turn|3
|
|move|p2a: Manectric|Switcheroo|p1a: Electrode
|-activate|p2a: Manectric|move: Trick|[of] p1a: Electrode
|-item|p1a: Electrode|Choice Scarf|[from] Trick
|-item|p2a: Manectric|Focus Sash|[from] Trick
|move|p1a: Electrode|Explosion|p2a: Manectric
|-enditem|p2a: Manectric|Focus Sash
|-damage|p2a: Manectric|1\/281
|faint|p1a: Electrode
|
|-weather|RainDance|[upkeep]
|join|Can-Eh-Dian
|c| Captain Bravo|mlg
|c| Captain Bravo|imo
|join|tomibello
|leave|tomibello
|
|switch|p1a: Relicanth|Relicanth, M|341\/341
|turn|4
|
|switch|p2a: Regirock|Regirock|364\/364
|move|p1a: Relicanth|Return|p2a: Regirock
|-resisted|p2a: Regirock
|-damage|p2a: Regirock|330\/364
|-damage|p1a: Relicanth|307\/341|[from] item: Life Orb
|
|-weather|RainDance|[upkeep]
|-heal|p2a: Regirock|352\/364|[from] item: Leftovers
|turn|5
|
|move|p1a: Relicanth|Waterfall|p2a: Regirock
|-supereffective|p2a: Regirock
|-damage|p2a: Regirock|94\/364
|-damage|p1a: Relicanth|273\/341|[from] item: Life Orb
|move|p2a: Regirock|Stealth Rock|p1a: Relicanth
|-sidestart|p1: Dolph The Showoff|move: Stealth Rock
|
|-weather|RainDance|[upkeep]
|-heal|p2a: Regirock|116\/364|[from] item: Leftovers
|turn|6
|join|TheCanadianWifier
|join|East of Eden
|leave|East of Eden
|
|move|p1a: Relicanth|Earthquake|p2a: Regirock
|-crit|p2a: Regirock
|-supereffective|p2a: Regirock
|-damage|p2a: Regirock|0 fnt
|-damage|p1a: Relicanth|239\/341|[from] item: Life Orb
|faint|p2a: Regirock
|
|-weather|none
|
|switch|p2a: Manectric|Manectric, F|1\/281
|turn|7
|c|★Metal Sonic|!data relicanth
|c|~|\/data-pokemon Relicanth

|
|switch|p1a: Lickilicky|Lickilicky, F|423\/423
|-damage|p1a: Lickilicky|371\/423|[from] Stealth Rock
|move|p2a: Manectric|Thunderbolt|p1a: Lickilicky
|-damage|p1a: Lickilicky|220\/423
|
|turn|8
|
|move|p2a: Manectric|Thunderbolt|p1a: Lickilicky
|-damage|p1a: Lickilicky|78\/423
|move|p1a: Lickilicky|Rain Dance|p1a: Lickilicky
|-weather|RainDance
|
|-weather|RainDance|[upkeep]
|turn|9
|
|move|p2a: Manectric|Thunderbolt|p1a: Lickilicky
|-damage|p1a: Lickilicky|0 fnt
|faint|p1a: Lickilicky
|
|-weather|RainDance|[upkeep]
|
|switch|p1a: Relicanth|Relicanth, M|239\/341
|-damage|p1a: Relicanth|197\/341|[from] Stealth Rock
|turn|10
|
|move|p1a: Relicanth|Waterfall|p2a: Manectric
|-damage|p2a: Manectric|0 fnt
|-damage|p1a: Relicanth|163\/341|[from] item: Life Orb
|faint|p2a: Manectric
|
|-weather|RainDance|[upkeep]
|
|switch|p2a: Skuntank|Skuntank, M|347\/347
|turn|11
|c| TheCanadianWifier|http:\/\/i.imgur.com\/ZmfOjXr.png
|c| TheCanadianWifier|http:\/\/i.imgur.com\/ZmfOjXr.png
|
|move|p2a: Skuntank|Sucker Punch|p1a: Relicanth
|-damage|p1a: Relicanth|40\/341
|-damage|p2a: Skuntank|313\/347|[from] item: Life Orb
|move|p1a: Relicanth|Earthquake|p2a: Skuntank
|-supereffective|p2a: Skuntank
|-damage|p2a: Skuntank|0 fnt
|-damage|p1a: Relicanth|6\/341|[from] item: Life Orb
|faint|p2a: Skuntank
|
|-weather|RainDance|[upkeep]
|
|switch|p2a: Jynx|Jynx, F|271\/271
|-activate|p2a: Jynx|ability: Forewarn|Earthquake|p1a: Relicanth
|turn|12
|
|move|p1a: Relicanth|Waterfall|p2a: Jynx
|-enditem|p2a: Jynx|Focus Sash
|-damage|p2a: Jynx|1\/271
|-damage|p1a: Relicanth|0 fnt|[from] item: Life Orb
|faint|p1a: Relicanth
|move|p2a: Jynx|Nasty Plot|p2a: Jynx
|-boost|p2a: Jynx|spa|2
|
|-weather|RainDance|[upkeep]
|
|switch|p1a: Gorebyss|Gorebyss, F|251\/251
|-damage|p1a: Gorebyss|220\/251|[from] Stealth Rock
|turn|13
|
|move|p1a: Gorebyss|Shadow Ball|p2a: Jynx
|-supereffective|p2a: Jynx
|-damage|p2a: Jynx|0 fnt
|-damage|p1a: Gorebyss|195\/251|[from] item: Life Orb
|faint|p2a: Jynx
|
|-weather|RainDance|[upkeep]
|
|switch|p2a: Hitmonchan|Hitmonchan, M|285\/285
|turn|14
|
|move|p1a: Gorebyss|Hydro Pump|p2a: Hitmonchan
|-damage|p2a: Hitmonchan|0 fnt
|-damage|p1a: Gorebyss|170\/251|[from] item: Life Orb
|faint|p2a: Hitmonchan
|
|-weather|RainDance|[upkeep]
|
|switch|p2a: Haunter|Haunter, M|231\/231
|turn|15
|c|★Dolph The Showoff|GG
|
|move|p1a: Gorebyss|Shadow Ball|p2a: Haunter
|-supereffective|p2a: Haunter
|-damage|p2a: Haunter|0 fnt
|-damage|p1a: Gorebyss|145\/251|[from] item: Life Orb
|faint|p2a: Haunter
|
|win|Dolph The Showoff