|join|taoke
|join|Typhozzz
|player|p1|taoke|1
|player|p2|Typhozzz|143
|gametype|singles
|gen|6
|tier|UU
|rated
|rule|Sleep Clause Mod: Limit one foe put to sleep
|rule|Species Clause: Limit one of each Pokémon
|rule|OHKO Clause: OHKO moves are banned
|rule|Moody Clause: Moody is banned
|rule|Evasion Moves Clause: Evasion moves are banned
|rule|Endless Battle Clause: Forcing endless battles is banned
|rule|HP Percentage Mod: HP is shown in percentages
|clearpoke
|poke|p1|Empoleon, M
|poke|p1|Slurpuff, F
|poke|p1|Vaporeon, F
|poke|p1|Donphan, M
|poke|p1|Amoonguss, F
|poke|p1|Mienshao, M
|poke|p2|Mienshao, F
|poke|p2|Celebi
|poke|p2|Forretress, M
|poke|p2|Entei, shiny
|poke|p2|Swampert, M
|poke|p2|Raikou
|rule|Swagger Clause: Swagger is banned
|rule|Baton Pass Clause: Limit one Pokémon knowing Baton Pass
|teampreview
|join|MyLittleDick
|leave|MyLittleDick
|join|Cnorth's Alt
|c|★Typhozzz|gl hf
|c| Cnorth's Alt|wheres your quagsire
|c| Cnorth's Alt|lmao
|c|★Typhozzz|this isnt ru
|c|★Typhozzz|shutup
|c|★Typhozzz|lol
|
|start
|switch|p1a: Empoleon|Empoleon, M|371\/371
|switch|p2a: Incoming|Mienshao, F|271\/271
|turn|1
|c|★taoke|gl hf
|c|★Typhozzz|this man got a slurpuff
|c|★Typhozzz|fucking threat
|
|move|p2a: Incoming|Knock Off|p1a: Empoleon
|-damage|p1a: Empoleon|290\/371
|-enditem|p1a: Empoleon|Leftovers|[from] move: Knock Off|[of] p2a: Incoming
|move|p1a: Empoleon|Stealth Rock|p2a: Incoming
|-sidestart|p2: Typhozzz|move: Stealth Rock
|
|turn|2
|
|switch|p2a: Make You Cry|Celebi|403\/403
|-damage|p2a: Make You Cry|353\/403|[from] Stealth Rock
|switch|p1a: Amoonguss|Amoonguss, F|432\/432
|
|-heal|p2a: Make You Cry|378\/403|[from] item: Leftovers
|turn|3
|
|move|p2a: Make You Cry|U-turn|p1a: Amoonguss
|-damage|p1a: Amoonguss|387\/432
|
|switch|p2a: Burn Machine|Entei, shiny|371\/371
|-damage|p2a: Burn Machine|279\/371|[from] Stealth Rock
|-ability|p2a: Burn Machine|Pressure
|move|p1a: Amoonguss|Sludge Bomb|p2a: Burn Machine
|-damage|p2a: Burn Machine|156\/371
|
|-heal|p1a: Amoonguss|414\/432|[from] item: Black Sludge
|turn|4
|
|switch|p1a: Donphan|Donphan, M|384\/384
|move|p2a: Burn Machine|Sacred Fire|p1a: Donphan
|-damage|p1a: Donphan|219\/384
|-status|p1a: Donphan|brn
|
|-heal|p1a: Donphan|243\/384 brn|[from] item: Leftovers
|-damage|p1a: Donphan|195\/384 brn|[from] brn
|turn|5
|c| Cnorth's Alt|i mean
|c| Cnorth's Alt|you could have goten your weakness policy
|c| Cnorth's Alt|passed it to entei
|c| Cnorth's Alt|and had some fun
|c|★Typhozzz|bruh
|c|★Typhozzz|shut up
|c|★Typhozzz|lol
|
|switch|p2a: Idk What i Am|Forretress, M|354\/354
|-damage|p2a: Idk What i Am|310\/354|[from] Stealth Rock
|move|p1a: Donphan|Earthquake|p2a: Idk What i Am
|-damage|p2a: Idk What i Am|271\/354
|
|-heal|p1a: Donphan|219\/384 brn|[from] item: Leftovers
|-heal|p2a: Idk What i Am|293\/354|[from] item: Leftovers
|-damage|p1a: Donphan|171\/384 brn|[from] brn
|turn|6
|
|move|p1a: Donphan|Knock Off|p2a: Idk What i Am
|-damage|p2a: Idk What i Am|269\/354
|-enditem|p2a: Idk What i Am|Leftovers|[from] move: Knock Off|[of] p1a: Donphan
|move|p2a: Idk What i Am|Rapid Spin|p1a: Donphan
|-damage|p1a: Donphan|162\/384 brn
|-sideend|p2: Typhozzz|Stealth Rock|[from] move: Rapid Spin|[of] p2a: Idk What i Am
|
|-heal|p1a: Donphan|186\/384 brn|[from] item: Leftovers
|-damage|p1a: Donphan|138\/384 brn|[from] brn
|turn|7
|
|switch|p1a: Slurpuff|Slurpuff, F|306\/306
|move|p2a: Idk What i Am|Stealth Rock|p1a: Slurpuff
|-sidestart|p1: taoke|move: Stealth Rock
|
|turn|8
|
|move|p1a: Slurpuff|Belly Drum|p1a: Slurpuff
|-damage|p1a: Slurpuff|153\/306
|-setboost|p1a: Slurpuff|atk|6|[from] move: Belly Drum
|-enditem|p1a: Slurpuff|Sitrus Berry|[eat]
|-heal|p1a: Slurpuff|229\/306|[from] item: Sitrus Berry
|move|p2a: Idk What i Am|Gyro Ball|p1a: Slurpuff
|-supereffective|p1a: Slurpuff
|-damage|p1a: Slurpuff|0 fnt
|faint|p1a: Slurpuff
|
|c|★Typhozzz|counter is here oh no
|
|switch|p1a: Vaporeon|Vaporeon, F|464\/464
|-damage|p1a: Vaporeon|406\/464|[from] Stealth Rock
|turn|9
|
|move|p1a: Vaporeon|Heal Bell|p1a: Vaporeon
|-cureteam|p1a: Vaporeon|[from] move: HealBell
|move|p2a: Idk What i Am|Volt Switch|p1a: Vaporeon
|-supereffective|p1a: Vaporeon
|-damage|p1a: Vaporeon|342\/464
|
|switch|p2a: Make You Cry|Celebi|378\/403
|
|-heal|p2a: Make You Cry|403\/403|[from] item: Leftovers
|-heal|p1a: Vaporeon|371\/464|[from] item: Leftovers
|turn|10
|
|move|p2a: Make You Cry|Giga Drain|p1a: Vaporeon
|-supereffective|p1a: Vaporeon
|-damage|p1a: Vaporeon|219\/464
|move|p1a: Vaporeon|Wish|p1a: Vaporeon
|
|-heal|p1a: Vaporeon|248\/464|[from] item: Leftovers
|turn|11
|
|move|p1a: Vaporeon|Protect|p1a: Vaporeon
|-singleturn|p1a: Vaporeon|Protect
|move|p2a: Make You Cry|Perish Song|p2a: Make You Cry
|-fieldactivate|move: Perish Song
|
|-start|p2a: Make You Cry|perish3
|-start|p1a: Vaporeon|perish3
|-heal|p1a: Vaporeon|464\/464|[from] move: Wish|[wisher] Vaporeon
|turn|12
|
|switch|p1a: Amoonguss|Amoonguss, F|432\/432
|-damage|p1a: Amoonguss|378\/432|[from] Stealth Rock
|move|p2a: Make You Cry|U-turn|p1a: Amoonguss
|-damage|p1a: Amoonguss|332\/432
|
|switch|p2a: Burn Machine|Entei, shiny|156\/371
|-ability|p2a: Burn Machine|Pressure
|
|-heal|p1a: Amoonguss|359\/432|[from] item: Black Sludge
|turn|13
|
|switch|p1a: Vaporeon|Vaporeon, F|464\/464
|-damage|p1a: Vaporeon|406\/464|[from] Stealth Rock
|move|p2a: Burn Machine|Sacred Fire|p1a: Vaporeon
|-resisted|p1a: Vaporeon
|-damage|p1a: Vaporeon|248\/464
|
|-heal|p1a: Vaporeon|277\/464|[from] item: Leftovers
|turn|14
|
|switch|p2a: ZAP YO DUM ASS|Raikou|321\/321
|-ability|p2a: ZAP YO DUM ASS|Pressure
|move|p1a: Vaporeon|Scald|p2a: ZAP YO DUM ASS
|-damage|p2a: ZAP YO DUM ASS|213\/321
|
|-heal|p1a: Vaporeon|306\/464|[from] item: Leftovers
|turn|15
|
|switch|p1a: Amoonguss|Amoonguss, F|432\/432
|-damage|p1a: Amoonguss|378\/432|[from] Stealth Rock
|move|p2a: ZAP YO DUM ASS|Thunderbolt|p1a: Amoonguss
|-resisted|p1a: Amoonguss
|-damage|p1a: Amoonguss|252\/432
|
|-heal|p1a: Amoonguss|279\/432|[from] item: Black Sludge
|turn|16
|
|switch|p2a: Make You Cry|Celebi|403\/403
|move|p1a: Amoonguss|Spore|p2a: Make You Cry
|-fail|p2a: Make You Cry
|
|-heal|p1a: Amoonguss|306\/432|[from] item: Black Sludge
|turn|17
|
|move|p2a: Make You Cry|U-turn|p1a: Amoonguss
|-crit|p1a: Amoonguss
|-damage|p1a: Amoonguss|244\/432
|
|switch|p2a: Idk What i Am|Forretress, M|269\/354
|move|p1a: Amoonguss|Sludge Bomb|p2a: Idk What i Am
|-immune|p2a: Idk What i Am|[msg]
|
|-heal|p1a: Amoonguss|271\/432|[from] item: Black Sludge
|turn|18
|join|Reaper200
|
|switch|p1a: Vaporeon|Vaporeon, F|306\/464
|-damage|p1a: Vaporeon|248\/464|[from] Stealth Rock
|switch|p2a: Make You Cry|Celebi|403\/403
|
|-heal|p1a: Vaporeon|277\/464|[from] item: Leftovers
|turn|19
|
|move|p2a: Make You Cry|Giga Drain|p1a: Vaporeon
|-supereffective|p1a: Vaporeon
|-damage|p1a: Vaporeon|103\/464
|move|p1a: Vaporeon|Wish|p1a: Vaporeon
|
|-heal|p1a: Vaporeon|132\/464|[from] item: Leftovers
|turn|20
|
|move|p1a: Vaporeon|Protect|p1a: Vaporeon
|-singleturn|p1a: Vaporeon|Protect
|move|p2a: Make You Cry|Perish Song|p2a: Make You Cry
|-fieldactivate|move: Perish Song
|
|-start|p2a: Make You Cry|perish3
|-start|p1a: Vaporeon|perish3
|-heal|p1a: Vaporeon|364\/464|[from] move: Wish|[wisher] Vaporeon
|-heal|p1a: Vaporeon|393\/464|[from] item: Leftovers
|turn|21
|
|switch|p1a: Mienshao|Mienshao, M|271\/271
|-damage|p1a: Mienshao|255\/271|[from] Stealth Rock
|move|p2a: Make You Cry|Giga Drain|p1a: Mienshao
|-damage|p1a: Mienshao|123\/271
|
|-start|p2a: Make You Cry|perish2
|turn|22
|
|switch|p2a: Idk What i Am|Forretress, M|269\/354
|move|p1a: Mienshao|Knock Off|p2a: Idk What i Am
|-damage|p2a: Idk What i Am|216\/354
|-damage|p1a: Mienshao|96\/271|[from] item: Life Orb
|
|turn|23
|
|switch|p1a: Amoonguss|Amoonguss, F|415\/432
|-damage|p1a: Amoonguss|361\/432|[from] Stealth Rock
|move|p2a: Idk What i Am|Volt Switch|p1a: Amoonguss
|-resisted|p1a: Amoonguss
|-damage|p1a: Amoonguss|341\/432
|
|switch|p2a: ZAP YO DUM ASS|Raikou|213\/321
|-ability|p2a: ZAP YO DUM ASS|Pressure
|
|-heal|p1a: Amoonguss|368\/432|[from] item: Black Sludge
|turn|24
|
|move|p2a: ZAP YO DUM ASS|Extrasensory|p1a: Amoonguss
|-supereffective|p1a: Amoonguss
|-damage|p1a: Amoonguss|74\/432
|move|p1a: Amoonguss|Spore|p2a: ZAP YO DUM ASS
|-status|p2a: ZAP YO DUM ASS|slp
|
|-heal|p1a: Amoonguss|101\/432|[from] item: Black Sludge
|turn|25
|
|switch|p1a: Empoleon|Empoleon, M|290\/371
|-damage|p1a: Empoleon|267\/371|[from] Stealth Rock
|cant|p2a: ZAP YO DUM ASS|slp
|
|turn|26
|
|switch|p2a: Make You Cry|Celebi|403\/403
|move|p1a: Empoleon|Stealth Rock|p2a: Make You Cry
|-sidestart|p2: Typhozzz|move: Stealth Rock
|
|turn|27
|
|switch|p1a: Amoonguss|Amoonguss, F|245\/432
|-damage|p1a: Amoonguss|191\/432|[from] Stealth Rock
|move|p2a: Make You Cry|Perish Song|p2a: Make You Cry
|-fieldactivate|move: Perish Song
|
|-start|p2a: Make You Cry|perish3
|-start|p1a: Amoonguss|perish3
|-heal|p1a: Amoonguss|218\/432|[from] item: Black Sludge
|turn|28
|
|move|p2a: Make You Cry|U-turn|p1a: Amoonguss
|-damage|p1a: Amoonguss|176\/432
|
|switch|p2a: Idk What i Am|Forretress, M|216\/354
|-damage|p2a: Idk What i Am|172\/354|[from] Stealth Rock
|move|p1a: Amoonguss|Hidden Power|p2a: Idk What i Am
|-supereffective|p2a: Idk What i Am
|-damage|p2a: Idk What i Am|0 fnt
|faint|p2a: Idk What i Am
|
|-start|p1a: Amoonguss|perish2
|-heal|p1a: Amoonguss|203\/432|[from] item: Black Sludge
|c|★Typhozzz|oooo
|c|★Typhozzz|creamy
|
|switch|p2a: Incoming|Mienshao, F|271\/271
|-damage|p2a: Incoming|255\/271|[from] Stealth Rock
|turn|29
|
|switch|p1a: Donphan|Donphan, M|138\/384
|-damage|p1a: Donphan|114\/384|[from] Stealth Rock
|move|p2a: Incoming|Knock Off|p1a: Donphan
|-damage|p1a: Donphan|44\/384
|-enditem|p1a: Donphan|Leftovers|[from] move: Knock Off|[of] p2a: Incoming
|
|turn|30
|
|switch|p2a: Team Player|Swampert, M|341\/341
|-damage|p2a: Team Player|320\/341|[from] Stealth Rock
|move|p1a: Donphan|Ice Shard|p2a: Team Player
|-damage|p2a: Team Player|282\/341
|
|turn|31
|
|detailschange|p2a: Team Player|Swampert-Mega, M
|-mega|p2a: Team Player|Swampert|Swampertite
|move|p2a: Team Player|Earthquake|p1a: Donphan
|-damage|p1a: Donphan|0 fnt
|faint|p1a: Donphan
|
|
|switch|p1a: Amoonguss|Amoonguss, F|347\/432
|-damage|p1a: Amoonguss|293\/432|[from] Stealth Rock
|turn|32
|join|Lona
|
|switch|p2a: Make You Cry|Celebi|403\/403
|-damage|p2a: Make You Cry|353\/403|[from] Stealth Rock
|move|p1a: Amoonguss|Giga Drain|p2a: Make You Cry
|-resisted|p2a: Make You Cry
|-damage|p2a: Make You Cry|325\/403
|-heal|p1a: Amoonguss|307\/432|[from] drain|[of] p2a: Make You Cry
|
|-heal|p2a: Make You Cry|350\/403|[from] item: Leftovers
|-heal|p1a: Amoonguss|334\/432|[from] item: Black Sludge
|turn|33
|
|switch|p1a: Vaporeon|Vaporeon, F|393\/464
|-damage|p1a: Vaporeon|335\/464|[from] Stealth Rock
|move|p2a: Make You Cry|Perish Song|p2a: Make You Cry
|-fieldactivate|move: Perish Song
|
|-start|p2a: Make You Cry|perish3
|-start|p1a: Vaporeon|perish3
|-heal|p2a: Make You Cry|375\/403|[from] item: Leftovers
|-heal|p1a: Vaporeon|364\/464|[from] item: Leftovers
|turn|34
|c| Cnorth's Alt|this is a giant stalemate
|c| Cnorth's Alt|my lord
|c|★Typhozzz|yea
|c|★Typhozzz|lol
|
|move|p2a: Make You Cry|Recover|p2a: Make You Cry
|-heal|p2a: Make You Cry|403\/403
|move|p1a: Vaporeon|Wish|p1a: Vaporeon
|
|-start|p2a: Make You Cry|perish2
|-start|p1a: Vaporeon|perish2
|-heal|p1a: Vaporeon|393\/464|[from] item: Leftovers
|turn|35
|c|★Typhozzz|wrong move
|c|★Typhozzz|woops
|
|switch|p1a: Empoleon|Empoleon, M|267\/371
|-damage|p1a: Empoleon|244\/371|[from] Stealth Rock
|move|p2a: Make You Cry|U-turn|p1a: Empoleon
|-resisted|p1a: Empoleon
|-damage|p1a: Empoleon|225\/371
|
|switch|p2a: Team Player|Swampert-Mega, M|282\/341
|-damage|p2a: Team Player|261\/341|[from] Stealth Rock
|
|-heal|p1a: Empoleon|371\/371|[from] move: Wish|[wisher] Vaporeon
|turn|36
|c| Cnorth's Alt|how much does hjk do
|c| Cnorth's Alt|to an amoongus
|c|★Typhozzz|dunno
|
|move|p2a: Team Player|Earthquake|p1a: Empoleon
|-supereffective|p1a: Empoleon
|-damage|p1a: Empoleon|33\/371
|move|p1a: Empoleon|Scald|p2a: Team Player
|-damage|p2a: Team Player|125\/341
|
|turn|37
|c|★Typhozzz|lol
|c|★Typhozzz|wow it lived
|c| Cnorth's Alt|lemme go calc that
|join|Skyscrapers
|
|move|p2a: Team Player|Earthquake|p1a: Empoleon
|-supereffective|p1a: Empoleon
|-damage|p1a: Empoleon|0 fnt
|faint|p1a: Empoleon
|
|
|switch|p1a: Mienshao|Mienshao, M|186\/271
|-damage|p1a: Mienshao|170\/271|[from] Stealth Rock
|turn|38
|
|switch|p2a: Make You Cry|Celebi|403\/403
|-damage|p2a: Make You Cry|353\/403|[from] Stealth Rock
|move|p1a: Mienshao|Fake Out|p2a: Make You Cry
|-damage|p2a: Make You Cry|289\/403
|-damage|p1a: Mienshao|143\/271|[from] item: Life Orb
|
|-heal|p2a: Make You Cry|314\/403|[from] item: Leftovers
|turn|39
|c| Cnorth's Alt|now here typh
|c| Lona|> not scarf
|
|move|p1a: Mienshao|U-turn|p2a: Make You Cry
|-supereffective|p2a: Make You Cry
|-damage|p2a: Make You Cry|0 fnt
|-damage|p1a: Mienshao|116\/271|[from] item: Life Orb
|faint|p2a: Make You Cry
|c| Cnorth's Alt|you eat up this uturn
|c| Lona|> not u turn
|c| Cnorth's Alt|get your wp
|c| Cnorth's Alt|and pass that
|c| Cnorth's Alt|to something
|c|★Typhozzz|cnorth
|
|switch|p1a: Amoonguss|Amoonguss, F|432\/432
|-damage|p1a: Amoonguss|378\/432|[from] Stealth Rock
|
|-heal|p1a: Amoonguss|405\/432|[from] item: Black Sludge
|c|★Typhozzz|shutup LOL
|
|switch|p2a: Burn Machine|Entei, shiny|156\/371
|-damage|p2a: Burn Machine|64\/371|[from] Stealth Rock
|-ability|p2a: Burn Machine|Pressure
|turn|40
|
|switch|p1a: Vaporeon|Vaporeon, F|393\/464
|-damage|p1a: Vaporeon|335\/464|[from] Stealth Rock
|move|p2a: Burn Machine|Sacred Fire|p1a: Vaporeon
|-resisted|p1a: Vaporeon
|-damage|p1a: Vaporeon|188\/464
|
|-heal|p1a: Vaporeon|217\/464|[from] item: Leftovers
|turn|41
|c|★Typhozzz|welp p sure i lost
|c|★Typhozzz|kek
|c| Cnorth's Alt|nah burn here
|c|★Typhozzz|bruh
|c|★Typhozzz|wheres my burn
|c|★Typhozzz|lol
|
|move|p2a: Burn Machine|Sacred Fire|p1a: Vaporeon
|-resisted|p1a: Vaporeon
|-damage|p1a: Vaporeon|50\/464
|move|p1a: Vaporeon|Wish|p1a: Vaporeon
|
|-heal|p1a: Vaporeon|79\/464|[from] item: Leftovers
|turn|42
|c| Cnorth's Alt|burn and your fine
|c| Cnorth's Alt|no burn
|c|★Typhozzz|smh
|c| Cnorth's Alt|now your not good
|
|move|p1a: Vaporeon|Protect|p1a: Vaporeon
|-singleturn|p1a: Vaporeon|Protect
|move|p2a: Burn Machine|Sacred Fire|p1a: Vaporeon
|-activate|p1a: Vaporeon|Protect
|
|-heal|p1a: Vaporeon|311\/464|[from] move: Wish|[wisher] Vaporeon
|-heal|p1a: Vaporeon|340\/464|[from] item: Leftovers
|turn|43
|c| Cnorth's Alt|burn?
|
|move|p2a: Burn Machine|Sacred Fire|p1a: Vaporeon
|-resisted|p1a: Vaporeon
|-damage|p1a: Vaporeon|195\/464
|-status|p1a: Vaporeon|brn
|move|p1a: Vaporeon|Scald|p2a: Burn Machine
|-supereffective|p2a: Burn Machine
|-damage|p2a: Burn Machine|0 fnt
|faint|p2a: Burn Machine
|
|-heal|p1a: Vaporeon|224\/464 brn|[from] item: Leftovers
|-damage|p1a: Vaporeon|166\/464 brn|[from] brn
|c|★Typhozzz|there we go
|c|★taoke|50%
|c| Cnorth's Alt|there you go
|c|★Typhozzz|like fuck
|c|★Typhozzz|lol
|c|★taoke|finally
|
|switch|p2a: Team Player|Swampert-Mega, M|125\/341
|-damage|p2a: Team Player|104\/341|[from] Stealth Rock
|turn|44
|
|move|p2a: Team Player|Earthquake|p1a: Vaporeon
|-damage|p1a: Vaporeon|0 fnt
|faint|p1a: Vaporeon
|
|
|switch|p1a: Amoonguss|Amoonguss, F|432\/432
|-damage|p1a: Amoonguss|378\/432|[from] Stealth Rock
|turn|45
|
|move|p2a: Team Player|Ice Punch|p1a: Amoonguss
|-supereffective|p1a: Amoonguss
|-damage|p1a: Amoonguss|172\/432
|move|p1a: Amoonguss|Giga Drain|p2a: Team Player
|-supereffective|p2a: Team Player
|-damage|p2a: Team Player|0 fnt
|-heal|p1a: Amoonguss|224\/432|[from] drain|[of] p2a: Team Player
|faint|p2a: Team Player
|
|-heal|p1a: Amoonguss|251\/432|[from] item: Black Sludge
|c|★Typhozzz|ok raikou
|
|switch|p2a: ZAP YO DUM ASS|Raikou|213\/321 slp
|-damage|p2a: ZAP YO DUM ASS|173\/321 slp|[from] Stealth Rock
|-ability|p2a: ZAP YO DUM ASS|Pressure
|turn|46
|c| Cnorth's Alt|now you get a kill
|c|★Typhozzz|WAKE THE FUCK UP
|c| Cnorth's Alt|with raikou
|c| Cnorth's Alt|oh your sleeping
|c| Cnorth's Alt|thats a problem
|
|-curestatus|p2a: ZAP YO DUM ASS|slp
|move|p2a: ZAP YO DUM ASS|Extrasensory|p1a: Amoonguss
|-supereffective|p1a: Amoonguss
|-damage|p1a: Amoonguss|0 fnt
|faint|p1a: Amoonguss
|
|c|★Typhozzz|yea...
|c|★Typhozzz|lol
|c| Cnorth's Alt|ay nb
|c|★Typhozzz|ayyyyye
|c|★Typhozzz|ayyyyyyyyyyye
|c|★Typhozzz|AYYYYYYYYYYYYYYYYYE
|
|switch|p1a: Mienshao|Mienshao, M|206\/271
|-damage|p1a: Mienshao|190\/271|[from] Stealth Rock
|turn|47
|c|★Typhozzz|AYYYYYYYYYYYYYYE
|
|switch|p2a: Incoming|Mienshao, F|271\/271
|-damage|p2a: Incoming|255\/271|[from] Stealth Rock
|move|p1a: Mienshao|Fake Out|p2a: Incoming
|-damage|p2a: Incoming|156\/271
|-damage|p1a: Mienshao|163\/271|[from] item: Life Orb
|
|turn|48
|c| Cnorth's Alt|swap on out
|
|move|p2a: Incoming|High Jump Kick|p1a: Mienshao
|-damage|p1a: Mienshao|0 fnt
|faint|p1a: Mienshao
|
|win|Typhozzz
|raw|Ladder updating...
|raw|taoke's rating: 1385 &rarr; <strong>1368<\/strong><br \/>(-17 for losing)
|raw|Typhozzz's rating: 1434 &rarr; <strong>1451<\/strong><br \/>(+17 for winning)
|c|★Typhozzz|gg budE
|c| Cnorth's Alt|and ~~miss hjk~~
|c|★taoke|scarf?
|c|★taoke|GG
|c|★Typhozzz|yep
|c|★Typhozzz|:]
|leave|Typhozzz
|player|p2
|c| Lona|ez