|join|Tirvoc
|join|Typhozzz
|player|p1|Tirvoc|163
|player|p2|Typhozzz|143
|gametype|singles
|gen|6
|tier|UU
|rated
|rule|Sleep Clause Mod: Limit one foe put to sleep
|rule|Species Clause: Limit one of each Pokémon
|rule|OHKO Clause: OHKO moves are banned
|rule|Moody Clause: Moody is banned
|rule|Evasion Moves Clause: Evasion moves are banned
|rule|Endless Battle Clause: Forcing endless battles is banned
|rule|HP Percentage Mod: HP is shown in percentages
|clearpoke
|poke|p1|Durant, M, shiny
|poke|p1|Haxorus, M, shiny
|poke|p1|Whimsicott, F, shiny
|poke|p1|Tentacruel, F
|poke|p1|Absol, F, shiny
|poke|p1|Medicham, F, shiny
|poke|p2|Blastoise, M
|poke|p2|Florges, F
|poke|p2|Chesnaught, M
|poke|p2|Arcanine, M
|poke|p2|Hippowdon, M
|poke|p2|Darmanitan, M
|rule|Swagger Clause: Swagger is banned
|rule|Baton Pass Clause: Limit one Pokémon knowing Baton Pass
|teampreview
|
|start
|switch|p1a: Tentacruel|Tentacruel, F|301\/301
|switch|p2a: FAT BWOII|Hippowdon, M|420\/420
|-weather|Sandstorm
|turn|1
|
|move|p1a: Tentacruel|Confuse Ray|p2a: FAT BWOII
|-start|p2a: FAT BWOII|confusion
|-activate|p2a: FAT BWOII|confusion
|-damage|p2a: FAT BWOII|390\/420|[from] confusion
|
|-weather|Sandstorm|[upkeep]
|-damage|p1a: Tentacruel|283\/301|[from] sandstorm
|-heal|p1a: Tentacruel|301\/301|[from] item: Black Sludge
|-heal|p2a: FAT BWOII|416\/420|[from] item: Leftovers
|turn|2
|
|move|p1a: Tentacruel|Scald|p2a: FAT BWOII
|-supereffective|p2a: FAT BWOII
|-damage|p2a: FAT BWOII|242\/420
|-status|p2a: FAT BWOII|brn
|-end|p2a: FAT BWOII|confusion
|move|p2a: FAT BWOII|Earthquake|p1a: Tentacruel
|-supereffective|p1a: Tentacruel
|-damage|p1a: Tentacruel|103\/301
|
|-weather|Sandstorm|[upkeep]
|-damage|p1a: Tentacruel|85\/301|[from] sandstorm
|-heal|p1a: Tentacruel|103\/301|[from] item: Black Sludge
|-heal|p2a: FAT BWOII|268\/420 brn|[from] item: Leftovers
|-damage|p2a: FAT BWOII|216\/420 brn|[from] brn
|turn|3
|
|switch|p1a: Whimsicott|Whimsicott, F, shiny|261\/261
|switch|p2a: ArmCannons|Blastoise, M|362\/362
|
|-weather|Sandstorm|[upkeep]
|-damage|p1a: Whimsicott|245\/261|[from] sandstorm
|-damage|p2a: ArmCannons|340\/362|[from] sandstorm
|-heal|p1a: Whimsicott|261\/261|[from] item: Leftovers
|turn|4
|
|switch|p2a: Yummy|Arcanine, M|384\/384
|-ability|p2a: Yummy|Intimidate|[of] p1a: Whimsicott
|-unboost|p1a: Whimsicott|atk|1
|move|p1a: Whimsicott|Leech Seed|p2a: Yummy
|-start|p2a: Yummy|move: Leech Seed
|
|-weather|Sandstorm|[upkeep]
|-damage|p1a: Whimsicott|245\/261|[from] sandstorm
|-damage|p2a: Yummy|360\/384|[from] sandstorm
|-heal|p1a: Whimsicott|261\/261|[from] item: Leftovers
|-heal|p2a: Yummy|384\/384|[from] item: Leftovers
|-damage|p2a: Yummy|336\/384|[from] Leech Seed|[of] p1a: Whimsicott
|turn|5
|
|move|p1a: Whimsicott|Cotton Spore|p2a: Yummy
|-unboost|p2a: Yummy|spe|2
|move|p2a: Yummy|Will-O-Wisp|p1a: Whimsicott
|-status|p1a: Whimsicott|brn
|
|-weather|none
|-heal|p2a: Yummy|360\/384|[from] item: Leftovers
|-damage|p2a: Yummy|312\/384|[from] Leech Seed|[of] p1a: Whimsicott
|-damage|p1a: Whimsicott|229\/261 brn|[from] brn
|turn|6
|
|switch|p2a: Flower Power|Florges, F|360\/360
|move|p1a: Whimsicott|Encore|p2a: Flower Power
|-fail|p2a: Flower Power
|
|-heal|p1a: Whimsicott|245\/261 brn|[from] item: Leftovers
|-damage|p1a: Whimsicott|213\/261 brn|[from] brn
|turn|7
|
|move|p1a: Whimsicott|Leech Seed|p2a: Flower Power
|-start|p2a: Flower Power|move: Leech Seed
|move|p2a: Flower Power|Aromatherapy|p2a: Flower Power
|-cureteam|p2a: Flower Power|[from] move: Aromatherapy
|
|-heal|p1a: Whimsicott|229\/261 brn|[from] item: Leftovers
|-damage|p2a: Flower Power|315\/360|[from] Leech Seed|[of] p1a: Whimsicott
|-heal|p1a: Whimsicott|261\/261 brn|[silent]
|-damage|p1a: Whimsicott|229\/261 brn|[from] brn
|turn|8
|
|switch|p2a: Gimme Dem Soulz|Chesnaught, M|380\/380
|move|p1a: Whimsicott|Cotton Spore|p2a: Gimme Dem Soulz
|-fail|p2a: Gimme Dem Soulz
|
|-heal|p1a: Whimsicott|245\/261 brn|[from] item: Leftovers
|-damage|p1a: Whimsicott|213\/261 brn|[from] brn
|turn|9
|
|move|p1a: Whimsicott|Energy Ball|p2a: Gimme Dem Soulz
|-immune|p2a: Gimme Dem Soulz|[msg]|[from] Bulletproof
|move|p2a: Gimme Dem Soulz|Spikes|p1a: Whimsicott
|-sidestart|p1: Tirvoc|Spikes
|
|-heal|p1a: Whimsicott|229\/261 brn|[from] item: Leftovers
|-damage|p1a: Whimsicott|197\/261 brn|[from] brn
|turn|10
|
|move|p1a: Whimsicott|Encore|p2a: Gimme Dem Soulz
|-start|p2a: Gimme Dem Soulz|Encore
|move|p2a: Gimme Dem Soulz|Spikes|p1a: Whimsicott
|-sidestart|p1: Tirvoc|Spikes
|
|-heal|p1a: Whimsicott|213\/261 brn|[from] item: Leftovers
|-damage|p1a: Whimsicott|181\/261 brn|[from] brn
|turn|11
|
|switch|p1a: Tentacruel|Tentacruel, F|103\/301
|-damage|p1a: Tentacruel|53\/301|[from] Spikes
|move|p2a: Gimme Dem Soulz|Spikes|p1a: Tentacruel
|-sidestart|p1: Tirvoc|Spikes
|
|-heal|p1a: Tentacruel|71\/301|[from] item: Black Sludge
|turn|12
|
|switch|p2a: ArmCannons|Blastoise, M|340\/362
|move|p1a: Tentacruel|Confuse Ray|p2a: ArmCannons
|-start|p2a: ArmCannons|confusion
|
|-heal|p1a: Tentacruel|89\/301|[from] item: Black Sludge
|turn|13
|
|detailschange|p2a: ArmCannons|Blastoise-Mega, M
|-mega|p2a: ArmCannons|Blastoise|Blastoisinite
|move|p1a: Tentacruel|Rapid Spin|p2a: ArmCannons
|-damage|p2a: ArmCannons|330\/362
|-sideend|p1: Tirvoc|Spikes|[from] move: Rapid Spin|[of] p1a: Tentacruel
|-activate|p2a: ArmCannons|confusion
|-damage|p2a: ArmCannons|303\/362|[from] confusion
|
|-heal|p1a: Tentacruel|107\/301|[from] item: Black Sludge
|turn|14
|
|move|p1a: Tentacruel|Sludge Bomb|p2a: ArmCannons
|-damage|p2a: ArmCannons|198\/362
|-status|p2a: ArmCannons|psn
|-activate|p2a: ArmCannons|confusion
|move|p2a: ArmCannons|Dark Pulse|p1a: Tentacruel
|-damage|p1a: Tentacruel|0 fnt
|faint|p1a: Tentacruel
|
|-damage|p2a: ArmCannons|153\/362 psn|[from] psn
|
|switch|p1a: Medicham|Medicham, F, shiny|261\/261
|turn|15
|
|switch|p2a: Yummy|Arcanine, M|312\/384
|-ability|p2a: Yummy|Intimidate|[of] p1a: Medicham
|-unboost|p1a: Medicham|atk|1
|move|p1a: Medicham|High Jump Kick|p2a: Yummy
|-damage|p2a: Yummy|128\/384
|
|-heal|p2a: Yummy|152\/384|[from] item: Leftovers
|turn|16
|
|switch|p2a: Gimme Dem Soulz|Chesnaught, M|380\/380
|move|p1a: Medicham|High Jump Kick|p2a: Gimme Dem Soulz
|-damage|p2a: Gimme Dem Soulz|259\/380
|-damage|p1a: Medicham|218\/261|[from] item: Rocky Helmet|[of] p2a: Gimme Dem Soulz
|
|turn|17
|
|switch|p1a: Durant|Durant, M, shiny|257\/257
|move|p2a: Gimme Dem Soulz|Leech Seed|p1a: Durant
|-start|p1a: Durant|move: Leech Seed
|
|-damage|p1a: Durant|225\/257|[from] Leech Seed|[of] p2a: Gimme Dem Soulz
|-heal|p2a: Gimme Dem Soulz|291\/380|[silent]
|turn|18
|
|move|p2a: Gimme Dem Soulz|Spiky Shield|p2a: Gimme Dem Soulz
|-singleturn|p2a: Gimme Dem Soulz|move: Protect
|move|p1a: Durant|Rock Polish|p1a: Durant
|-boost|p1a: Durant|spe|2
|
|-heal|p1a: Durant|241\/257|[from] item: Leftovers
|-damage|p1a: Durant|209\/257|[from] Leech Seed|[of] p2a: Gimme Dem Soulz
|-heal|p2a: Gimme Dem Soulz|323\/380|[silent]
|turn|19
|
|move|p1a: Durant|Thunder Wave|p2a: Gimme Dem Soulz
|-status|p2a: Gimme Dem Soulz|par
|cant|p2a: Gimme Dem Soulz|par
|
|-heal|p1a: Durant|225\/257|[from] item: Leftovers
|-damage|p1a: Durant|193\/257|[from] Leech Seed|[of] p2a: Gimme Dem Soulz
|-heal|p2a: Gimme Dem Soulz|355\/380 par|[silent]
|turn|20
|
|move|p1a: Durant|Iron Head|p2a: Gimme Dem Soulz
|-damage|p2a: Gimme Dem Soulz|264\/380 par
|-damage|p1a: Durant|151\/257|[from] item: Rocky Helmet|[of] p2a: Gimme Dem Soulz
|cant|p2a: Gimme Dem Soulz|par
|
|-heal|p1a: Durant|167\/257|[from] item: Leftovers
|-damage|p1a: Durant|135\/257|[from] Leech Seed|[of] p2a: Gimme Dem Soulz
|-heal|p2a: Gimme Dem Soulz|296\/380 par|[silent]
|turn|21
|
|switch|p1a: Haxorus|Haxorus, M, shiny|293\/293
|-ability|p1a: Haxorus|Mold Breaker
|cant|p2a: Gimme Dem Soulz|par
|
|turn|22
|c|★Tirvoc|omg
|
|move|p1a: Haxorus|Dragon Dance|p1a: Haxorus
|-boost|p1a: Haxorus|atk|1
|-boost|p1a: Haxorus|spe|1
|move|p2a: Gimme Dem Soulz|Leech Seed|p1a: Haxorus|[miss]
|-miss|p2a: Gimme Dem Soulz|p1a: Haxorus
|
|turn|23
|c|★Typhozzz|jesus christ
|c|★Typhozzz|come the fuck on
|
|move|p1a: Haxorus|Dragon Dance|p1a: Haxorus
|-boost|p1a: Haxorus|atk|1
|-boost|p1a: Haxorus|spe|1
|move|p2a: Gimme Dem Soulz|Leech Seed|p1a: Haxorus|[miss]
|-miss|p2a: Gimme Dem Soulz|p1a: Haxorus
|
|turn|24
|c|★Typhozzz|omfg
|c|★Tirvoc|:OOOOOOOOOOOOOOOoo
|c|★Tirvoc|wat?!
|
|move|p1a: Haxorus|Poison Jab|p2a: Gimme Dem Soulz
|-supereffective|p2a: Gimme Dem Soulz
|-damage|p2a: Gimme Dem Soulz|22\/380 par
|-damage|p1a: Haxorus|245\/293|[from] item: Rocky Helmet|[of] p2a: Gimme Dem Soulz
|move|p2a: Gimme Dem Soulz|Leech Seed|p1a: Haxorus
|-start|p1a: Haxorus|move: Leech Seed
|
|-damage|p1a: Haxorus|209\/293|[from] Leech Seed|[of] p2a: Gimme Dem Soulz
|-heal|p2a: Gimme Dem Soulz|58\/380 par|[silent]
|turn|25
|
|move|p2a: Gimme Dem Soulz|Spiky Shield|p2a: Gimme Dem Soulz
|-singleturn|p2a: Gimme Dem Soulz|move: Protect
|move|p1a: Haxorus|Dragon Dance|p1a: Haxorus
|-boost|p1a: Haxorus|atk|1
|-boost|p1a: Haxorus|spe|1
|
|-damage|p1a: Haxorus|173\/293|[from] Leech Seed|[of] p2a: Gimme Dem Soulz
|-heal|p2a: Gimme Dem Soulz|94\/380 par|[silent]
|turn|26
|
|switch|p2a: FAT BWOII|Hippowdon, M|216\/420
|-weather|Sandstorm
|move|p1a: Haxorus|Poison Jab|p2a: FAT BWOII
|-resisted|p2a: FAT BWOII
|-damage|p2a: FAT BWOII|84\/420
|
|-weather|Sandstorm|[upkeep]
|-damage|p1a: Haxorus|155\/293|[from] sandstorm
|-heal|p2a: FAT BWOII|110\/420|[from] item: Leftovers
|-damage|p1a: Haxorus|119\/293|[from] Leech Seed|[of] p2a: FAT BWOII
|-heal|p2a: FAT BWOII|146\/420|[silent]
|turn|27
|
|switch|p2a: Flower Power|Florges, F|315\/360
|move|p1a: Haxorus|Earthquake|p2a: Flower Power
|-damage|p2a: Flower Power|0 fnt
|faint|p2a: Flower Power
|
|-weather|Sandstorm|[upkeep]
|-damage|p1a: Haxorus|101\/293|[from] sandstorm
|
|switch|p2a: Gimme Dem Soulz|Chesnaught, M|94\/380 par
|turn|28
|
|move|p2a: Gimme Dem Soulz|Spiky Shield|p2a: Gimme Dem Soulz
|-singleturn|p2a: Gimme Dem Soulz|move: Protect
|move|p1a: Haxorus|Dragon Dance|p1a: Haxorus
|-boost|p1a: Haxorus|atk|1
|-boost|p1a: Haxorus|spe|1
|
|-weather|Sandstorm|[upkeep]
|-damage|p1a: Haxorus|83\/293|[from] sandstorm
|-damage|p2a: Gimme Dem Soulz|71\/380 par|[from] sandstorm
|-damage|p1a: Haxorus|47\/293|[from] Leech Seed|[of] p2a: Gimme Dem Soulz
|-heal|p2a: Gimme Dem Soulz|107\/380 par|[silent]
|turn|29
|
|switch|p2a: FAT BWOII|Hippowdon, M|146\/420
|move|p1a: Haxorus|Earthquake|p2a: FAT BWOII
|-damage|p2a: FAT BWOII|0 fnt
|faint|p2a: FAT BWOII
|
|-weather|Sandstorm|[upkeep]
|-damage|p1a: Haxorus|29\/293|[from] sandstorm
|
|switch|p2a: Gimme Dem Soulz|Chesnaught, M|107\/380 par
|turn|30
|
|move|p1a: Haxorus|Earthquake|p2a: Gimme Dem Soulz
|-resisted|p2a: Gimme Dem Soulz
|-damage|p2a: Gimme Dem Soulz|0 fnt
|faint|p2a: Gimme Dem Soulz
|
|-weather|none
|c|★Typhozzz|fucking hax im so tired of this
|leave|Typhozzz
|player|p2
|c|★Tirvoc|bye dude
|-message|typhozzz lost due to inactivity.
|
|win|Tirvoc
|raw|Ladder updating...
|raw|Tirvoc's rating: 1271 &rarr; <strong>1305<\/strong><br \/>(+34 for winning)
|raw|Typhozzz's rating: 1400 &rarr; <strong>1373<\/strong><br \/>(-27 for losing)