|join|Brandonna
|join|tfw ult
|player|p1|Brandonna|266
|player|p2|tfw ult|171
|gametype|singles
|gen|6
|tier|UU
|rated
|rule|Sleep Clause Mod: Limit one foe put to sleep
|rule|Species Clause: Limit one of each Pokémon
|rule|OHKO Clause: OHKO moves are banned
|rule|Moody Clause: Moody is banned
|rule|Evasion Moves Clause: Evasion moves are banned
|rule|Endless Battle Clause: Forcing endless battles is banned
|rule|HP Percentage Mod: HP is reported as percentages
|clearpoke
|poke|p1|Florges, F
|poke|p1|Abomasnow, F
|poke|p1|Hydreigon, F
|poke|p1|Donphan, M
|poke|p1|Dugtrio, M
|poke|p1|Darmanitan, F
|poke|p2|Nidoqueen, F
|poke|p2|Manaphy
|poke|p2|Mew
|poke|p2|Hydreigon, F
|poke|p2|Whimsicott, M
|poke|p2|Fletchinder, F
|rule|Swagger Clause: Swagger is banned
|rule|Baton Pass Clause: Limit one Pokémon knowing Baton Pass
|teampreview
|chat|Brandonna|tfw manaphy
|
|start
|switch|p1a: Darmanitan|Darmanitan, F|351\/351
|switch|p2a: KawaiiGod|Mew|401\/401
|turn|1
|
|move|p1a: Darmanitan|U-turn|p2a: KawaiiGod
|-supereffective|p2a: KawaiiGod
|-damage|p2a: KawaiiGod|145\/401
|
|switch|p1a: Dugtrio|Dugtrio, M|212\/212
|move|p2a: KawaiiGod|Knock Off|p1a: Dugtrio
|-damage|p1a: Dugtrio|116\/212
|-enditem|p1a: Dugtrio|Choice Band|[from] move: Knock Off|[of] p2a: KawaiiGod
|
|-heal|p2a: KawaiiGod|170\/401|[from] item: Leftovers
|turn|2
|
|switch|p1a: Darmanitan|Darmanitan, F|351\/351
|move|p2a: KawaiiGod|Roost|p2a: KawaiiGod
|-heal|p2a: KawaiiGod|371\/401
|
|-heal|p2a: KawaiiGod|396\/401|[from] item: Leftovers
|turn|3
|
|move|p1a: Darmanitan|Flare Blitz|p2a: KawaiiGod
|-damage|p2a: KawaiiGod|0 fnt
|-damage|p1a: Darmanitan|220\/351|[from] recoil|[of] p2a: KawaiiGod
|faint|p2a: KawaiiGod
|
|
|switch|p2a: Manaphy|Manaphy|341\/341
|turn|4
|
|switch|p2a: Fiona|Nidoqueen, F|354\/354
|move|p1a: Darmanitan|Flare Blitz|p2a: Fiona
|-damage|p2a: Fiona|0 fnt
|-damage|p1a: Darmanitan|103\/351|[from] recoil|[of] p2a: Fiona
|faint|p2a: Fiona
|
|
|switch|p2a: Linda|Fletchinder, F|285\/285
|turn|5
|chat|Brandonna|did you predict florges
|chat|tfw ult|aboma
|chat|Brandonna|i was wondering if you ran hp fire ir something
|
|switch|p1a: Donphan|Donphan, M|384\/384
|move|p2a: Linda|Acrobatics|p1a: Donphan
|-damage|p1a: Donphan|296\/384
|
|-heal|p1a: Donphan|320\/384|[from] item: Leftovers
|turn|6
|
|move|p2a: Linda|Will-O-Wisp|p1a: Donphan
|-status|p1a: Donphan|brn
|move|p1a: Donphan|Stealth Rock|p2a: Linda
|-sidestart|p2: tfw ult|move: Stealth Rock
|
|-heal|p1a: Donphan|344\/384 brn|[from] item: Leftovers
|-damage|p1a: Donphan|296\/384 brn|[from] brn
|turn|7
|
|switch|p1a: Florges|Florges, F|360\/360
|move|p2a: Linda|Swords Dance|p2a: Linda
|-boost|p2a: Linda|atk|2
|
|turn|8
|
|move|p2a: Linda|Swords Dance|p2a: Linda
|-boost|p2a: Linda|atk|2
|move|p1a: Florges|Moonblast|p2a: Linda
|-resisted|p2a: Linda
|-damage|p2a: Linda|183\/285
|-unboost|p2a: Linda|spa|1
|
|turn|9
|
|switch|p1a: Donphan|Donphan, M|296\/384 brn
|move|p2a: Linda|Swords Dance|p2a: Linda
|-boost|p2a: Linda|atk|2
|
|-heal|p1a: Donphan|320\/384 brn|[from] item: Leftovers
|-damage|p1a: Donphan|272\/384 brn|[from] brn
|turn|10
|
|move|p2a: Linda|Acrobatics|p1a: Donphan
|-damage|p1a: Donphan|0 fnt
|faint|p1a: Donphan
|
|
|switch|p1a: Hydreigon|Hydreigon, F|325\/325
|turn|11
|chat|Brandonna|i think its over
|chat|Brandonna|no rock type
|
|move|p2a: Linda|Acrobatics|p1a: Hydreigon
|-damage|p1a: Hydreigon|0 fnt
|faint|p1a: Hydreigon
|
|chat|tfw ult|LOL
|
|switch|p1a: Abomasnow|Abomasnow, F|384\/384
|turn|12
|chat|tfw ult|lol*
|join|XXXWizard
|
|detailschange|p1a: Abomasnow|Abomasnow-Mega, F
|message|Abomasnow has Mega Evolved into Mega Abomasnow!
|-weather|Hail
|move|p2a: Linda|Acrobatics|p1a: Abomasnow
|-supereffective|p1a: Abomasnow
|-damage|p1a: Abomasnow|0 fnt
|faint|p1a: Abomasnow
|
|-weather|Hail|[upkeep]
|-damage|p2a: Linda|166\/285|[from] hail
|chat|XXXWizard|IN
|chat|XXXWizard|IN
|chat|XXXWizard|IN
|chat|XXXWizard|NI
|chat|XXXWizard|IN
|
|switch|p1a: Dugtrio|Dugtrio, M|116\/212
|turn|13
|chat|XXXWizard|NI
|chat|XXXWizard|LINDA IS IN
|
|move|p1a: Dugtrio|Sucker Punch|p2a: Linda
|-damage|p2a: Linda|49\/285
|move|p2a: Linda|Acrobatics|p1a: Dugtrio
|-damage|p1a: Dugtrio|0 fnt
|faint|p1a: Dugtrio
|
|-weather|Hail|[upkeep]
|-damage|p2a: Linda|32\/285|[from] hail
|chat|XXXWizard|LINDA
|chat|XXXWizard|IS IN
|
|switch|p1a: Florges|Florges, F|360\/360
|turn|14
|
|move|p2a: Linda|Roost|p2a: Linda
|-heal|p2a: Linda|175\/285
|move|p1a: Florges|Moonblast|p2a: Linda
|-resisted|p2a: Linda
|-damage|p2a: Linda|79\/285
|-unboost|p2a: Linda|spa|1
|
|-weather|Hail|[upkeep]
|-damage|p2a: Linda|62\/285|[from] hail
|-damage|p1a: Florges|338\/360|[from] hail
|-heal|p1a: Florges|360\/360|[from] item: Leftovers
|turn|15
|
|move|p2a: Linda|Acrobatics|p1a: Florges
|-damage|p1a: Florges|0 fnt
|faint|p1a: Florges
|
|-weather|Hail|[upkeep]
|-damage|p2a: Linda|45\/285|[from] hail
|
|switch|p1a: Darmanitan|Darmanitan, F|103\/351
|turn|16
|
|move|p2a: Linda|Acrobatics|p1a: Darmanitan
|-damage|p1a: Darmanitan|0 fnt
|faint|p1a: Darmanitan
|
|win|tfw ult
|raw|Ladder updating...
|chat|tfw ult|gg
|chat|Brandonna|gg
|raw|Brandonna's rating: 1508 &rarr; <strong>1481<\/strong><br \/>(-27 for losing)
|raw|tfw ult's rating: 1369 &rarr; <strong>1397<\/strong><br \/>(+28 for winning)
|leave|Brandonna
|player|p1