|join|Brandonna
|join|ult pokemonisfun
|player|p1|Brandonna|1
|player|p2|ult pokemonisfun|184
|gametype|singles
|gen|6
|tier|UU
|rated
|rule|Sleep Clause Mod: Limit one foe put to sleep
|rule|Species Clause: Limit one of each Pokémon
|rule|OHKO Clause: OHKO moves are banned
|rule|Moody Clause: Moody is banned
|rule|Evasion Moves Clause: Evasion moves are banned
|rule|Endless Battle Clause: Forcing endless battles is banned
|rule|HP Percentage Mod: HP is reported as percentages
|clearpoke
|poke|p1|Chandelure, M
|poke|p1|Lucario, M
|poke|p1|Hydreigon, M
|poke|p1|Azelf
|poke|p1|Dugtrio, M
|poke|p1|Darmanitan, F
|poke|p2|Togetic, F
|poke|p2|Yanmega, M
|poke|p2|Absol, F
|poke|p2|Exploud, M
|poke|p2|Donphan, F
|poke|p2|Suicune
|rule|Swagger Clause: Swagger is banned
|rule|Baton Pass Clause: Limit one Pokémon knowing Baton Pass
|teampreview
|
|start
|switch|p1a: Azelf|Azelf|292\/292
|switch|p2a: Donphan|Donphan, F|382\/382
|turn|1
|
|move|p1a: Azelf|Stealth Rock|p2a: Donphan
|-sidestart|p2: ult pokemonisfun|move: Stealth Rock
|move|p2a: Donphan|Stealth Rock|p1a: Azelf
|-sidestart|p1: Brandonna|move: Stealth Rock
|
|turn|2
|
|move|p1a: Azelf|Explosion|p2a: Donphan
|-crit|p2a: Donphan
|-damage|p2a: Donphan|10\/382
|faint|p1a: Azelf
|move|p2a: Donphan|Rapid Spin|p1: Azelf|[notarget]
|-notarget
|
|-heal|p2a: Donphan|33\/382|[from] item: Leftovers
|
|switch|p1a: Dugtrio|Dugtrio, M|221\/221
|-damage|p1a: Dugtrio|208\/221|[from] Stealth Rock
|turn|3
|
|move|p1a: Dugtrio|Earthquake|p2a: Donphan
|-crit|p2a: Donphan
|-damage|p2a: Donphan|0 fnt
|faint|p2a: Donphan
|
|
|switch|p2a: Togetic|Togetic, F|313\/313
|-damage|p2a: Togetic|235\/313|[from] Stealth Rock
|turn|4
|join|BabyDickBandit
|
|switch|p1a: Lucario|Lucario, M|281\/281
|-damage|p1a: Lucario|273\/281|[from] Stealth Rock
|move|p2a: Togetic|Nasty Plot|p2a: Togetic
|-boost|p2a: Togetic|spa|2
|
|turn|5
|
|switch|p1a: Chandelure|Chandelure, M|261\/261
|-damage|p1a: Chandelure|196\/261|[from] Stealth Rock
|move|p2a: Togetic|Dazzling Gleam|p1a: Chandelure
|-resisted|p1a: Chandelure
|-damage|p1a: Chandelure|108\/261
|
|turn|6
|
|move|p1a: Chandelure|Trick|p2a: Togetic
|-activate|p1a: Chandelure|move: Trick|[of] p2a: Togetic
|-item|p2a: Togetic|Choice Scarf|[from] move: Trick
|-item|p1a: Chandelure|Eviolite|[from] move: Trick
|move|p2a: Togetic|Baton Pass|p2a: Togetic
|
|switch|p2a: Yanmega|Yanmega, M|313\/313
|-damage|p2a: Yanmega|157\/313|[from] Stealth Rock
|
|turn|7
|
|move|p2a: Yanmega|Giga Drain|p1a: Chandelure
|-resisted|p1a: Chandelure
|-damage|p1a: Chandelure|0 fnt
|-heal|p2a: Yanmega|211\/313|[from] drain|[of] p1a: Chandelure
|-damage|p2a: Yanmega|180\/313|[from] item: Life Orb
|faint|p1a: Chandelure
|
|-boost|p2a: Yanmega|spe|1|[from] ability: Speed Boost
|
|switch|p1a: Lucario|Lucario, M|273\/281
|-damage|p1a: Lucario|265\/281|[from] Stealth Rock
|turn|8
|
|move|p1a: Lucario|Extreme Speed|p2a: Yanmega
|-damage|p2a: Yanmega|42\/313
|-damage|p1a: Lucario|237\/281|[from] item: Life Orb
|move|p2a: Yanmega|Air Slash|p1a: Lucario
|-damage|p1a: Lucario|0 fnt
|-damage|p2a: Yanmega|11\/313|[from] item: Life Orb
|faint|p1a: Lucario
|
|-boost|p2a: Yanmega|spe|1|[from] ability: Speed Boost
|join|Dudeman130498
|
|switch|p1a: Dugtrio|Dugtrio, M|208\/221
|-damage|p1a: Dugtrio|195\/221|[from] Stealth Rock
|turn|9
|
|move|p2a: Yanmega|Protect|p2a: Yanmega
|-singleturn|p2a: Yanmega|Protect
|move|p1a: Dugtrio|Sucker Punch|p2a: Yanmega
|-fail|p2a: Yanmega
|
|-boost|p2a: Yanmega|spe|1|[from] ability: Speed Boost
|turn|10
|
|move|p2a: Yanmega|Protect|p2a: Yanmega
|-fail|p2a: Yanmega
|move|p1a: Dugtrio|Sucker Punch|p2a: Yanmega
|-fail|p2a: Yanmega
|
|-boost|p2a: Yanmega|spe|1|[from] ability: Speed Boost
|turn|11
|
|move|p2a: Yanmega|Protect|p2a: Yanmega
|-singleturn|p2a: Yanmega|Protect
|move|p1a: Dugtrio|Sucker Punch|p2a: Yanmega
|-fail|p2a: Yanmega
|
|-boost|p2a: Yanmega|spe|1|[from] ability: Speed Boost
|turn|12
|chat|Brandonna|gg
|-message|Brandonna forfeited.
|
|win|ult pokemonisfun
|raw|Ladder updating...
|leave|Brandonna
|player|p1
|raw|Brandonna's rating: 1538 &rarr; <strong>1515<\/strong><br \/>(-23 for losing)
|raw|ult pokemonisfun's rating: 1480 &rarr; <strong>1503<\/strong><br \/>(+23 for winning)