|join|Senpai DM
|join|Brandonna
|c|★Brandonna|LES DO DIS
|player|p1|Senpai DM|97
|player|p2|Brandonna|35
|gametype|singles
|gen|6
|tier|UU
|rule|Sleep Clause Mod: Limit one foe put to sleep
|rule|Species Clause: Limit one of each Pokémon
|rule|OHKO Clause: OHKO moves are banned
|rule|Moody Clause: Moody is banned
|rule|Evasion Moves Clause: Evasion moves are banned
|rule|Endless Battle Clause: Forcing endless battles is banned
|rule|HP Percentage Mod: HP is shown in percentages
|clearpoke
|poke|p1|Medicham, M
|poke|p1|Hydreigon, M
|poke|p1|Jirachi
|poke|p1|Suicune
|poke|p1|Hippowdon, F
|poke|p1|Crobat, F
|poke|p2|Froslass, F
|poke|p2|Lucario, F
|poke|p2|Alakazam, M
|poke|p2|Beedrill, F
|poke|p2|Hippowdon, F
|poke|p2|Hydreigon, F
|rule|Swagger Clause: Swagger is banned
|rule|Baton Pass Clause: Limit one Pokémon knowing Baton Pass
|teampreview
|
|start
|switch|p1a: Jirachi|Jirachi|341\/341
|switch|p2a: Beedrill|Beedrill, F|271\/271
|turn|1
|
|switch|p1a: Crobat|Crobat, F|373\/373
|detailschange|p2a: Beedrill|Beedrill-Mega, F
|-mega|p2a: Beedrill|Beedrill|Beedrillite
|move|p2a: Beedrill|Protect|p2a: Beedrill
|-fail|p2a: Beedrill
|
|turn|2
|
|switch|p2a: Hippowdon|Hippowdon, F|420\/420
|-weather|Sandstorm
|move|p1a: Crobat|U-turn|p2a: Hippowdon
|-damage|p2a: Hippowdon|385\/420
|
|switch|p1a: Suicune|Suicune|404\/404
|-ability|p1a: Suicune|Pressure
|
|-weather|Sandstorm|[upkeep]
|-damage|p1a: Suicune|379\/404|[from] sandstorm
|-heal|p1a: Suicune|404\/404|[from] item: Leftovers
|-heal|p2a: Hippowdon|411\/420|[from] item: Leftovers
|turn|3
|join|Jatul
|
|move|p1a: Suicune|Calm Mind|p1a: Suicune
|-boost|p1a: Suicune|spa|1
|-boost|p1a: Suicune|spd|1
|move|p2a: Hippowdon|Stealth Rock|p1a: Suicune
|-sidestart|p1: Senpai DM|move: Stealth Rock
|
|-weather|Sandstorm|[upkeep]
|-damage|p1a: Suicune|379\/404|[from] sandstorm
|-heal|p1a: Suicune|404\/404|[from] item: Leftovers
|-heal|p2a: Hippowdon|420\/420|[from] item: Leftovers
|turn|4
|
|switch|p2a: Froslass|Froslass, F|343\/343
|move|p1a: Suicune|Scald|p2a: Froslass
|-damage|p2a: Froslass|181\/343
|-start|p1a: Suicune|Disable|Scald
|-status|p2a: Froslass|brn
|
|-weather|Sandstorm|[upkeep]
|-damage|p2a: Froslass|160\/343 brn|[from] sandstorm
|-damage|p1a: Suicune|379\/404|[from] sandstorm
|-heal|p1a: Suicune|404\/404|[from] item: Leftovers
|-damage|p2a: Froslass|118\/343 brn|[from] brn
|turn|5
|
|switch|p1a: Jirachi|Jirachi|341\/341
|-damage|p1a: Jirachi|320\/341|[from] Stealth Rock
|move|p2a: Froslass|Icy Wind|p1a: Jirachi
|-resisted|p1a: Jirachi
|-damage|p1a: Jirachi|293\/341
|-unboost|p1a: Jirachi|spe|1
|
|-weather|Sandstorm|[upkeep]
|-damage|p2a: Froslass|97\/343 brn|[from] sandstorm
|-damage|p2a: Froslass|55\/343 brn|[from] brn
|turn|6
|
|move|p2a: Froslass|Spikes|p1a: Jirachi
|-sidestart|p1: Senpai DM|Spikes
|move|p1a: Jirachi|U-turn|p2a: Froslass
|-resisted|p2a: Froslass
|-damage|p2a: Froslass|8\/343 brn
|
|switch|p1a: Crobat|Crobat, F|373\/373
|-damage|p1a: Crobat|280\/373|[from] Stealth Rock
|
|-weather|none
|-heal|p1a: Crobat|303\/373|[from] item: Black Sludge
|-damage|p2a: Froslass|0 fnt|[from] brn
|faint|p2a: Froslass
|
|switch|p2a: Hydreigon|Hydreigon, F|325\/325
|turn|7
|
|switch|p1a: Jirachi|Jirachi|293\/341
|-damage|p1a: Jirachi|251\/341|[from] Spikes
|-damage|p1a: Jirachi|230\/341|[from] Stealth Rock
|move|p2a: Hydreigon|Draco Meteor|p1a: Jirachi
|-resisted|p1a: Jirachi
|-damage|p1a: Jirachi|116\/341
|-unboost|p2a: Hydreigon|spa|2
|
|turn|8
|
|switch|p2a: Beedrill|Beedrill-Mega, F|271\/271
|move|p1a: Jirachi|U-turn|p2a: Beedrill
|-resisted|p2a: Beedrill
|-damage|p2a: Beedrill|203\/271
|
|switch|p1a: Crobat|Crobat, F|303\/373
|-damage|p1a: Crobat|210\/373|[from] Stealth Rock
|
|-heal|p1a: Crobat|233\/373|[from] item: Black Sludge
|turn|9
|
|move|p2a: Beedrill|Knock Off|p1a: Crobat
|-damage|p1a: Crobat|59\/373
|-enditem|p1a: Crobat|Black Sludge|[from] move: Knock Off|[of] p2a: Beedrill
|move|p1a: Crobat|Defog|p2a: Beedrill
|-unboost|p2a: Beedrill|evasion|1
|-sideend|p1: Senpai DM|Spikes|[from] move: Defog|[of] p1a: Crobat
|-sideend|p1: Senpai DM|Stealth Rock|[from] move: Defog|[of] p1a: Crobat
|
|turn|10
|
|switch|p1a: Hippowdon|Hippowdon, F|420\/420
|move|p2a: Beedrill|Knock Off|p1a: Hippowdon
|-damage|p1a: Hippowdon|294\/420
|-enditem|p1a: Hippowdon|Leftovers|[from] move: Knock Off|[of] p2a: Beedrill
|
|turn|11
|
|move|p2a: Beedrill|U-turn|p1a: Hippowdon
|-crit|p1a: Hippowdon
|-damage|p1a: Hippowdon|24\/420
|c|★Brandonna|sand stream
|c|★Brandonna|is numero 1
|
|switch|p2a: Hippowdon|Hippowdon, F|420\/420
|-weather|Sandstorm
|move|p1a: Hippowdon|Stealth Rock|p2a: Hippowdon
|-sidestart|p2: Brandonna|move: Stealth Rock
|
|-weather|Sandstorm|[upkeep]
|turn|12
|
|switch|p1a: Suicune|Suicune|404\/404
|-ability|p1a: Suicune|Pressure
|move|p2a: Hippowdon|Stealth Rock|p1a: Suicune
|-sidestart|p1: Senpai DM|move: Stealth Rock
|
|-weather|Sandstorm|[upkeep]
|-damage|p1a: Suicune|379\/404|[from] sandstorm
|-heal|p1a: Suicune|404\/404|[from] item: Leftovers
|turn|13
|
|switch|p2a: Alakazam|Alakazam, M|251\/251
|move|p1a: Suicune|Scald|p2a: Alakazam
|-damage|p2a: Alakazam|164\/251
|
|-weather|Sandstorm|[upkeep]
|-damage|p1a: Suicune|379\/404|[from] sandstorm
|-heal|p1a: Suicune|404\/404|[from] item: Leftovers
|turn|14
|
|move|p2a: Alakazam|Focus Blast|p1a: Suicune
|-damage|p1a: Suicune|282\/404
|move|p1a: Suicune|Scald|p2a: Alakazam
|-damage|p2a: Alakazam|73\/251
|
|-weather|Sandstorm|[upkeep]
|-damage|p1a: Suicune|257\/404|[from] sandstorm
|-heal|p1a: Suicune|282\/404|[from] item: Leftovers
|turn|15
|
|move|p2a: Alakazam|Focus Blast|p1a: Suicune
|-damage|p1a: Suicune|151\/404
|move|p1a: Suicune|Scald|p2a: Alakazam
|-damage|p2a: Alakazam|0 fnt
|faint|p2a: Alakazam
|
|-weather|none
|-heal|p1a: Suicune|176\/404|[from] item: Leftovers
|
|switch|p2a: Hydreigon|Hydreigon, F|325\/325
|-damage|p2a: Hydreigon|285\/325|[from] Stealth Rock
|turn|16
|
|switch|p1a: Hippowdon|Hippowdon, F|24\/420
|-damage|p1a: Hippowdon|0 fnt|[from] Stealth Rock
|faint|p1a: Hippowdon
|move|p2a: Hydreigon|Draco Meteor|p1: Hippowdon|[notarget]
|-notarget
|
|
|switch|p1a: Jirachi|Jirachi|116\/341
|-damage|p1a: Jirachi|95\/341|[from] Stealth Rock
|turn|17
|
|switch|p2a: Lucario|Lucario, F|281\/281
|-damage|p2a: Lucario|273\/281|[from] Stealth Rock
|move|p1a: Jirachi|U-turn|p2a: Lucario
|-resisted|p2a: Lucario
|-damage|p2a: Lucario|249\/281
|c|★Brandonna|you know i got encore on zam :[
|
|switch|p1a: Medicham|Medicham, M|261\/261
|-damage|p1a: Medicham|245\/261|[from] Stealth Rock
|
|turn|18
|
|switch|p2a: Hippowdon|Hippowdon, F|420\/420
|-damage|p2a: Hippowdon|394\/420|[from] Stealth Rock
|-weather|Sandstorm
|detailschange|p1a: Medicham|Medicham-Mega, M
|-mega|p1a: Medicham|Medicham|Medichamite
|move|p1a: Medicham|High Jump Kick|p2a: Hippowdon
|-damage|p2a: Hippowdon|135\/420
|
|-weather|Sandstorm|[upkeep]
|-damage|p1a: Medicham|229\/261|[from] sandstorm
|-heal|p2a: Hippowdon|161\/420|[from] item: Leftovers
|turn|19
|
|move|p1a: Medicham|Ice Punch|p2a: Hippowdon
|-supereffective|p2a: Hippowdon
|-damage|p2a: Hippowdon|0 fnt
|faint|p2a: Hippowdon
|
|-weather|Sandstorm|[upkeep]
|-damage|p1a: Medicham|213\/261|[from] sandstorm
|
|switch|p2a: Hydreigon|Hydreigon, F|285\/325
|-damage|p2a: Hydreigon|245\/325|[from] Stealth Rock
|turn|20
|
|switch|p1a: Hydreigon|Hydreigon, M|325\/325
|-damage|p1a: Hydreigon|285\/325|[from] Stealth Rock
|move|p2a: Hydreigon|Draco Meteor|p1a: Hydreigon
|-supereffective|p1a: Hydreigon
|-damage|p1a: Hydreigon|0 fnt
|-unboost|p2a: Hydreigon|spa|2
|faint|p1a: Hydreigon
|
|-weather|Sandstorm|[upkeep]
|-damage|p2a: Hydreigon|225\/325|[from] sandstorm
|
|switch|p1a: Medicham|Medicham-Mega, M|213\/261
|-damage|p1a: Medicham|197\/261|[from] Stealth Rock
|turn|21
|
|move|p2a: Hydreigon|Draco Meteor|p1a: Medicham
|-damage|p1a: Medicham|73\/261
|-unboost|p2a: Hydreigon|spa|2
|move|p1a: Medicham|High Jump Kick|p2a: Hydreigon
|-supereffective|p2a: Hydreigon
|-damage|p2a: Hydreigon|0 fnt
|faint|p2a: Hydreigon
|
|-weather|Sandstorm|[upkeep]
|-damage|p1a: Medicham|57\/261|[from] sandstorm
|c|★Brandonna|think you should have went to cune and rested
|
|switch|p2a: Lucario|Lucario, F|249\/281
|-damage|p2a: Lucario|241\/281|[from] Stealth Rock
|turn|22
|
|move|p2a: Lucario|Extreme Speed|p1a: Medicham
|-damage|p1a: Medicham|0 fnt
|-damage|p2a: Lucario|213\/281|[from] item: Life Orb
|faint|p1a: Medicham
|
|-weather|none
|
|switch|p1a: Jirachi|Jirachi|95\/341
|-damage|p1a: Jirachi|74\/341|[from] Stealth Rock
|turn|23
|
|switch|p2a: Beedrill|Beedrill-Mega, F|203\/271
|-damage|p2a: Beedrill|136\/271|[from] Stealth Rock
|move|p1a: Jirachi|Healing Wish|p1a: Jirachi
|faint|p1a: Jirachi
|
|
|switch|p1a: Suicune|Suicune|176\/404
|-heal|p1a: Suicune|404\/404|[from] move: Healing Wish
|-damage|p1a: Suicune|354\/404|[from] Stealth Rock
|-ability|p1a: Suicune|Pressure
|turn|24
|
|move|p2a: Beedrill|Knock Off|p1a: Suicune
|-damage|p1a: Suicune|268\/404
|-enditem|p1a: Suicune|Leftovers|[from] move: Knock Off|[of] p2a: Beedrill
|move|p1a: Suicune|Scald|p2a: Beedrill
|-damage|p2a: Beedrill|24\/271
|
|turn|25
|
|move|p2a: Beedrill|Poison Jab|p1a: Suicune
|-damage|p1a: Suicune|128\/404
|move|p1a: Suicune|Scald|p2a: Beedrill
|-damage|p2a: Beedrill|0 fnt
|faint|p2a: Beedrill
|
|
|switch|p2a: Lucario|Lucario, F|213\/281
|-damage|p2a: Lucario|205\/281|[from] Stealth Rock
|turn|26
|
|move|p2a: Lucario|Close Combat|p1a: Suicune
|-damage|p1a: Suicune|0 fnt
|-unboost|p2a: Lucario|def|1
|-unboost|p2a: Lucario|spd|1
|-damage|p2a: Lucario|177\/281|[from] item: Life Orb
|faint|p1a: Suicune
|
|leave|Jatul
|join|Jatul
|leave|Jatul
|
|switch|p1a: Crobat|Crobat, F|59\/373
|-damage|p1a: Crobat|0 fnt|[from] Stealth Rock
|faint|p1a: Crobat
|
|win|Brandonna
|c|★Brandonna|gg]
|c|★Brandonna|:]