|join|ULT Christo
|join|Julie3
|player|p1|ULT Christo|1
|player|p2|Julie3|170
|gametype|singles
|gen|6
|tier|UU
|rated
|rule|Sleep Clause Mod: Limit one foe put to sleep
|rule|Species Clause: Limit one of each Pokémon
|rule|OHKO Clause: OHKO moves are banned
|rule|Moody Clause: Moody is banned
|rule|Evasion Moves Clause: Evasion moves are banned
|rule|Endless Battle Clause: Forcing endless battles is banned
|rule|HP Percentage Mod: HP is shown in percentages
|clearpoke
|poke|p1|Hydreigon, F
|poke|p1|Pidgeot, M
|poke|p1|Jirachi
|poke|p1|Doublade, M
|poke|p1|Machamp, F
|poke|p1|Nidoqueen, F
|poke|p2|Milotic, M
|poke|p2|Celebi
|poke|p2|Arcanine, M
|poke|p2|Pidgeot, F
|poke|p2|Cobalion
|poke|p2|Espeon, M
|rule|Swagger Clause: Swagger is banned
|rule|Baton Pass Clause: Limit one Pokémon knowing Baton Pass
|teampreview
|
|start
|switch|p1a: Nidoqueen|Nidoqueen, F|330\/330
|switch|p2a: Espeon|Espeon, M|271\/271
|turn|1
|
|switch|p1a: Hydreigon|Hydreigon, F|325\/325
|move|p2a: Espeon|Psychic|p1a: Hydreigon
|-immune|p1a: Hydreigon|[msg]
|
|turn|2
|
|switch|p2a: Milotic|Milotic, M|393\/393
|move|p1a: Hydreigon|Draco Meteor|p2a: Milotic
|-damage|p2a: Milotic|183\/393
|-unboost|p1a: Hydreigon|spa|2
|
|-heal|p2a: Milotic|207\/393|[from] item: Leftovers
|turn|3
|
|switch|p1a: Pidgeot|Pidgeot, M|308\/308
|move|p2a: Milotic|Recover|p2a: Milotic
|-heal|p2a: Milotic|393\/393
|
|turn|4
|
|detailschange|p1a: Pidgeot|Pidgeot-Mega, M
|-mega|p1a: Pidgeot|Pidgeot|Pidgeotite
|move|p1a: Pidgeot|Hurricane|p2a: Milotic
|-damage|p2a: Milotic|252\/393
|move|p2a: Milotic|Ice Beam|p1a: Pidgeot
|-supereffective|p1a: Pidgeot
|-damage|p1a: Pidgeot|140\/308
|
|-heal|p2a: Milotic|276\/393|[from] item: Leftovers
|turn|5
|
|switch|p1a: Machamp|Machamp, F|362\/362
|move|p2a: Milotic|Scald|p1a: Machamp
|-damage|p1a: Machamp|289\/362
|
|-heal|p2a: Milotic|300\/393|[from] item: Leftovers
|turn|6
|
|switch|p2a: Arcanine|Arcanine, M|384\/384
|-ability|p2a: Arcanine|Intimidate|[of] p1a: Machamp
|-unboost|p1a: Machamp|atk|1
|move|p1a: Machamp|Dynamic Punch|p2a: Arcanine
|-damage|p2a: Arcanine|263\/384
|-start|p2a: Arcanine|confusion
|
|-heal|p2a: Arcanine|287\/384|[from] item: Leftovers
|turn|7
|
|switch|p1a: Hydreigon|Hydreigon, F|325\/325
|-activate|p2a: Arcanine|confusion
|move|p2a: Arcanine|Will-O-Wisp|p1a: Hydreigon
|-status|p1a: Hydreigon|brn
|
|-heal|p2a: Arcanine|311\/384|[from] item: Leftovers
|-damage|p1a: Hydreigon|285\/325 brn|[from] brn
|turn|8
|
|switch|p2a: Milotic|Milotic, M|300\/393
|move|p1a: Hydreigon|Dark Pulse|p2a: Milotic
|-damage|p2a: Milotic|164\/393
|
|-heal|p2a: Milotic|188\/393|[from] item: Leftovers
|-damage|p1a: Hydreigon|245\/325 brn|[from] brn
|turn|9
|join|ULT Pokeblade
|
|move|p1a: Hydreigon|Dark Pulse|p2a: Milotic
|-damage|p2a: Milotic|58\/393
|move|p2a: Milotic|Recover|p2a: Milotic
|-heal|p2a: Milotic|255\/393
|
|-heal|p2a: Milotic|279\/393|[from] item: Leftovers
|-damage|p1a: Hydreigon|205\/325 brn|[from] brn
|turn|10
|
|switch|p1a: Machamp|Machamp, F|289\/362
|move|p2a: Milotic|Scald|p1a: Machamp
|-damage|p1a: Machamp|217\/362
|
|-heal|p2a: Milotic|303\/393|[from] item: Leftovers
|turn|11
|
|switch|p2a: Celebi|Celebi|341\/341
|move|p1a: Machamp|Dynamic Punch|p2a: Celebi
|-resisted|p2a: Celebi
|-damage|p2a: Celebi|248\/341
|-start|p2a: Celebi|confusion
|
|turn|12
|
|-activate|p2a: Celebi|confusion
|-damage|p2a: Celebi|185\/341|[from] confusion
|move|p1a: Machamp|Knock Off|p2a: Celebi
|-supereffective|p2a: Celebi
|-damage|p2a: Celebi|0 fnt
|-enditem|p2a: Celebi|Choice Band|[from] move: Knock Off|[of] p1a: Machamp
|faint|p2a: Celebi
|
|
|switch|p2a: Pidgeot|Pidgeot, F|307\/307
|turn|13
|c|★ULT Christo|holy
|c|★ULT Christo|banded
|
|switch|p1a: Jirachi|Jirachi|341\/341
|detailschange|p2a: Pidgeot|Pidgeot-Mega, F
|-mega|p2a: Pidgeot|Pidgeot|Pidgeotite
|move|p2a: Pidgeot|Hurricane|p1a: Jirachi
|-resisted|p1a: Jirachi
|-damage|p1a: Jirachi|235\/341
|-start|p1a: Jirachi|confusion
|
|turn|14
|
|-activate|p1a: Jirachi|confusion
|move|p1a: Jirachi|Zen Headbutt|p2a: Pidgeot
|-damage|p2a: Pidgeot|151\/307
|move|p2a: Pidgeot|Hurricane|p1a: Jirachi
|-resisted|p1a: Jirachi
|-damage|p1a: Jirachi|137\/341
|
|turn|15
|c| ULT Pokeblade|Lol
|
|switch|p1a: Hydreigon|Hydreigon, F|205\/325 brn
|switch|p2a: Arcanine|Arcanine, M|311\/384
|-ability|p2a: Arcanine|Intimidate|[of] p1a: Hydreigon
|-unboost|p1a: Hydreigon|atk|1
|
|-heal|p2a: Arcanine|335\/384|[from] item: Leftovers
|-damage|p1a: Hydreigon|165\/325 brn|[from] brn
|turn|16
|c|★ULT Christo|OOOOOH
|
|move|p1a: Hydreigon|Dark Pulse|p2a: Arcanine
|-damage|p2a: Arcanine|67\/384
|move|p2a: Arcanine|Morning Sun|p2a: Arcanine
|-heal|p2a: Arcanine|259\/384
|
|-heal|p2a: Arcanine|283\/384|[from] item: Leftovers
|-damage|p1a: Hydreigon|125\/325 brn|[from] brn
|turn|17
|c| ULT Pokeblade|Lol
|c| ULT Pokeblade|The waste
|c|★ULT Christo|counter?
|
|switch|p2a: Cobalion|Cobalion|323\/323
|move|p1a: Hydreigon|Dark Pulse|p2a: Cobalion
|-resisted|p2a: Cobalion
|-damage|p2a: Cobalion|178\/323
|-boost|p2a: Cobalion|atk|1|[from] ability: Justified
|
|-heal|p2a: Cobalion|198\/323|[from] item: Leftovers
|-damage|p1a: Hydreigon|85\/325 brn|[from] brn
|turn|18
|c|★ULT Christo|oh no
|c| ULT Pokeblade|Duh
|
|move|p2a: Cobalion|Iron Head|p1a: Hydreigon
|-damage|p1a: Hydreigon|0 fnt
|faint|p1a: Hydreigon
|
|-heal|p2a: Cobalion|218\/323|[from] item: Leftovers
|c| ULT Pokeblade|That was obvious
|
|switch|p1a: Doublade|Doublade, M|319\/319
|turn|19
|
|switch|p2a: Arcanine|Arcanine, M|283\/384
|-ability|p2a: Arcanine|Intimidate|[of] p1a: Doublade
|-unboost|p1a: Doublade|atk|1
|move|p1a: Doublade|Shadow Sneak|p2a: Arcanine
|-damage|p2a: Arcanine|237\/384
|
|-heal|p2a: Arcanine|261\/384|[from] item: Leftovers
|turn|20
|
|switch|p1a: Nidoqueen|Nidoqueen, F|330\/330
|move|p2a: Arcanine|Flare Blitz|p1a: Nidoqueen
|-crit|p1a: Nidoqueen
|-damage|p1a: Nidoqueen|11\/330
|-damage|p2a: Arcanine|156\/384|[from] recoil|[of] p1a: Nidoqueen
|
|-heal|p2a: Arcanine|180\/384|[from] item: Leftovers
|turn|21
|c|★ULT Christo|ugh
|c| ULT Pokeblade|Yup
|
|switch|p1a: Jirachi|Jirachi|137\/341
|move|p2a: Arcanine|Extreme Speed|p1a: Jirachi
|-crit|p1a: Jirachi
|-resisted|p1a: Jirachi
|-damage|p1a: Jirachi|73\/341
|
|-heal|p2a: Arcanine|204\/384|[from] item: Leftovers
|turn|22
|c| ULT Pokeblade|Wow
|
|move|p1a: Jirachi|U-turn|p2a: Arcanine
|-resisted|p2a: Arcanine
|-damage|p2a: Arcanine|168\/384
|
|switch|p1a: Pidgeot|Pidgeot-Mega, M|140\/308
|move|p2a: Arcanine|Morning Sun|p2a: Arcanine
|-heal|p2a: Arcanine|360\/384
|
|-heal|p2a: Arcanine|384\/384|[from] item: Leftovers
|turn|23
|c| ULT Pokeblade|Bad choose
|join|ult celsius
|c|★ULT Christo|now pidgeot is inside
|
|switch|p2a: Cobalion|Cobalion|218\/323
|move|p1a: Pidgeot|Hurricane|p2a: Cobalion
|-damage|p2a: Cobalion|0 fnt
|faint|p2a: Cobalion
|
|
|switch|p2a: Milotic|Milotic, M|303\/393
|turn|24
|
|switch|p1a: Nidoqueen|Nidoqueen, F|11\/330
|move|p2a: Milotic|Scald|p1a: Nidoqueen
|-supereffective|p1a: Nidoqueen
|-damage|p1a: Nidoqueen|0 fnt
|faint|p1a: Nidoqueen
|
|-heal|p2a: Milotic|327\/393|[from] item: Leftovers
|
|switch|p1a: Jirachi|Jirachi|73\/341
|turn|25
|c|★ULT Christo|my #1 counter is milotic
|
|move|p1a: Jirachi|Trick|p2a: Milotic
|-activate|p1a: Jirachi|move: Trick|[of] p2a: Milotic
|-item|p2a: Milotic|Choice Scarf|[from] move: Trick
|-item|p1a: Jirachi|Leftovers|[from] move: Trick
|move|p2a: Milotic|Scald|p1a: Jirachi
|-damage|p1a: Jirachi|0 fnt
|faint|p1a: Jirachi
|
|c| ULT Pokeblade|K
|c| ULT Pokeblade|Hmm
|
|switch|p1a: Machamp|Machamp, F|217\/362
|turn|26
|c|★ULT Christo|pls
|
|move|p2a: Milotic|Scald|p1a: Machamp
|-damage|p1a: Machamp|139\/362
|move|p1a: Machamp|Dynamic Punch|p2a: Milotic
|-damage|p2a: Milotic|128\/393
|-start|p2a: Milotic|confusion
|
|turn|27
|c| ult celsius|ur team is weak to water mons :\/
|
|-activate|p2a: Milotic|confusion
|move|p2a: Milotic|Scald|p1a: Machamp
|-damage|p1a: Machamp|69\/362
|move|p1a: Machamp|Knock Off|p2a: Milotic
|-damage|p2a: Milotic|0 fnt
|-enditem|p2a: Milotic|Choice Scarf|[from] move: Knock Off|[of] p1a: Machamp
|faint|p2a: Milotic
|
|c|★ULT Christo|machamp!! took 4 scalds
|c|★ULT Christo|no burn
|
|switch|p2a: Arcanine|Arcanine, M|384\/384
|-ability|p2a: Arcanine|Intimidate|[of] p1a: Machamp
|-unboost|p1a: Machamp|atk|1
|turn|28
|c| ult celsius|lol
|c| ULT Pokeblade|Christo who do you think is better me or you?
|
|move|p2a: Arcanine|Flare Blitz|p1a: Machamp
|-damage|p1a: Machamp|0 fnt
|-damage|p2a: Arcanine|361\/384|[from] recoil|[of] p1a: Machamp
|faint|p1a: Machamp
|
|-heal|p2a: Arcanine|384\/384|[from] item: Leftovers
|c|★ULT Christo|me
|c| ULT Pokeblade|Ofc u would say that
|c|★ULT Christo|obv
|
|switch|p1a: Pidgeot|Pidgeot-Mega, M|140\/308
|turn|29
|c| ULT Pokeblade|Just checking
|c|★ULT Christo|i am tho
|c| ULT Pokeblade|If you would benhonest or not
|
|switch|p2a: Espeon|Espeon, M|271\/271
|move|p1a: Pidgeot|Hurricane|p2a: Espeon
|-damage|p2a: Espeon|51\/271
|-start|p2a: Espeon|confusion
|
|turn|30
|c| ULT Pokeblade|Honestly you are not
|
|switch|p1a: Doublade|Doublade, M|319\/319
|-activate|p2a: Espeon|confusion
|-damage|p2a: Espeon|25\/271|[from] confusion
|
|turn|31
|c| ULT Pokeblade|You make the stupidest of stay
|c| ULT Pokeblade|Plays*
|c|★ULT Christo|why because u can beat me?
|c| ULT Pokeblade|I neat you every time
|c| ULT Pokeblade|Beat*
|c|★ULT Christo|thats cuz u counter my play styl
|c|★ULT Christo|e
|c| ULT Pokeblade|Nope
|
|move|p1a: Doublade|Shadow Sneak|p2a: Espeon
|-crit|p2a: Espeon
|-supereffective|p2a: Espeon
|-damage|p2a: Espeon|0 fnt
|faint|p2a: Espeon
|
|
|switch|p2a: Arcanine|Arcanine, M|384\/384
|-ability|p2a: Arcanine|Intimidate|[of] p1a: Doublade
|-unboost|p1a: Doublade|atk|1
|turn|32
|
|move|p2a: Arcanine|Flare Blitz|p1a: Doublade
|-supereffective|p1a: Doublade
|-damage|p1a: Doublade|149\/319
|-damage|p2a: Arcanine|328\/384|[from] recoil|[of] p1a: Doublade
|move|p1a: Doublade|Swords Dance|p1a: Doublade
|-boost|p1a: Doublade|atk|2
|
|-heal|p2a: Arcanine|352\/384|[from] item: Leftovers
|turn|33
|c| ULT Pokeblade|I actually dont know ur playstyle
|c| ULT Pokeblade|I just predict
|
|move|p1a: Doublade|Shadow Sneak|p2a: Arcanine
|-damage|p2a: Arcanine|243\/384
|move|p2a: Arcanine|Flare Blitz|p1a: Doublade
|-supereffective|p1a: Doublade
|-damage|p1a: Doublade|0 fnt
|-damage|p2a: Arcanine|194\/384|[from] recoil|[of] p1a: Doublade
|faint|p1a: Doublade
|
|-heal|p2a: Arcanine|218\/384|[from] item: Leftovers
|c| ULT Pokeblade|Bad choice there
|c| ULT Pokeblade|Anyways gg
|
|switch|p1a: Pidgeot|Pidgeot-Mega, M|140\/308
|turn|34
|c|★ULT Christo|how
|c| ULT Pokeblade|Nvm that
|
|move|p2a: Arcanine|Extreme Speed|p1a: Pidgeot
|-damage|p1a: Pidgeot|35\/308
|move|p1a: Pidgeot|Hurricane|p2a: Arcanine
|-damage|p2a: Arcanine|0 fnt
|faint|p2a: Arcanine
|
|c|★ULT Christo|gg
|c|★Julie3|gg
|
|switch|p2a: Pidgeot|Pidgeot-Mega, F|151\/307
|turn|35
|c|★ULT Christo|its a speed tie
|c| ULT Pokeblade|I thought crit would of happened
|c|★ULT Christo|cmon pidgeot
|c| ULT Pokeblade|This happened twice
|c|★Julie3|speed tie for the win :p
|
|move|p2a: Pidgeot|Hurricane|p1a: Pidgeot
|-damage|p1a: Pidgeot|0 fnt
|faint|p1a: Pidgeot
|
|win|Julie3
|raw|Ladder updating...
|c|★ULT Christo|gg
|raw|ULT Christo's rating: 1605 &rarr; <strong>1579<\/strong><br \/>(-26 for losing)
|raw|Julie3's rating: 1502 &rarr; <strong>1528<\/strong><br \/>(+26 for winning)
|c|★Julie3|gg
|c| ULT Pokeblade|^.^