|join|ULT Christo
|join|pokemonisfun
|player|p1|ULT Christo|1
|player|p2|pokemonisfun|184
|gametype|singles
|gen|6
|tier|UU
|rated
|rule|Sleep Clause Mod: Limit one foe put to sleep
|rule|Species Clause: Limit one of each Pokémon
|rule|OHKO Clause: OHKO moves are banned
|rule|Moody Clause: Moody is banned
|rule|Evasion Moves Clause: Evasion moves are banned
|rule|Endless Battle Clause: Forcing endless battles is banned
|rule|HP Percentage Mod: HP is shown in percentages
|clearpoke
|poke|p1|Celebi
|poke|p1|Nidoqueen, F
|poke|p1|Entei, shiny
|poke|p1|Doublade, M
|poke|p1|Sharpedo, F
|poke|p1|Raikou
|poke|p2|Blissey, F
|poke|p2|Swampert, F
|poke|p2|Granbull, M
|poke|p2|Alomomola, M
|poke|p2|Crobat, F
|poke|p2|Celebi
|rule|Swagger Clause: Swagger is banned
|rule|Baton Pass Clause: Limit one Pokémon knowing Baton Pass
|teampreview
|c|★ULT Christo|RIP\
|
|start
|switch|p1a: Nidoqueen|Nidoqueen, F|330\/330
|switch|p2a: bubblsy bubbles|Swampert, F|404\/404
|turn|1
|
|detailschange|p2a: bubblsy bubbles|Swampert-Mega, F
|-mega|p2a: bubblsy bubbles|Swampert|Swampertite
|move|p1a: Nidoqueen|Earth Power|p2a: bubblsy bubbles
|-damage|p2a: bubblsy bubbles|264\/404
|move|p2a: bubblsy bubbles|Earthquake|p1a: Nidoqueen
|-supereffective|p1a: Nidoqueen
|-damage|p1a: Nidoqueen|0 fnt
|faint|p1a: Nidoqueen
|
|c|★ULT Christo|RIP
|
|switch|p1a: Celebi|Celebi|404\/404
|turn|2
|
|switch|p2a: onion fairy god|Celebi|401\/401
|move|p1a: Celebi|Swords Dance|p1a: Celebi
|-boost|p1a: Celebi|atk|2
|
|turn|3
|
|move|p1a: Celebi|Seed Bomb|p2a: onion fairy god
|-resisted|p2a: onion fairy god
|-damage|p2a: onion fairy god|338\/401
|move|p2a: onion fairy god|Perish Song|p2a: onion fairy god
|-fieldactivate|move: Perish Song
|
|-start|p1a: Celebi|perish3
|-start|p2a: onion fairy god|perish3
|-heal|p2a: onion fairy god|363\/401|[from] item: Leftovers
|turn|4
|join|pokeblade101
|c|★ULT Christo|this
|
|switch|p1a: Entei|Entei, shiny|372\/372
|-ability|p1a: Entei|Pressure
|move|p2a: onion fairy god|Stealth Rock|p1a: Entei
|-sidestart|p1: ULT Christo|move: Stealth Rock
|
|-start|p2a: onion fairy god|perish2
|-heal|p2a: onion fairy god|388\/401|[from] item: Leftovers
|turn|5
|c|★ULT Christo|guy man
|c| pokeblade101|Ik
|
|switch|p2a: swimmy swim|Alomomola, M|471\/471
|move|p1a: Entei|Sacred Fire|p2a: swimmy swim
|-crit|p2a: swimmy swim
|-resisted|p2a: swimmy swim
|-damage|p2a: swimmy swim|319\/471
|-status|p2a: swimmy swim|brn
|-damage|p1a: Entei|335\/372|[from] item: Life Orb
|
|-heal|p2a: swimmy swim|348\/471 brn|[from] item: Leftovers
|-damage|p2a: swimmy swim|290\/471 brn|[from] brn
|turn|6
|c|★pokemonisfun|hax
|c|★pokemonisfun|hax
|c|★pokemonisfun|hax alert
|c| pokeblade101|Haxy dayz
|c|★ULT Christo|try lum berry
|
|switch|p1a: Celebi|Celebi|404\/404
|-damage|p1a: Celebi|354\/404|[from] Stealth Rock
|move|p2a: swimmy swim|Wish|p2a: swimmy swim
|
|-heal|p2a: swimmy swim|319\/471 brn|[from] item: Leftovers
|-damage|p2a: swimmy swim|261\/471 brn|[from] brn
|turn|7
|c|★pokemonisfun|try not burning me
|
|switch|p2a: batsy watzy|Crobat, F|373\/373
|move|p1a: Celebi|Swords Dance|p1a: Celebi
|-boost|p1a: Celebi|atk|2
|
|turn|8
|
|move|p2a: batsy watzy|Haze|p2a: batsy watzy
|-clearallboost
|move|p1a: Celebi|Baton Pass|p1a: Celebi
|c|★ULT Christo|DUDE
|c| pokeblade101|Ahahahah
|c| pokeblade101|He thought of everything
|
|switch|p1a: Doublade|Doublade, M|322\/322
|-damage|p1a: Doublade|302\/322|[from] Stealth Rock
|
|turn|9
|c|★ULT Christo|literally
|join|Blue DrReuniclus3
|join|IheartMagikarp
|
|switch|p2a: woofy woof woof|Granbull, M|384\/384
|-ability|p2a: woofy woof woof|Intimidate|[of] p1a: Doublade
|-unboost|p1a: Doublade|atk|1
|move|p1a: Doublade|Iron Head|p2a: woofy woof woof
|-supereffective|p2a: woofy woof woof
|-damage|p2a: woofy woof woof|214\/384
|
|-heal|p2a: woofy woof woof|238\/384|[from] item: Leftovers
|turn|10
|
|move|p2a: woofy woof woof|Overheat|p1a: Doublade
|-supereffective|p1a: Doublade
|-damage|p1a: Doublade|152\/322
|-unboost|p2a: woofy woof woof|spa|2
|move|p1a: Doublade|Swords Dance|p1a: Doublade
|-boost|p1a: Doublade|atk|2
|
|-heal|p2a: woofy woof woof|262\/384|[from] item: Leftovers
|turn|11
|c| pokeblade101|This thing is defensive as fuck
|c|★ULT Christo|WTF
|c| pokeblade101|Thought of everyhting
|
|switch|p2a: bubblsy bubbles|Swampert-Mega, F|264\/404
|move|p1a: Doublade|Sacred Sword|p2a: bubblsy bubbles
|-damage|p2a: bubblsy bubbles|118\/404
|
|turn|12
|join|BurstStream
|
|switch|p1a: Celebi|Celebi|354\/404
|-damage|p1a: Celebi|304\/404|[from] Stealth Rock
|move|p2a: bubblsy bubbles|Earthquake|p1a: Celebi
|-resisted|p1a: Celebi
|-damage|p1a: Celebi|220\/404
|
|turn|13
|
|switch|p2a: batsy watzy|Crobat, F|373\/373
|move|p1a: Celebi|Baton Pass|p1a: Celebi
|
|switch|p1a: Raikou|Raikou|322\/322
|-damage|p1a: Raikou|282\/322|[from] Stealth Rock
|-ability|p1a: Raikou|Pressure
|
|-heal|p1a: Raikou|302\/322|[from] item: Leftovers
|turn|14
|c|★pokemonisfun|yes
|c|★pokemonisfun|u can totally get past blissey
|
|switch|p2a: Mega Chansey|Blissey, F|651\/651
|switch|p1a: Entei|Entei, shiny|335\/372
|-damage|p1a: Entei|242\/372|[from] Stealth Rock
|-ability|p1a: Entei|Pressure
|
|turn|15
|c| pokeblade101|He cant sadly
|c|★ULT Christo|idk what u want me to do
|c|★ULT Christo|you have the most skillful team of the century
|c|★pokemonisfun|yes
|c| pokeblade101|Ikr
|c| pokeblade101|Its too much
|c|★pokemonisfun|i switch blissey into raikou and alomomola into entei
|
|switch|p2a: swimmy swim|Alomomola, M|418\/471 brn
|move|p1a: Entei|Extreme Speed|p2a: swimmy swim
|-damage|p2a: swimmy swim|315\/471 brn
|-damage|p1a: Entei|205\/372|[from] item: Life Orb
|
|-heal|p2a: swimmy swim|344\/471 brn|[from] item: Leftovers
|-damage|p2a: swimmy swim|286\/471 brn|[from] brn
|turn|16
|c| pokeblade101|Thats why i am copying it mwahahaha
|c| pokeblade101|Jk
|c|★ULT Christo|u could give this team to literally anyone, tell them how to use it, and they can do well
|
|move|p1a: Entei|Extreme Speed|p2a: swimmy swim
|-damage|p2a: swimmy swim|191\/471 brn
|-damage|p1a: Entei|168\/372|[from] item: Life Orb
|move|p2a: swimmy swim|Wish|p2a: swimmy swim
|
|-heal|p2a: swimmy swim|220\/471 brn|[from] item: Leftovers
|-damage|p2a: swimmy swim|162\/471 brn|[from] brn
|turn|17
|c| pokeblade101|Ugh
|
|move|p2a: swimmy swim|Protect|p2a: swimmy swim
|-singleturn|p2a: swimmy swim|Protect
|move|p1a: Entei|Sacred Fire|p2a: swimmy swim
|-activate|p2a: swimmy swim|Protect
|
|-heal|p2a: swimmy swim|397\/471 brn|[from] move: Wish|[wisher] swimmy swim
|-heal|p2a: swimmy swim|426\/471 brn|[from] item: Leftovers
|-damage|p2a: swimmy swim|368\/471 brn|[from] brn
|turn|18
|c| pokeblade101|No need to protect there
|c|★ULT Christo|who cares
|
|switch|p1a: Celebi|Celebi|220\/404
|-damage|p1a: Celebi|170\/404|[from] Stealth Rock
|move|p2a: swimmy swim|Wish|p2a: swimmy swim
|
|-heal|p2a: swimmy swim|397\/471 brn|[from] item: Leftovers
|-damage|p2a: swimmy swim|339\/471 brn|[from] brn
|turn|19
|c| pokeblade101|Ikr
|
|switch|p2a: batsy watzy|Crobat, F|373\/373
|move|p1a: Celebi|Swords Dance|p1a: Celebi
|-boost|p1a: Celebi|atk|2
|
|turn|20
|c| pokeblade101|This teqm is ficking annyoying
|c| pokeblade101|And thats why he is so high
|c| pokeblade101|The team of the century!!
|
|move|p2a: batsy watzy|Brave Bird|p1a: Celebi
|-supereffective|p1a: Celebi
|-damage|p1a: Celebi|0 fnt
|-damage|p2a: batsy watzy|317\/373|[from] recoil|[of] p1a: Celebi
|faint|p1a: Celebi
|
|-heal|p2a: batsy watzy|340\/373|[from] item: Black Sludge
|
|switch|p1a: Sharpedo|Sharpedo, F|282\/282
|-damage|p1a: Sharpedo|247\/282|[from] Stealth Rock
|turn|21
|c|★ULT Christo|its so skill-less tho
|c|★pokemonisfun|how is it skill-less
|c|★ULT Christo|u dont have to think
|c| pokeblade101|He made the team its not skillsee
|c| pokeblade101|Less*
|c|★pokemonisfun|i had to think when i made the team
|c| BurstStream|stall is generaly like
|
|switch|p2a: woofy woof woof|Granbull, M|262\/384
|-ability|p2a: woofy woof woof|Intimidate|[of] p1a: Sharpedo
|-unboost|p1a: Sharpedo|atk|1
|move|p1a: Sharpedo|Crunch|p2a: woofy woof woof
|-resisted|p2a: woofy woof woof
|-damage|p2a: woofy woof woof|219\/384
|
|-heal|p2a: woofy woof woof|243\/384|[from] item: Leftovers
|-boost|p1a: Sharpedo|spe|1|[from] ability: Speed Boost
|turn|22
|c| BurstStream|hard to build
|c| BurstStream|easy to play
|c|★ULT Christo|^
|c| pokeblade101|I hate ehen ppl say stall is skilless
|c|★pokemonisfun|i would like to see any of you beat me with my team
|
|detailschange|p1a: Sharpedo|Sharpedo-Mega, F
|-mega|p1a: Sharpedo|Sharpedo|Sharpedonite
|move|p1a: Sharpedo|Waterfall|p2a: woofy woof woof
|-damage|p2a: woofy woof woof|153\/384
|move|p2a: woofy woof woof|Play Rough|p1a: Sharpedo
|-supereffective|p1a: Sharpedo
|-damage|p1a: Sharpedo|0 fnt
|faint|p1a: Sharpedo
|
|-heal|p2a: woofy woof woof|177\/384|[from] item: Leftovers
|c| pokeblade101|When*
|c| BurstStream|I wouldnat
|c| BurstStream|because
|c|★ULT Christo|not saying u are bad at all
|c| BurstStream|I only play Semi Stall
|c| BurstStream|at max
|
|switch|p1a: Raikou|Raikou|302\/322
|-damage|p1a: Raikou|262\/322|[from] Stealth Rock
|-ability|p1a: Raikou|Pressure
|turn|23
|c|★ULT Christo|the team is just to good
|c|★ULT Christo|too*
|
|switch|p2a: Mega Chansey|Blissey, F|651\/651
|move|p1a: Raikou|Thunderbolt|p2a: Mega Chansey
|-damage|p2a: Mega Chansey|570\/651
|
|-heal|p1a: Raikou|282\/322|[from] item: Leftovers
|-heal|p2a: Mega Chansey|610\/651|[from] item: Leftovers
|turn|24
|c| BurstStream|Only way to break this team in one go
|c| BurstStream|is like Crit with SD Haxorus
|c| pokeblade101|Once i playeda  guy that all of his pokes were set up pokes
|
|move|p1a: Raikou|Calm Mind|p1a: Raikou
|-boost|p1a: Raikou|spa|1
|-boost|p1a: Raikou|spd|1
|move|p2a: Mega Chansey|Seismic Toss|p1a: Raikou
|-damage|p1a: Raikou|182\/322
|
|-heal|p1a: Raikou|202\/322|[from] item: Leftovers
|-heal|p2a: Mega Chansey|650\/651|[from] item: Leftovers
|turn|25
|
|move|p1a: Raikou|Thunderbolt|p2a: Mega Chansey
|-damage|p2a: Mega Chansey|521\/651
|move|p2a: Mega Chansey|Seismic Toss|p1a: Raikou
|-damage|p1a: Raikou|102\/322
|
|-heal|p1a: Raikou|122\/322|[from] item: Leftovers
|-heal|p2a: Mega Chansey|561\/651|[from] item: Leftovers
|turn|26
|c|★pokemonisfun|or
|c|★pokemonisfun|sub bu braviary
|c| pokeblade101|Bu?
|c| BurstStream|I mean
|c| BurstStream|that takes time
|c| BurstStream|SD Haxorus Crits
|c| BurstStream|is  semi instant
|c| BurstStream|also don`t you have a random Roar
|c|★ULT Christo|right when u see the braviary u got right into cro or celebi and stop it
|c| pokeblade101|Too bad he thoughtnof that
|c| pokeblade101|And granbull stops that
|c| BurstStream|and you can like  Stop it till last mon
|
|move|p1a: Raikou|Thunderbolt|p2a: Mega Chansey
|-damage|p2a: Mega Chansey|432\/651
|move|p2a: Mega Chansey|Seismic Toss|p1a: Raikou
|-damage|p1a: Raikou|22\/322
|
|-heal|p1a: Raikou|42\/322|[from] item: Leftovers
|-heal|p2a: Mega Chansey|472\/651|[from] item: Leftovers
|turn|27
|c|★pokemonisfun|!dt defiant
|c|~|\/data-ability Defiant
|raw|<font size="1"><\/font>
|c| BurstStream|scenario
|c|★pokemonisfun|!dt braviary
|c|~|\/data-pokemon Braviary
|raw|<font size="1"><font color=#585858>Dex#:<\/font> 628&nbsp;|&ThickSpace;<font color=#585858>Height:<\/font> 1.5 m&nbsp;|&ThickSpace;<font color=#585858>Weight:<\/font> 41 kg <em>(60 BP)<\/em>&nbsp;|&ThickSpace;<font color=#585858>Dex Colour:<\/font> Red&nbsp;|&ThickSpace;<font color=#585858>Egg Group(s):<\/font> Flying&nbsp;|&ThickSpace;<font color=#585858><font color=#585858>Does Not Evolve<\/font><\/font><\/font>
|c| BurstStream|oh and I guess Reuniclus
|c| BurstStream|last mon scenario if Celebi
|
|move|p1a: Raikou|Thunderbolt|p2a: Mega Chansey
|-damage|p2a: Mega Chansey|346\/651
|move|p2a: Mega Chansey|Seismic Toss|p1a: Raikou
|-damage|p1a: Raikou|0 fnt
|faint|p1a: Raikou
|
|-heal|p2a: Mega Chansey|386\/651|[from] item: Leftovers
|c| BurstStream|ant like Perish Song
|c| pokeblade101|Celebi cant stop the braviary
|c| pokeblade101|Perish song brave bird dead
|c|★ULT Christo|cant u haze it? or does his att go up
|leave|IheartMagikarp
|c| BurstStream|I meant more
|c| BurstStream|for Reuniclus
|c| pokeblade101|And he just switch wishes start all over again
|
|switch|p1a: Doublade|Doublade, M|152\/322
|-damage|p1a: Doublade|132\/322|[from] Stealth Rock
|turn|28
|
|switch|p2a: batsy watzy|Crobat, F|340\/373
|move|p1a: Doublade|Swords Dance|p1a: Doublade
|-boost|p1a: Doublade|atk|2
|
|-heal|p2a: batsy watzy|363\/373|[from] item: Black Sludge
|turn|29
|c| pokeblade101|Haze resets
|c| pokeblade101|Not lowers anything
|
|move|p1a: Doublade|Shadow Sneak|p2a: batsy watzy
|-damage|p2a: batsy watzy|185\/373
|move|p2a: batsy watzy|Haze|p2a: batsy watzy
|-clearallboost
|
|-heal|p2a: batsy watzy|208\/373|[from] item: Black Sludge
|turn|30
|c| pokeblade101|Defiant wont activate
|c|★ULT Christo|curious tho, how do u lose?
|c| pokeblade101|Hax
|
|move|p2a: batsy watzy|Roost|p2a: batsy watzy
|-heal|p2a: batsy watzy|373\/373
|move|p1a: Doublade|Swords Dance|p1a: Doublade
|-boost|p1a: Doublade|atk|2
|
|turn|31
|
|move|p2a: batsy watzy|Haze|p2a: batsy watzy
|-clearallboost
|move|p1a: Doublade|Iron Head|p2a: batsy watzy
|-damage|p2a: batsy watzy|211\/373
|
|-heal|p2a: batsy watzy|234\/373|[from] item: Black Sludge
|turn|32
|c| BurstStream|I still think the only way
|c| BurstStream|is a SD Haxorus
|c|★pokemonisfun|sd coba berry zen headbutt shaymin
|c| BurstStream|Crit on Granbull
|c| BurstStream|Shaymin Oo
|
|move|p2a: batsy watzy|Roost|p2a: batsy watzy
|-heal|p2a: batsy watzy|373\/373
|move|p1a: Doublade|Iron Head|p2a: batsy watzy
|-damage|p2a: batsy watzy|213\/373
|
|-heal|p2a: batsy watzy|236\/373|[from] item: Black Sludge
|turn|33
|c| BurstStream|instead of Celebi?
|c| pokeblade101|What the mega
|c| pokeblade101|Or the poke that is hidden
|c| BurstStream|Mega Swampert
|c| BurstStream|with Curse
|c|★ULT Christo|if he didnt have haze i think i won with a +4 sharp
|c|★ULT Christo|but he is too good at team building
|c| BurstStream|If I know Pifs Building ideas
|
|move|p2a: batsy watzy|Brave Bird|p1a: Doublade
|-crit|p1a: Doublade
|-resisted|p1a: Doublade
|-damage|p1a: Doublade|86\/322
|-damage|p2a: batsy watzy|221\/373|[from] recoil|[of] p1a: Doublade
|move|p1a: Doublade|Iron Head|p2a: batsy watzy
|-damage|p2a: batsy watzy|64\/373
|
|-heal|p2a: batsy watzy|87\/373|[from] item: Black Sludge
|turn|34
|c| BurstStream|also  Pif how is the RU Curse Steelix OP Canpaing working?
|c| pokeblade101|Spiritomb stops his team
|
|move|p1a: Doublade|Shadow Sneak|p2a: batsy watzy
|-damage|p2a: batsy watzy|6\/373
|move|p2a: batsy watzy|Roost|p2a: batsy watzy
|-heal|p2a: batsy watzy|193\/373
|
|-heal|p2a: batsy watzy|216\/373|[from] item: Black Sludge
|turn|35
|c| pokeblade101|Once granbull is gone
|c|★ULT Christo|dugtrio+CM raikou
|
|move|p2a: batsy watzy|Roost|p2a: batsy watzy
|-heal|p2a: batsy watzy|373\/373
|move|p1a: Doublade|Iron Head|p2a: batsy watzy
|-damage|p2a: batsy watzy|213\/373
|
|-heal|p2a: batsy watzy|236\/373|[from] item: Black Sludge
|turn|36
|c|★ULT Christo|if dug trapped blissey
|c| pokeblade101|Blissey takes eq easily
|c|★pokemonisfun|!learn blissey, counter
|raw|<div class="infobox">Blissey <span class="message-learn-canlearn">can<\/span> learn Counter only when obtained from:<ul class="message-learn-list"><li>gen 4 egg: breloom, clefable, clefairy, granbull, ...<li>gen 5 dream world<li>gen 5 egg: breloom, clefable, clefairy, granbull, ...<li>gen 6 egg: chansey<li>any generation before 4<\/ul><\/div>
|
|move|p2a: batsy watzy|Brave Bird|p1a: Doublade
|-resisted|p1a: Doublade
|-damage|p1a: Doublade|56\/322
|-damage|p2a: batsy watzy|226\/373|[from] recoil|[of] p1a: Doublade
|move|p1a: Doublade|Iron Head|p2a: batsy watzy
|-damage|p2a: batsy watzy|75\/373
|
|-heal|p2a: batsy watzy|98\/373|[from] item: Black Sludge
|turn|37
|c|★ULT Christo|banded
|c|★ULT Christo|like over half
|c| pokeblade101|Ahaha
|c|★ULT Christo|but i think he is max SDef
|c| pokeblade101|He has counter
|
|move|p2a: batsy watzy|Roost|p2a: batsy watzy
|-heal|p2a: batsy watzy|285\/373
|move|p1a: Doublade|Iron Head|p2a: batsy watzy
|-damage|p2a: batsy watzy|132\/373
|
|-heal|p2a: batsy watzy|155\/373|[from] item: Black Sludge
|turn|38
|c| BurstStream|252+ Atk Choice Band Dugtrio Earthquake vs. 252 HP \/ 252+ Def Blissey: 352-415 (49.2 - 58.1%) -- 63.7% chance to 2HKO after Leftovers recovery
|c| pokeblade101|He is mot adamant
|c| pokeblade101|Not*
|c| BurstStream|I mean no idea
|
|move|p2a: batsy watzy|Brave Bird|p1a: Doublade
|-resisted|p1a: Doublade
|-damage|p1a: Doublade|26\/322
|-damage|p2a: batsy watzy|145\/373|[from] recoil|[of] p1a: Doublade
|move|p1a: Doublade|Iron Head|p2a: batsy watzy
|-damage|p2a: batsy watzy|0 fnt
|faint|p2a: batsy watzy
|
|c| BurstStream|how the fuck to use Dugy I just added Adamant
|c| BurstStream|cause dmg
|c|★ULT Christo|NOT 6-0D!!!!!
|
|switch|p2a: swimmy swim|Alomomola, M|471\/471 brn
|turn|39
|
|move|p1a: Doublade|Shadow Sneak|p2a: swimmy swim
|-damage|p2a: swimmy swim|408\/471 brn
|move|p2a: swimmy swim|Scald|p1a: Doublade
|-damage|p1a: Doublade|0 fnt
|faint|p1a: Doublade
|
|-heal|p2a: swimmy swim|437\/471 brn|[from] item: Leftovers
|-damage|p2a: swimmy swim|379\/471 brn|[from] brn
|-message|ULT Christo forfeited.
|
|win|pokemonisfun
|raw|Ladder updating...
|raw|ULT Christo's rating: 1566 &rarr; <strong>1553<\/strong><br \/>(-13 for losing)
|raw|pokemonisfun's rating: 1688 &rarr; <strong>1701<\/strong><br \/>(+13 for winning)
|c| pokeblade101|So much pointa
|leave|ULT Christo
|c| pokeblade101|Pokeminisfun lost
|player|p1
|c| pokeblade101|Just now
|c| pokeblade101|He had more points