|join|ULT Christo
|join|WorstJihadNA
|player|p1|ULT Christo|170
|player|p2|WorstJihadNA|169
|gametype|singles
|gen|6
|tier|UU
|rated
|rule|Sleep Clause Mod: Limit one foe put to sleep
|rule|Species Clause: Limit one of each Pokémon
|rule|OHKO Clause: OHKO moves are banned
|rule|Moody Clause: Moody is banned
|rule|Evasion Moves Clause: Evasion moves are banned
|rule|Endless Battle Clause: Forcing endless battles is banned
|rule|HP Percentage Mod: HP is shown in percentages
|clearpoke
|poke|p1|Hydreigon, F
|poke|p1|Pidgeot, F
|poke|p1|Jirachi
|poke|p1|Doublade, F
|poke|p1|Machamp, M
|poke|p1|Nidoqueen, F
|poke|p2|Hydreigon, M
|poke|p2|Cobalion
|poke|p2|Arcanine, M
|poke|p2|Empoleon, M
|poke|p2|Blissey, F
|poke|p2|Darmanitan, M
|rule|Swagger Clause: Swagger is banned
|rule|Baton Pass Clause: Limit one Pokémon knowing Baton Pass
|teampreview
|
|start
|switch|p1a: Nidoqueen|Nidoqueen, F|330\/330
|switch|p2a: Darmanitan|Darmanitan, M|351\/351
|turn|1
|join|ULT Pokeblade
|
|move|p2a: Darmanitan|U-turn|p1a: Nidoqueen
|-resisted|p1a: Nidoqueen
|-damage|p1a: Nidoqueen|278\/330
|
|switch|p2a: Blissey|Blissey, F|651\/651
|move|p1a: Nidoqueen|Stealth Rock|p2a: Blissey
|-sidestart|p2: WorstJihadNA|move: Stealth Rock
|
|turn|2
|
|switch|p1a: Doublade|Doublade, F|319\/319
|move|p2a: Blissey|Seismic Toss|p1a: Doublade
|-immune|p1a: Doublade|[msg]
|
|turn|3
|
|switch|p2a: Arcanine|Arcanine, M|383\/383
|-damage|p2a: Arcanine|288\/383|[from] Stealth Rock
|-ability|p2a: Arcanine|Intimidate|[of] p1a: Doublade
|-unboost|p1a: Doublade|atk|1
|switch|p1a: Hydreigon|Hydreigon, F|325\/325
|
|-heal|p2a: Arcanine|311\/383|[from] item: Leftovers
|turn|4
|
|switch|p1a: Machamp|Machamp, M|362\/362
|switch|p2a: Empoleon|Empoleon, M|371\/371
|-damage|p2a: Empoleon|348\/371|[from] Stealth Rock
|
|-heal|p2a: Empoleon|371\/371|[from] item: Leftovers
|turn|5
|c|★ULT Christo|EZ
|
|move|p1a: Machamp|Dynamic Punch|p2a: Empoleon
|-supereffective|p2a: Empoleon
|-damage|p2a: Empoleon|0 fnt
|faint|p2a: Empoleon
|
|
|switch|p2a: Hydreigon|Hydreigon, M|325\/325
|-damage|p2a: Hydreigon|285\/325|[from] Stealth Rock
|turn|6
|
|move|p2a: Hydreigon|Draco Meteor|p1a: Machamp
|-damage|p1a: Machamp|187\/362
|-unboost|p2a: Hydreigon|spa|2
|move|p1a: Machamp|Dynamic Punch|p2a: Hydreigon
|-supereffective|p2a: Hydreigon
|-damage|p2a: Hydreigon|0 fnt
|faint|p2a: Hydreigon
|
|c|★ULT Christo|counter?
|-message|WorstJihadNA forfeited.
|
|win|ULT Christo
|raw|Ladder updating...
|leave|WorstJihadNA
|player|p2
|raw|ULT Christo's rating: 1462 &rarr; <strong>1474<\/strong><br \/>(+12 for winning)
|raw|WorstJihadNA's rating: 1315 &rarr; <strong>1303<\/strong><br \/>(-12 for losing)
|c|★ULT Christo|that was beautiful
|c|★ULT Christo|never shit on someone so bad omg