|join|DeejTest
|join|Zenza
|player|p1|DeejTest|126
|player|p2|Zenza|167
|gametype|singles
|gen|6
|tier|UU
|rule|Sleep Clause Mod: Limit one foe put to sleep
|rule|Species Clause: Limit one of each Pokémon
|rule|OHKO Clause: OHKO moves are banned
|rule|Moody Clause: Moody is banned
|rule|Evasion Moves Clause: Evasion moves are banned
|rule|Endless Battle Clause: Forcing endless battles is banned
|rule|HP Percentage Mod: HP is shown in percentages
|clearpoke
|poke|p1|Vaporeon, F
|poke|p1|Aggron, M
|poke|p1|Cresselia, F
|poke|p1|Lucario, F
|poke|p1|Crobat, F
|poke|p1|Hydreigon, M
|poke|p2|Porygon-Z
|poke|p2|Entei, shiny
|poke|p2|Celebi
|poke|p2|Haxorus, M, shiny
|poke|p2|Lucario, M
|poke|p2|Suicune
|rule|Swagger Clause: Swagger is banned
|rule|Baton Pass Clause: Limit one Pokémon knowing Baton Pass
|teampreview
|c|★Zenza|gg
|c|★DeejTest|oo
|c|★DeejTest|doges
|c|★Zenza|let all of mah dawgs outttt
|
|start
|switch|p1a: Gurl Put in Werk|Hydreigon, M|325\/325
|switch|p2a: Spartan-B312|Lucario, M|281\/281
|turn|1
|c|★Zenza|uhhh
|c|★Zenza|idek uu
|c|★Zenza|doesnt this run scarf
|c|★Zenza|or like mixed LO
|c|★DeejTest|half the time
|c|★DeejTest|lo or scarf
|c|★DeejTest|never specs
|
|move|p1a: Gurl Put in Werk|Fire Blast|p2a: Spartan-B312
|-supereffective|p2a: Spartan-B312
|-damage|p2a: Spartan-B312|0 fnt
|faint|p2a: Spartan-B312
|
|c|★Zenza|rip
|
|switch|p2a: Spartan-A259|Entei, shiny|371\/371
|-ability|p2a: Spartan-A259|Pressure
|turn|2
|c|★DeejTest|tbh i outspeed
|c|★DeejTest|even if not scarf ‘-'
|
|switch|p1a: UU mad bruh|Vaporeon, F|464\/464
|move|p2a: Spartan-A259|Sacred Fire|p1a: UU mad bruh
|-resisted|p1a: UU mad bruh
|-damage|p1a: UU mad bruh|296\/464
|-status|p1a: UU mad bruh|brn
|
|-heal|p1a: UU mad bruh|325\/464 brn|[from] item: Leftovers
|-damage|p1a: UU mad bruh|267\/464 brn|[from] brn
|turn|3
|c|★Zenza|nugga pls
|c|★Zenza|u scarf ad
|c|★Zenza|oml
|c|★Zenza|band so strong
|c|★DeejTest|ew band
|
|switch|p2a: Spartan-A052|Haxorus, M, shiny|293\/293
|-ability|p2a: Spartan-A052|Mold Breaker
|move|p1a: UU mad bruh|Wish|p1a: UU mad bruh
|
|-heal|p1a: UU mad bruh|296\/464 brn|[from] item: Leftovers
|-damage|p1a: UU mad bruh|238\/464 brn|[from] brn
|turn|4
|c|★DeejTest|such a haxx0r
|
|move|p2a: Spartan-A052|Earthquake|p1a: UU mad bruh
|-damage|p1a: UU mad bruh|0 fnt
|faint|p1a: UU mad bruh
|
|c|★DeejTest|wtffffff
|c|★Zenza|lmfao
|
|switch|p1a: Gurl Put in Werk|Hydreigon, M|325\/325
|turn|5
|c|★Zenza|get out
|
|switch|p2a: Spartan-A266|Suicune|404\/404
|-ability|p2a: Spartan-A266|Pressure
|move|p1a: Gurl Put in Werk|Draco Meteor|p2a: Spartan-A266
|-damage|p2a: Spartan-A266|190\/404
|-unboost|p1a: Gurl Put in Werk|spa|2
|
|-heal|p2a: Spartan-A266|215\/404|[from] item: Leftovers
|turn|6
|c|★Zenza|bitch
|c|★DeejTest|yeah
|c|★Zenza|yummy
|c|★DeejTest|thats no crocune
|
|switch|p1a: DuckMOON|Cresselia, F|443\/443
|move|p2a: Spartan-A266|Tailwind|p2a: Spartan-A266
|-sidestart|p2: Zenza|move: Tailwind
|
|-heal|p2a: Spartan-A266|240\/404|[from] item: Leftovers
|turn|7
|c|★Zenza|better
|join|SilverReaper21
|
|switch|p2a: Spartan-A239|Porygon-Z|312\/312
|move|p1a: DuckMOON|Substitute|p1a: DuckMOON
|-start|p1a: DuckMOON|Substitute
|-damage|p1a: DuckMOON|333\/443
|
|-heal|p1a: DuckMOON|360\/443|[from] item: Leftovers
|turn|8
|
|move|p2a: Spartan-A239|Tri Attack|p1a: DuckMOON
|-end|p1a: DuckMOON|Substitute
|move|p1a: DuckMOON|Calm Mind|p1a: DuckMOON
|-boost|p1a: DuckMOON|spa|1
|-boost|p1a: DuckMOON|spd|1
|
|-heal|p1a: DuckMOON|387\/443|[from] item: Leftovers
|turn|9
|c|★DeejTest|suck my cressys nuts
|c|★Zenza|ugh this thing
|
|move|p2a: Spartan-A239|Tri Attack|p1a: DuckMOON
|-crit|p1a: DuckMOON
|-damage|p1a: DuckMOON|67\/443
|move|p1a: DuckMOON|Substitute|p1a: DuckMOON
|-fail|p1a: DuckMOON|move: Substitute|[weak]
|
|-heal|p1a: DuckMOON|94\/443|[from] item: Leftovers
|-sideend|p2: Zenza|move: Tailwind
|turn|10
|c|★DeejTest|are
|c|★DeejTest|you
|c|★Zenza|LOL IM SO GOOD
|c|★DeejTest|kidding me
|
|switch|p1a: Glass Cannon|Aggron, M|343\/343
|move|p2a: Spartan-A239|Tri Attack|p1a: Glass Cannon
|-resisted|p1a: Glass Cannon
|-damage|p1a: Glass Cannon|223\/343
|
|turn|11
|c|★Zenza|im a fucking god
|
|switch|p2a: Spartan-A266|Suicune|240\/404
|-ability|p2a: Spartan-A266|Pressure
|detailschange|p1a: Glass Cannon|Aggron-Mega, M
|-mega|p1a: Glass Cannon|Aggron|Aggronite
|move|p1a: Glass Cannon|Stealth Rock|p2a: Spartan-A266
|-sidestart|p2: Zenza|move: Stealth Rock
|
|-heal|p2a: Spartan-A266|265\/404|[from] item: Leftovers
|turn|12
|c|★Zenza|tbh imo
|c| SilverReaper21|hax god
|c|★DeejTest|i lost now
|c|★DeejTest|smh
|
|move|p2a: Spartan-A266|Tailwind|p2a: Spartan-A266
|-sidestart|p2: Zenza|move: Tailwind
|move|p1a: Glass Cannon|Earthquake|p2a: Spartan-A266
|-damage|p2a: Spartan-A266|135\/404
|
|-heal|p2a: Spartan-A266|160\/404|[from] item: Leftovers
|turn|13
|c|★Zenza|yeet
|
|move|p2a: Spartan-A266|Calm Mind|p2a: Spartan-A266
|-boost|p2a: Spartan-A266|spa|1
|-boost|p2a: Spartan-A266|spd|1
|move|p1a: Glass Cannon|Earthquake|p2a: Spartan-A266
|-damage|p2a: Spartan-A266|47\/404
|
|-heal|p2a: Spartan-A266|72\/404|[from] item: Leftovers
|turn|14
|
|switch|p1a: Gurl Put in Werk|Hydreigon, M|325\/325
|move|p2a: Spartan-A266|Scald|p1a: Gurl Put in Werk
|-resisted|p1a: Gurl Put in Werk
|-damage|p1a: Gurl Put in Werk|226\/325
|
|-heal|p2a: Spartan-A266|97\/404|[from] item: Leftovers
|turn|15
|
|move|p1a: Gurl Put in Werk|Draco Meteor|p2a: Spartan-A266
|-damage|p2a: Spartan-A266|0 fnt
|-unboost|p1a: Gurl Put in Werk|spa|2
|faint|p2a: Spartan-A266
|
|-sideend|p2: Zenza|move: Tailwind
|
|switch|p2a: Spartan-A259|Entei, shiny|371\/371
|-damage|p2a: Spartan-A259|279\/371|[from] Stealth Rock
|-ability|p2a: Spartan-A259|Pressure
|turn|16
|c|★DeejTest|these names are geay AF
|
|switch|p1a: DuckMOON|Cresselia, F|94\/443
|move|p2a: Spartan-A259|Sacred Fire|p1a: DuckMOON
|-damage|p1a: DuckMOON|0 fnt
|faint|p1a: DuckMOON
|
|
|switch|p1a: Gurl Put in Werk|Hydreigon, M|226\/325
|turn|17
|c|★Zenza|its from an rmt
|c|★Zenza|lol
|
|move|p2a: Spartan-A259|Extreme Speed|p1a: Gurl Put in Werk
|-damage|p1a: Gurl Put in Werk|111\/325
|move|p1a: Gurl Put in Werk|Draco Meteor|p2a: Spartan-A259
|-crit|p2a: Spartan-A259
|-damage|p2a: Spartan-A259|0 fnt
|-unboost|p1a: Gurl Put in Werk|spa|2
|faint|p2a: Spartan-A259
|
|c|★DeejTest|o
|c|★DeejTest|BOp
|c|★Zenza|gay crit
|
|switch|p2a: Spartan-B320|Celebi|341\/341
|-damage|p2a: Spartan-B320|299\/341|[from] Stealth Rock
|turn|18
|c|★DeejTest|assualt vest?
|c|★Zenza|yeet
|c|★DeejTest|wut a narb
|
|switch|p1a: Standard|Crobat, F|345\/345
|move|p2a: Spartan-B320|Psychic|p1a: Standard
|-supereffective|p1a: Standard
|-damage|p1a: Standard|43\/345
|
|-heal|p1a: Standard|64\/345|[from] item: Black Sludge
|-heal|p2a: Spartan-B320|320\/341|[from] item: Leftovers
|turn|19
|c|★DeejTest|wuts dommage?
|c|★Zenza|i'm a fucking god omllllll
|c|★Zenza|new name new player
|c|★Zenza|imo
|
|move|p1a: Standard|U-turn|p2a: Spartan-B320
|-supereffective|p2a: Spartan-B320
|-damage|p2a: Spartan-B320|104\/341
|c|★DeejTest|ugggggggggggggg
|c|★Zenza|?
|
|switch|p1a: Glass Cannon|Aggron-Mega, M|223\/343
|move|p2a: Spartan-B320|Psychic|p1a: Glass Cannon
|-resisted|p1a: Glass Cannon
|-damage|p1a: Glass Cannon|146\/343
|
|-heal|p2a: Spartan-B320|125\/341|[from] item: Leftovers
|turn|20
|c|★Zenza|dammage?
|c|★DeejTest|that did absolutely nothing
|
|move|p2a: Spartan-B320|Recover|p2a: Spartan-B320
|-heal|p2a: Spartan-B320|296\/341
|move|p1a: Glass Cannon|Heavy Slam|p2a: Spartan-B320
|-damage|p2a: Spartan-B320|92\/341
|
|-heal|p2a: Spartan-B320|113\/341|[from] item: Leftovers
|turn|21
|c|★Zenza|oml
|c|★DeejTest|die bitch
|c| SilverReaper21|DIE
|c| SilverReaper21|DIE DIE DIE DIE DIE
|
|move|p2a: Spartan-B320|Recover|p2a: Spartan-B320
|-heal|p2a: Spartan-B320|284\/341
|move|p1a: Glass Cannon|Heavy Slam|p2a: Spartan-B320
|-damage|p2a: Spartan-B320|64\/341
|
|-heal|p2a: Spartan-B320|85\/341|[from] item: Leftovers
|turn|22
|
|move|p2a: Spartan-B320|Psychic|p1a: Glass Cannon
|-resisted|p1a: Glass Cannon
|-damage|p1a: Glass Cannon|68\/343
|move|p1a: Glass Cannon|Heavy Slam|p2a: Spartan-B320
|-damage|p2a: Spartan-B320|0 fnt
|faint|p2a: Spartan-B320
|
|
|switch|p2a: Spartan-A239|Porygon-Z|312\/312
|-damage|p2a: Spartan-A239|273\/312|[from] Stealth Rock
|turn|23
|c|★Zenza|gr u win
|c|★Zenza|grrrrrrr
|
|move|p2a: Spartan-A239|Tri Attack|p1a: Glass Cannon
|-resisted|p1a: Glass Cannon
|-damage|p1a: Glass Cannon|0 fnt
|faint|p1a: Glass Cannon
|
|c| SilverReaper21|Even with the hax
|
|switch|p1a: Boppity|Lucario, F|281\/281
|turn|24
|c|★DeejTest|#newb
|c| SilverReaper21|Muahahaha
|raw|<div class="broadcast-red"><b>Moderated chat was set to +!<\/b><br \/>Only users of rank + and higher can talk.<\/div>
|c|★Zenza|bitch did i ask u to speak
|
|move|p2a: Spartan-A239|Tri Attack|p1a: Boppity
|-resisted|p1a: Boppity
|-damage|p1a: Boppity|94\/281
|move|p1a: Boppity|Swords Dance|p1a: Boppity
|-boost|p1a: Boppity|atk|2
|
|turn|25
|c|★DeejTest|time 2 dieH
|c|★Zenza|no freeze ugh
|c|★Zenza|ha
|
|move|p1a: Boppity|Extreme Speed|p2a: Spartan-A239
|-damage|p2a: Spartan-A239|0 fnt
|-damage|p1a: Boppity|66\/281|[from] item: Life Orb
|faint|p2a: Spartan-A239
|
|c|★Zenza|hax
|c|★Zenza|haaaax
|
|switch|p2a: Spartan-A052|Haxorus, M, shiny|293\/293
|-damage|p2a: Spartan-A052|257\/293|[from] Stealth Rock
|-ability|p2a: Spartan-A052|Mold Breaker
|turn|26
|c|★DeejTest|!dt haxorus
|c|~|\/data-pokemon Haxorus
|raw|<font size="1"><font color=#585858>Dex#:<\/font> 612&nbsp;|&ThickSpace;<font color=#585858>Height:<\/font> 1.8 m&nbsp;|&ThickSpace;<font color=#585858>Weight:<\/font> 105.5 kg <em>(100 BP)<\/em>&nbsp;|&ThickSpace;<font color=#585858>Dex Colour:<\/font> Yellow&nbsp;|&ThickSpace;<font color=#585858>Egg Group(s):<\/font> Monster, Dragon&nbsp;|&ThickSpace;<font color=#585858><font color=#585858>Does Not Evolve<\/font><\/font><\/font>
|c|★DeejTest|Has-ORUS
|
|move|p1a: Boppity|Extreme Speed|p2a: Spartan-A052
|-damage|p2a: Spartan-A052|0 fnt
|-damage|p1a: Boppity|38\/281|[from] item: Life Orb
|faint|p2a: Spartan-A052
|
|win|DeejTest
|c|★Zenza|oml power
|c|★DeejTest|gg newb
|c|★Zenza|gggggg