|join|CidZero~Flo
|join|NYchillen
|player|p1|CidZero~Flo|109
|player|p2|NYchillen|135
|gametype|singles
|gen|6
|tier|OU
|clearpoke
|poke|p1|Breloom, M
|poke|p1|Zapdos, shiny
|poke|p1|Azumarill, M
|poke|p1|Gardevoir, F
|poke|p1|Heatran, F
|poke|p1|Staraptor, M
|poke|p2|Mesprit, shiny
|poke|p2|Kangaskhan, F
|poke|p2|Rotom
|poke|p2|Magmortar, F, shiny
|poke|p2|Qwilfish, F
|poke|p2|Klinklang, shiny
|rule|Swagger Clause: Swagger is banned
|rule|Baton Pass Clause: Limit one Pokémon knowing Baton Pass
|rule|Sleep Clause Mod: Limit one foe put to sleep
|rule|Species Clause: Limit one of each Pokémon
|rule|OHKO Clause: OHKO moves are banned
|rule|Moody Clause: Moody is banned
|rule|Evasion Moves Clause: Evasion moves are banned
|rule|Endless Battle Clause: Forcing endless battles is banned
|rule|HP Percentage Mod: HP is shown in percentages
|teampreview
|c|★CidZero~Flo|hey :D
|c|★NYchillen|sup flo
|c|★CidZero~Flo|glhf :3
|c|★CidZero~Flo|watching soccer in some minutes ^^
|c|★NYchillen|ok
|c|★NYchillen|same to you
|c|★CidZero~Flo|thanks ^^
|
|start
|switch|p1a: Breloom|Breloom, M|261\/261
|switch|p2a: Rotom|Rotom|241\/241
|turn|1
|
|move|p2a: Rotom|Volt Switch|p1a: Breloom
|-resisted|p1a: Breloom
|-damage|p1a: Breloom|148\/261
|
|switch|p2a: Magmortar|Magmortar, F, shiny|291\/291
|move|p1a: Breloom|Spore|p2a: Magmortar
|-fail|p2a: Magmortar
|
|turn|2
|
|switch|p1a: Azumarill|Azumarill, M|404\/404
|move|p2a: Magmortar|Focus Blast|p1a: Azumarill
|-resisted|p1a: Azumarill
|-damage|p1a: Azumarill|311\/404
|
|turn|3
|
|switch|p2a: Qwilfish|Qwilfish, F|271\/271
|-ability|p2a: Qwilfish|Intimidate|[of] p1a: Azumarill
|-unboost|p1a: Azumarill|atk|1
|move|p1a: Azumarill|Superpower|p2a: Qwilfish
|-resisted|p2a: Qwilfish
|-damage|p2a: Qwilfish|165\/271
|-unboost|p1a: Azumarill|atk|1
|-unboost|p1a: Azumarill|def|1
|
|turn|4
|
|switch|p1a: Zapdos|Zapdos, shiny|383\/383
|-ability|p1a: Zapdos|Pressure
|move|p2a: Qwilfish|Spikes|p1a: Zapdos
|-sidestart|p1: CidZero~Flo|Spikes
|
|turn|5
|
|switch|p2a: Rotom|Rotom|241\/241
|move|p1a: Zapdos|Discharge|p2a: Rotom
|-resisted|p2a: Rotom
|-damage|p2a: Rotom|173\/241
|
|turn|6
|
|switch|p1a: Heatran|Heatran, F|386\/386
|-damage|p1a: Heatran|338\/386|[from] Spikes
|move|p2a: Rotom|Volt Switch|p1a: Heatran
|-crit|p1a: Heatran
|-damage|p1a: Heatran|167\/386
|
|switch|p2a: Kangaskhan|Kangaskhan, F|351\/351
|
|-heal|p1a: Heatran|191\/386|[from] item: Leftovers
|turn|7
|
|switch|p1a: Zapdos|Zapdos, shiny|383\/383
|-ability|p1a: Zapdos|Pressure
|move|p2a: Kangaskhan|Fake Out|p1a: Zapdos
|-damage|p1a: Zapdos|326\/383
|
|-heal|p1a: Zapdos|349\/383|[from] item: Leftovers
|turn|8
|
|move|p2a: Kangaskhan|Double-Edge|p1a: Zapdos
|-damage|p1a: Zapdos|187\/383
|-damage|p2a: Kangaskhan|298\/351|[from] recoil|[of] p1a: Zapdos
|move|p1a: Zapdos|Heat Wave|p2a: Kangaskhan
|-damage|p2a: Kangaskhan|187\/351
|
|-heal|p1a: Zapdos|210\/383|[from] item: Leftovers
|turn|9
|
|switch|p2a: Rotom|Rotom|173\/241
|move|p1a: Zapdos|Roost|p1a: Zapdos
|-heal|p1a: Zapdos|383\/383
|
|turn|10
|
|switch|p1a: Heatran|Heatran, F|191\/386
|-damage|p1a: Heatran|143\/386|[from] Spikes
|move|p2a: Rotom|Thunderbolt|p1a: Heatran
|-damage|p1a: Heatran|10\/386
|-status|p1a: Heatran|par
|
|-heal|p1a: Heatran|34\/386 par|[from] item: Leftovers
|turn|11
|
|move|p2a: Rotom|Thunderbolt|p1a: Heatran
|-damage|p1a: Heatran|0 fnt
|faint|p1a: Heatran
|
|
|switch|p1a: Breloom|Breloom, M|148\/261
|-damage|p1a: Breloom|116\/261|[from] Spikes
|turn|12
|
|move|p2a: Rotom|Thunderbolt|p1a: Breloom
|-resisted|p1a: Breloom
|-damage|p1a: Breloom|0 fnt
|faint|p1a: Breloom
|
|
|switch|p1a: Zapdos|Zapdos, shiny|383\/383
|-ability|p1a: Zapdos|Pressure
|turn|13
|c|★CidZero~Flo|dang..
|
|switch|p2a: Mesprit|Mesprit, shiny|301\/301
|move|p1a: Zapdos|Heat Wave|p2a: Mesprit
|-damage|p2a: Mesprit|210\/301
|
|-heal|p2a: Mesprit|228\/301|[from] item: Leftovers
|turn|14
|c|★NYchillen|?
|c|★CidZero~Flo|mispredict\/didnt thought it would ko
|
|move|p2a: Mesprit|Stealth Rock|p1a: Zapdos
|-sidestart|p1: CidZero~Flo|move: Stealth Rock
|move|p1a: Zapdos|Discharge|p2a: Mesprit
|-damage|p2a: Mesprit|117\/301
|
|-heal|p2a: Mesprit|135\/301|[from] item: Leftovers
|turn|15
|c|★NYchillen|yea rotom is strong lol
|c|★NYchillen|breloom is pretty frail as well
|
|move|p2a: Mesprit|Ice Beam|p1a: Zapdos
|-supereffective|p1a: Zapdos
|-damage|p1a: Zapdos|169\/383
|move|p1a: Zapdos|Defog|p2a: Mesprit
|-unboost|p2a: Mesprit|evasion|1
|-sideend|p1: CidZero~Flo|Spikes|[from] move: Defog|[of] p1a: Zapdos
|-sideend|p1: CidZero~Flo|Stealth Rock|[from] move: Defog|[of] p1a: Zapdos
|
|-heal|p2a: Mesprit|153\/301|[from] item: Leftovers
|-heal|p1a: Zapdos|192\/383|[from] item: Leftovers
|turn|16
|c|★CidZero~Flo|true, but i still thought because it was not very effective... well, doesnt matter now.. :3
|
|switch|p1a: Gardevoir|Gardevoir, F|278\/278
|move|p2a: Mesprit|Ice Beam|p1a: Gardevoir
|-damage|p1a: Gardevoir|200\/278
|
|-heal|p2a: Mesprit|171\/301|[from] item: Leftovers
|turn|17
|
|detailschange|p1a: Gardevoir|Gardevoir-Mega, F
|message|Gardevoir has Mega Evolved into Mega Gardevoir!
|move|p1a: Gardevoir|Hyper Voice|p2a: Mesprit
|-damage|p2a: Mesprit|0 fnt
|faint|p2a: Mesprit
|
|
|switch|p2a: Kangaskhan|Kangaskhan, F|187\/351
|turn|18
|
|move|p2a: Kangaskhan|Fake Out|p1a: Gardevoir
|-damage|p1a: Gardevoir|101\/278
|cant|p1a: Gardevoir|flinch
|
|turn|19
|
|switch|p1a: Azumarill|Azumarill, M|311\/404
|move|p2a: Kangaskhan|Sucker Punch|p1a: Azumarill
|-fail|p1a: Azumarill
|
|turn|20
|
|switch|p2a: Qwilfish|Qwilfish, F|165\/271
|-ability|p2a: Qwilfish|Intimidate|[of] p1a: Azumarill
|-unboost|p1a: Azumarill|atk|1
|move|p1a: Azumarill|Waterfall|p2a: Qwilfish
|-resisted|p2a: Qwilfish
|-damage|p2a: Qwilfish|51\/271
|
|turn|21
|
|switch|p1a: Zapdos|Zapdos, shiny|192\/383
|-ability|p1a: Zapdos|Pressure
|move|p2a: Qwilfish|Spikes|p1a: Zapdos
|-sidestart|p1: CidZero~Flo|Spikes
|
|-heal|p1a: Zapdos|215\/383|[from] item: Leftovers
|turn|22
|
|move|p2a: Qwilfish|Taunt|p1a: Zapdos
|-start|p1a: Zapdos|move: Taunt
|move|p1a: Zapdos|Discharge|p2a: Qwilfish
|-supereffective|p2a: Qwilfish
|-damage|p2a: Qwilfish|0 fnt
|faint|p2a: Qwilfish
|
|-heal|p1a: Zapdos|238\/383|[from] item: Leftovers
|
|switch|p2a: Rotom|Rotom|173\/241
|turn|23
|
|move|p2a: Rotom|Thunderbolt|p1a: Zapdos
|-damage|p1a: Zapdos|37\/383
|move|p1a: Zapdos|Heat Wave|p2a: Rotom
|-damage|p2a: Rotom|62\/241
|
|-heal|p1a: Zapdos|60\/383|[from] item: Leftovers
|turn|24
|
|move|p2a: Rotom|Thunderbolt|p1a: Zapdos
|-damage|p1a: Zapdos|0 fnt
|faint|p1a: Zapdos
|
|
|switch|p1a: Gardevoir|Gardevoir-Mega, F|101\/278
|-damage|p1a: Gardevoir|67\/278|[from] Spikes
|turn|25
|
|move|p1a: Gardevoir|Hyper Voice|p2a: Rotom
|-damage|p2a: Rotom|0 fnt
|faint|p2a: Rotom
|
|
|switch|p2a: Kangaskhan|Kangaskhan, F|187\/351
|turn|26
|
|move|p2a: Kangaskhan|Fake Out|p1a: Gardevoir
|-damage|p1a: Gardevoir|0 fnt
|faint|p1a: Gardevoir
|
|
|switch|p1a: Staraptor|Staraptor, M|312\/312
|turn|27
|
|switch|p2a: Magmortar|Magmortar, F, shiny|291\/291
|move|p1a: Staraptor|Close Combat|p2a: Magmortar
|-crit|p2a: Magmortar
|-damage|p2a: Magmortar|27\/291
|-unboost|p1a: Staraptor|def|1
|-unboost|p1a: Staraptor|spd|1
|
|turn|28
|
|move|p1a: Staraptor|Close Combat|p2a: Magmortar
|-damage|p2a: Magmortar|0 fnt
|-unboost|p1a: Staraptor|def|1
|-unboost|p1a: Staraptor|spd|1
|faint|p2a: Magmortar
|
|
|switch|p2a: Kangaskhan|Kangaskhan, F|187\/351
|turn|29
|c|★CidZero~Flo|did that crit matter? not too sure though...
|c|★NYchillen|nah
|c|★NYchillen|not at all
|c|★CidZero~Flo|okay good
|
|switch|p1a: Azumarill|Azumarill, M|311\/404
|-damage|p1a: Azumarill|261\/404|[from] Spikes
|move|p2a: Kangaskhan|Fake Out|p1a: Azumarill
|-damage|p1a: Azumarill|177\/404
|
|turn|30
|
|move|p2a: Kangaskhan|Double-Edge|p1a: Azumarill
|-damage|p1a: Azumarill|0 fnt
|-damage|p2a: Kangaskhan|129\/351|[from] recoil|[of] p1a: Azumarill
|faint|p1a: Azumarill
|
|
|switch|p1a: Staraptor|Staraptor, M|312\/312
|turn|31
|
|switch|p2a: Klinklang|Klinklang, shiny|286\/286
|move|p1a: Staraptor|Close Combat|p2a: Klinklang
|-supereffective|p2a: Klinklang
|-damage|p2a: Klinklang|40\/286
|-unboost|p1a: Staraptor|def|1
|-unboost|p1a: Staraptor|spd|1
|
|-heal|p2a: Klinklang|57\/286|[from] item: Leftovers
|turn|32
|
|move|p1a: Staraptor|Close Combat|p2a: Klinklang
|-supereffective|p2a: Klinklang
|-damage|p2a: Klinklang|0 fnt
|-unboost|p1a: Staraptor|def|1
|-unboost|p1a: Staraptor|spd|1
|faint|p2a: Klinklang
|
|
|switch|p2a: Kangaskhan|Kangaskhan, F|129\/351
|turn|33
|c|★CidZero~Flo|gg :)
|c|★CidZero~Flo|fake out and sucker are more than enough
|
|move|p2a: Kangaskhan|Fake Out|p1a: Staraptor
|-damage|p1a: Staraptor|122\/312
|cant|p1a: Staraptor|flinch
|
|turn|34
|c|★NYchillen|yea
|c|★NYchillen|gg man
|
|move|p2a: Kangaskhan|Sucker Punch|p1a: Staraptor
|-damage|p1a: Staraptor|0 fnt
|faint|p1a: Staraptor
|
|win|NYchillen
|c|★NYchillen|came down to the last mon
|c|★CidZero~Flo|yup, really great battle ^^