|join|Hasshole
|join|NYChillen
|player|p1|Hasshole|99
|player|p2|NYChillen|135
|gametype|singles
|gen|6
|tier|OU
|clearpoke
|poke|p1|Manectric, F
|poke|p1|Mamoswine, F
|poke|p1|Gliscor, F
|poke|p1|Gallade, M
|poke|p1|Heatran, M
|poke|p1|Suicune
|poke|p2|Dragonite, F, shiny
|poke|p2|Landorus, M
|poke|p2|Greninja, M
|poke|p2|Medicham, F
|poke|p2|Bisharp, M
|poke|p2|Terrakion
|rule|Swagger Clause: Swagger is banned
|rule|Baton Pass Clause: Limit one Pokémon knowing Baton Pass
|rule|Sleep Clause Mod: Limit one foe put to sleep
|rule|Species Clause: Limit one of each Pokémon
|rule|OHKO Clause: OHKO moves are banned
|rule|Moody Clause: Moody is banned
|rule|Evasion Moves Clause: Evasion moves are banned
|rule|Endless Battle Clause: Forcing endless battles is banned
|rule|HP Percentage Mod: HP is shown in percentages
|teampreview
|c|★NYChillen|suicune
|
|start
|switch|p1a: Manectric|Manectric, F|281\/281
|switch|p2a: Terrakion|Terrakion|324\/324
|turn|1
|
|detailschange|p1a: Manectric|Manectric-Mega, F
|message|Manectric has Mega Evolved into Mega Manectric!
|-ability|p1a: Manectric|Intimidate|[of] p2a: Terrakion
|-unboost|p2a: Terrakion|atk|1
|move|p2a: Terrakion|Stealth Rock|p1a: Manectric
|-sidestart|p1: Hasshole|move: Stealth Rock
|move|p1a: Manectric|Volt Switch|p2a: Terrakion
|-damage|p2a: Terrakion|188\/324
|
|switch|p1a: Gallade|Gallade, M|340\/340
|-damage|p1a: Gallade|319\/340|[from] Stealth Rock
|
|turn|2
|
|switch|p2a: Dragonite|Dragonite, F, shiny|323\/323
|move|p1a: Gallade|Drain Punch|p2a: Dragonite
|-crit|p2a: Dragonite
|-resisted|p2a: Dragonite
|-damage|p2a: Dragonite|268\/323
|-heal|p1a: Gallade|340\/340|[from] drain|[of] p2a: Dragonite
|
|turn|3
|join|cliffdsixx
|
|move|p2a: Dragonite|Outrage|p1a: Gallade
|-damage|p1a: Gallade|0 fnt
|faint|p1a: Gallade
|
|
|switch|p1a: Gliscor|Gliscor, F|353\/353
|-damage|p1a: Gliscor|309\/353|[from] Stealth Rock
|turn|4
|
|move|p2a: Dragonite|Outrage|p1a: Gliscor
|-damage|p1a: Gliscor|81\/353
|move|p1a: Gliscor|Knock Off|p2a: Dragonite
|-damage|p2a: Dragonite|186\/323
|-enditem|p2a: Dragonite|Choice Band|[from] move: Knock Off|[of] p1a: Gliscor
|
|-end|p2a: Dragonite|rampage
|-start|p2a: Dragonite|confusion
|-status|p1a: Gliscor|tox|[from] item: Toxic Orb
|turn|5
|c|★NYChillen|wow
|
|switch|p2a: Greninja|Greninja, M|285\/285
|move|p1a: Gliscor|Protect|p1a: Gliscor
|-fail|p1a: Gliscor
|
|-heal|p1a: Gliscor|125\/353 tox|[from] ability: Poison Heal
|turn|6
|
|move|p2a: Greninja|Ice Beam|p1a: Gliscor
|-start|p2a: Greninja|typechange|Ice|[from] Protean
|-supereffective|p1a: Gliscor
|-damage|p1a: Gliscor|0 fnt
|-damage|p2a: Greninja|257\/285|[from] item: Life Orb
|faint|p1a: Gliscor
|
|
|switch|p1a: Manectric|Manectric-Mega, F|281\/281
|-damage|p1a: Manectric|246\/281|[from] Stealth Rock
|-ability|p1a: Manectric|Intimidate|[of] p2a: Greninja
|-unboost|p2a: Greninja|atk|1
|turn|7
|
|switch|p2a: Terrakion|Terrakion|188\/324
|move|p1a: Manectric|Overheat|p2a: Terrakion
|-resisted|p2a: Terrakion
|-damage|p2a: Terrakion|97\/324
|-unboost|p1a: Manectric|spa|2
|
|turn|8
|
|move|p1a: Manectric|Volt Switch|p2a: Terrakion
|-damage|p2a: Terrakion|27\/324
|
|switch|p1a: Heatran|Heatran, M|386\/386
|-damage|p1a: Heatran|338\/386|[from] Stealth Rock
|-item|p1a: Heatran|Air Balloon
|move|p2a: Terrakion|Close Combat|p1a: Heatran
|-supereffective|p1a: Heatran
|-damage|p1a: Heatran|0 fnt
|-enditem|p1a: Heatran|Air Balloon
|-unboost|p2a: Terrakion|def|1
|-unboost|p2a: Terrakion|spd|1
|faint|p1a: Heatran
|
|c|★NYChillen|smart sac
|
|switch|p1a: Mamoswine|Mamoswine, F|361\/361
|-damage|p1a: Mamoswine|316\/361|[from] Stealth Rock
|turn|9
|
|move|p1a: Mamoswine|Ice Shard|p2a: Terrakion
|-damage|p2a: Terrakion|0 fnt
|faint|p2a: Terrakion
|
|
|switch|p2a: Medicham|Medicham, F|262\/262
|turn|10
|
|switch|p1a: Suicune|Suicune|404\/404
|-damage|p1a: Suicune|354\/404|[from] Stealth Rock
|-ability|p1a: Suicune|Pressure
|detailschange|p2a: Medicham|Medicham-Mega, F
|message|Medicham has Mega Evolved into Mega Medicham!
|move|p2a: Medicham|Fake Out|p1a: Suicune
|-damage|p1a: Suicune|301\/404
|
|-heal|p1a: Suicune|326\/404|[from] item: Leftovers
|turn|11
|
|move|p2a: Medicham|High Jump Kick|p1a: Suicune|[miss]
|-miss|p2a: Medicham|p1a: Suicune
|-damage|p2a: Medicham|131\/262|[from] highjumpkick
|move|p1a: Suicune|Scald|p2a: Medicham
|-damage|p2a: Medicham|40\/262
|-status|p2a: Medicham|brn
|
|-heal|p1a: Suicune|351\/404|[from] item: Leftovers
|-damage|p2a: Medicham|8\/262 brn|[from] brn
|turn|12
|c| cliffdsixx|josh btw he ain't bein rude he just can't talk in the chat from his phone
|c|★NYChillen|i kno
|leave|Hasshole
|player|p1
|c| cliffdsixx|and he crashed
|join|Hasshole
|c|★NYChillen|ima wait
|c| cliffdsixx|dammit has
|player|p1|Hasshole|99
|
|move|p2a: Medicham|High Jump Kick|p1a: Suicune
|-damage|p1a: Suicune|224\/404
|move|p1a: Suicune|Rest|p1a: Suicune
|-status|p1a: Suicune|slp
|-heal|p1a: Suicune|404\/404 slp|[silent]
|-status|p1a: Suicune|slp|[from] move: Rest
|
|-damage|p2a: Medicham|0 fnt|[from] brn
|faint|p2a: Medicham
|
|switch|p2a: Landorus|Landorus, M|319\/319
|turn|13
|
|move|p2a: Landorus|Earth Power|p1a: Suicune
|-damage|p1a: Suicune|178\/404 slp
|cant|p1a: Suicune|slp
|move|p1a: Suicune|Sleep Talk|p1a: Suicune
|move|p1a: Suicune|Rest|p1a: Suicune|[from]Sleep Talk
|-fail|p1a: Suicune
|
|-heal|p1a: Suicune|203\/404 slp|[from] item: Leftovers
|turn|14
|
|move|p2a: Landorus|Earth Power|p1a: Suicune
|-damage|p1a: Suicune|0 fnt
|faint|p1a: Suicune
|
|
|switch|p1a: Manectric|Manectric-Mega, F|246\/281
|-damage|p1a: Manectric|211\/281|[from] Stealth Rock
|-ability|p1a: Manectric|Intimidate|[of] p2a: Landorus
|-unboost|p2a: Landorus|atk|1
|turn|15
|
|move|p1a: Manectric|Hidden Power|p2a: Landorus
|-supereffective|p2a: Landorus
|-damage|p2a: Landorus|0 fnt
|faint|p2a: Landorus
|
|
|switch|p2a: Dragonite|Dragonite, F, shiny|186\/323
|turn|16
|
|move|p2a: Dragonite|Extreme Speed|p1a: Manectric
|-damage|p1a: Manectric|84\/281
|move|p1a: Manectric|Hidden Power|p2a: Dragonite
|-supereffective|p2a: Dragonite
|-damage|p2a: Dragonite|0 fnt
|faint|p2a: Dragonite
|
|
|switch|p2a: Bisharp|Bisharp, M|271\/271
|turn|17
|c| cliffdsixx|never thought i'd see the day
|c|★NYChillen|?
|
|switch|p1a: Mamoswine|Mamoswine, F|316\/361
|-damage|p1a: Mamoswine|271\/361|[from] Stealth Rock
|move|p2a: Bisharp|Sucker Punch|p1a: Mamoswine
|-fail|p1a: Mamoswine
|
|turn|18
|c| cliffdsixx|that has gave josh a run for it
|c| cliffdsixx|yet it is this day
|c|★NYChillen|cliff it;s pokemon
|c|★NYChillen|that can happen to anyone on any given day
|c| cliffdsixx|that it is
|
|switch|p2a: Greninja|Greninja, M|257\/285
|move|p1a: Mamoswine|Superpower|p2a: Greninja
|-supereffective|p2a: Greninja
|-damage|p2a: Greninja|0 fnt
|-unboost|p1a: Mamoswine|atk|1
|-unboost|p1a: Mamoswine|def|1
|faint|p2a: Greninja
|
|
|switch|p2a: Bisharp|Bisharp, M|271\/271
|turn|19
|c| cliffdsixx|its like football, and the cowboys beating the seahawks by mere chance :P haha jk
|c|★NYChillen|lmao
|c|★NYChillen|that's mean
|
|switch|p1a: Manectric|Manectric-Mega, F|84\/281
|-damage|p1a: Manectric|49\/281|[from] Stealth Rock
|-ability|p1a: Manectric|Intimidate|[of] p2a: Bisharp
|-unboost|p2a: Bisharp|atk|1
|-boost|p2a: Bisharp|atk|2|[from] ability: Defiant
|move|p2a: Bisharp|Sucker Punch|p1a: Manectric
|-fail|p1a: Manectric
|
|turn|20
|c| cliffdsixx|naah yall earned that one that was no fluke
|c| cliffdsixx|....has.
|c| cliffdsixx|i swear to fuck if u just lost this xD
|
|move|p2a: Bisharp|Sucker Punch|p1a: Manectric
|-damage|p1a: Manectric|0 fnt
|faint|p1a: Manectric
|
|
|switch|p1a: Mamoswine|Mamoswine, F|271\/361
|-damage|p1a: Mamoswine|226\/361|[from] Stealth Rock
|turn|21
|
|move|p2a: Bisharp|Sucker Punch|p1a: Mamoswine
|-damage|p1a: Mamoswine|0 fnt
|faint|p1a: Mamoswine
|
|win|NYChillen
|c|★NYChillen|gghas