|join|NYChillen
|join|RSMessiii
|player|p1|NYChillen|135
|player|p2|RSMessiii|2
|gametype|singles
|gen|6
|tier|OU
|clearpoke
|poke|p1|Azumarill, M, shiny
|poke|p1|Talonflame, M
|poke|p1|Rotom-Wash, shiny
|poke|p1|Latias, F
|poke|p1|Bisharp, M
|poke|p1|Garchomp, F
|poke|p2|Sylveon, F
|poke|p2|Bisharp, M
|poke|p2|Landorus-Therian, M
|poke|p2|Manaphy
|poke|p2|Medicham, F
|poke|p2|Excadrill, F
|rule|Swagger Clause: Swagger is banned
|rule|Baton Pass Clause: Limit one Pokémon knowing Baton Pass
|rule|Sleep Clause Mod: Limit one foe put to sleep
|rule|Species Clause: Limit one of each Pokémon
|rule|OHKO Clause: OHKO moves are banned
|rule|Moody Clause: Moody is banned
|rule|Evasion Moves Clause: Evasion moves are banned
|rule|Endless Battle Clause: Forcing endless battles is banned
|rule|HP Percentage Mod: HP is shown in percentages
|teampreview
|c|★RSMessiii|gl hf
|c|★RSMessiii|this looks scary af
|c|★NYChillen|hf
|c|★NYChillen|i wish you no luck tbh
|join|MwM Deadpool
|c|★RSMessiii|xD
|c| MwM Deadpool|IGHT GL GUYS
|c| MwM Deadpool|oops caps
|c|★RSMessiii|thanks
|c|★NYChillen|lol
|
|start
|switch|p1a: Rotom-Wash|Rotom-Wash, shiny|241\/241
|switch|p2a: Landorus-Therian|Landorus-Therian, M|381\/381
|-ability|p2a: Landorus-Therian|Intimidate|[of] p1a: Rotom-Wash
|-unboost|p1a: Rotom-Wash|atk|1
|turn|1
|
|switch|p2a: Sylveon|Sylveon, F|393\/393
|move|p1a: Rotom-Wash|Hydro Pump|p2a: Sylveon
|-damage|p2a: Sylveon|197\/393
|
|-heal|p2a: Sylveon|221\/393|[from] item: Leftovers
|turn|2
|
|switch|p1a: Azumarill|Azumarill, M, shiny|345\/345
|move|p2a: Sylveon|Hyper Voice|p1a: Azumarill
|-damage|p1a: Azumarill|242\/345
|
|-heal|p2a: Sylveon|245\/393|[from] item: Leftovers
|turn|3
|
|move|p2a: Sylveon|Protect|p2a: Sylveon
|-singleturn|p2a: Sylveon|Protect
|move|p1a: Azumarill|Knock Off|p2a: Sylveon
|-activate|p2a: Sylveon|Protect
|
|-heal|p2a: Sylveon|269\/393|[from] item: Leftovers
|turn|4
|
|switch|p2a: Landorus-Therian|Landorus-Therian, M|381\/381
|-ability|p2a: Landorus-Therian|Intimidate|[of] p1a: Azumarill
|-unboost|p1a: Azumarill|atk|1
|move|p1a: Azumarill|Play Rough|p2a: Landorus-Therian
|-damage|p2a: Landorus-Therian|272\/381
|-unboost|p2a: Landorus-Therian|atk|1
|
|-heal|p2a: Landorus-Therian|295\/381|[from] item: Leftovers
|turn|5
|
|switch|p2a: Manaphy|Manaphy|353\/353
|move|p1a: Azumarill|Waterfall|p2a: Manaphy
|-resisted|p2a: Manaphy
|-damage|p2a: Manaphy|291\/353
|
|-heal|p2a: Manaphy|313\/353|[from] item: Leftovers
|turn|6
|
|move|p2a: Manaphy|Scald|p1a: Azumarill
|-resisted|p1a: Azumarill
|-damage|p1a: Azumarill|200\/345
|move|p1a: Azumarill|Knock Off|p2a: Manaphy
|-crit|p2a: Manaphy
|-damage|p2a: Manaphy|101\/353
|-enditem|p2a: Manaphy|Leftovers|[from] move: Knock Off|[of] p1a: Azumarill
|
|turn|7
|
|switch|p2a: Landorus-Therian|Landorus-Therian, M|295\/381
|-ability|p2a: Landorus-Therian|Intimidate|[of] p1a: Azumarill
|-unboost|p1a: Azumarill|atk|1
|move|p1a: Azumarill|Play Rough|p2a: Landorus-Therian
|-damage|p2a: Landorus-Therian|220\/381
|
|-heal|p2a: Landorus-Therian|243\/381|[from] item: Leftovers
|turn|8
|
|switch|p1a: Latias|Latias, F|319\/319
|move|p2a: Landorus-Therian|Stealth Rock|p1a: Latias
|-sidestart|p1: NYChillen|move: Stealth Rock
|
|-heal|p2a: Landorus-Therian|266\/381|[from] item: Leftovers
|turn|9
|
|switch|p2a: Bisharp|Bisharp, M|329\/329
|move|p1a: Latias|Hidden Power|p2a: Bisharp
|-supereffective|p2a: Bisharp
|-damage|p2a: Bisharp|0 fnt
|-damage|p1a: Latias|288\/319|[from] item: Life Orb
|faint|p2a: Bisharp
|
|
|switch|p2a: Sylveon|Sylveon, F|269\/393
|turn|10
|c| MwM Deadpool|ooooh
|
|move|p1a: Latias|Defog|p2a: Sylveon
|-unboost|p2a: Sylveon|evasion|1
|-sideend|p1: NYChillen|Stealth Rock|[from] move: Defog|[of] p1a: Latias
|move|p2a: Sylveon|Hyper Voice|p1a: Latias
|-supereffective|p1a: Latias
|-damage|p1a: Latias|58\/319
|
|-heal|p2a: Sylveon|293\/393|[from] item: Leftovers
|turn|11
|
|switch|p1a: Azumarill|Azumarill, M, shiny|200\/345
|move|p2a: Sylveon|Wish|p2a: Sylveon
|
|-heal|p2a: Sylveon|317\/393|[from] item: Leftovers
|turn|12
|join|Celestial Smiting
|
|move|p2a: Sylveon|Hyper Voice|p1a: Azumarill
|-damage|p1a: Azumarill|98\/345
|move|p1a: Azumarill|Play Rough|p2a: Sylveon
|-damage|p2a: Sylveon|101\/393
|
|-heal|p2a: Sylveon|297\/393|[from] move: Wish|[wisher] Sylveon
|-heal|p2a: Sylveon|321\/393|[from] item: Leftovers
|turn|13
|
|move|p2a: Sylveon|Hyper Voice|p1a: Azumarill
|-damage|p1a: Azumarill|0 fnt
|faint|p1a: Azumarill
|
|-heal|p2a: Sylveon|345\/393|[from] item: Leftovers
|
|switch|p1a: Bisharp|Bisharp, M|271\/271
|turn|14
|
|switch|p2a: Manaphy|Manaphy|101\/353
|move|p1a: Bisharp|Swords Dance|p1a: Bisharp
|-boost|p1a: Bisharp|atk|2
|
|turn|15
|c|★RSMessiii|could be it :D
|
|move|p1a: Bisharp|Sucker Punch|p2a: Manaphy
|-fail|p2a: Manaphy
|move|p2a: Manaphy|Rain Dance|p2a: Manaphy
|-weather|RainDance
|
|-weather|RainDance|[upkeep]
|turn|16
|
|switch|p1a: Rotom-Wash|Rotom-Wash, shiny|241\/241
|move|p2a: Manaphy|Tail Glow|p2a: Manaphy
|-boost|p2a: Manaphy|spa|3
|
|-weather|RainDance|[upkeep]
|turn|17
|
|move|p2a: Manaphy|Psychic|p1a: Rotom-Wash
|-damage|p1a: Rotom-Wash|25\/241
|move|p1a: Rotom-Wash|Hydro Pump|p2a: Manaphy
|-resisted|p2a: Manaphy
|-damage|p2a: Manaphy|0 fnt
|faint|p2a: Manaphy
|
|-weather|RainDance|[upkeep]
|
|switch|p2a: Medicham|Medicham, F|261\/261
|turn|18
|
|detailschange|p2a: Medicham|Medicham-Mega, F
|message|Medicham has Mega Evolved into Mega Medicham!
|move|p2a: Medicham|Fake Out|p1a: Rotom-Wash
|-damage|p1a: Rotom-Wash|0 fnt
|faint|p1a: Rotom-Wash
|
|-weather|RainDance|[upkeep]
|
|switch|p1a: Talonflame|Talonflame, M|297\/297
|turn|19
|
|switch|p2a: Landorus-Therian|Landorus-Therian, M|266\/381
|-ability|p2a: Landorus-Therian|Intimidate|[of] p1a: Talonflame
|-unboost|p1a: Talonflame|atk|1
|move|p1a: Talonflame|U-turn|p2a: Landorus-Therian
|-resisted|p2a: Landorus-Therian
|-damage|p2a: Landorus-Therian|241\/381
|c| Celestial Smiting|i thought you'd rest
|
|switch|p1a: Latias|Latias, F|58\/319
|
|-weather|none
|-heal|p2a: Landorus-Therian|264\/381|[from] item: Leftovers
|turn|20
|c|★RSMessiii|it doesnt have rest xD its a different variant
|
|switch|p1a: Bisharp|Bisharp, M|271\/271
|switch|p2a: Sylveon|Sylveon, F|345\/393
|
|-heal|p2a: Sylveon|369\/393|[from] item: Leftovers
|turn|21
|
|move|p1a: Bisharp|Iron Head|p2a: Sylveon
|-crit|p2a: Sylveon
|-supereffective|p2a: Sylveon
|-damage|p2a: Sylveon|0 fnt
|faint|p2a: Sylveon
|
|
|switch|p2a: Landorus-Therian|Landorus-Therian, M|264\/381
|-ability|p2a: Landorus-Therian|Intimidate|[of] p1a: Bisharp
|-unboost|p1a: Bisharp|atk|1
|-boost|p1a: Bisharp|atk|2|[from] ability: Defiant
|turn|22
|c|★NYChillen|dat e belt
|c|★RSMessiii|opps
|
|switch|p1a: Latias|Latias, F|58\/319
|move|p2a: Landorus-Therian|U-turn|p1a: Latias
|-supereffective|p1a: Latias
|-damage|p1a: Latias|0 fnt
|faint|p1a: Latias
|c|★RSMessiii|sorry
|
|switch|p2a: Medicham|Medicham-Mega, F|261\/261
|
|
|switch|p1a: Talonflame|Talonflame, M|297\/297
|turn|23
|
|move|p2a: Medicham|Fake Out|p1a: Talonflame
|-damage|p1a: Talonflame|175\/297
|cant|p1a: Talonflame|flinch
|
|turn|24
|
|switch|p2a: Landorus-Therian|Landorus-Therian, M|264\/381
|-ability|p2a: Landorus-Therian|Intimidate|[of] p1a: Talonflame
|-unboost|p1a: Talonflame|atk|1
|move|p1a: Talonflame|Flare Blitz|p2a: Landorus-Therian
|-damage|p2a: Landorus-Therian|128\/381
|-damage|p1a: Talonflame|130\/297|[from] recoil|[of] p2a: Landorus-Therian
|
|-heal|p2a: Landorus-Therian|151\/381|[from] item: Leftovers
|turn|25
|
|move|p1a: Talonflame|Flare Blitz|p2a: Landorus-Therian
|-damage|p2a: Landorus-Therian|19\/381
|-damage|p1a: Talonflame|86\/297|[from] recoil|[of] p2a: Landorus-Therian
|move|p2a: Landorus-Therian|Stealth Rock|p1a: Talonflame
|-sidestart|p1: NYChillen|move: Stealth Rock
|
|-heal|p2a: Landorus-Therian|42\/381|[from] item: Leftovers
|turn|26
|
|move|p1a: Talonflame|Flare Blitz|p2a: Landorus-Therian
|-crit|p2a: Landorus-Therian
|-damage|p2a: Landorus-Therian|0 fnt
|-damage|p1a: Talonflame|72\/297|[from] recoil|[of] p2a: Landorus-Therian
|faint|p2a: Landorus-Therian
|
|
|switch|p2a: Medicham|Medicham-Mega, F|261\/261
|turn|27
|
|move|p2a: Medicham|Fake Out|p1a: Talonflame
|-damage|p1a: Talonflame|0 fnt
|faint|p1a: Talonflame
|
|
|switch|p1a: Bisharp|Bisharp, M|271\/271
|-damage|p1a: Bisharp|255\/271|[from] Stealth Rock
|turn|28
|
|switch|p2a: Excadrill|Excadrill, F|371\/371
|-ability|p2a: Excadrill|Mold Breaker
|move|p1a: Bisharp|Sucker Punch|p2a: Excadrill
|-fail|p2a: Excadrill
|
|turn|29
|
|move|p1a: Bisharp|Sucker Punch|p2a: Excadrill
|-damage|p2a: Excadrill|79\/371
|move|p2a: Excadrill|Earthquake|p1a: Bisharp
|-supereffective|p1a: Bisharp
|-damage|p1a: Bisharp|0 fnt
|faint|p1a: Bisharp
|
|
|switch|p1a: Garchomp|Garchomp, F|357\/357
|-damage|p1a: Garchomp|335\/357|[from] Stealth Rock
|turn|30
|
|move|p2a: Excadrill|Earthquake|p1a: Garchomp
|-damage|p1a: Garchomp|143\/357
|move|p1a: Garchomp|Earthquake|p2a: Excadrill
|-supereffective|p2a: Excadrill
|-damage|p2a: Excadrill|0 fnt
|faint|p2a: Excadrill
|
|
|switch|p2a: Medicham|Medicham-Mega, F|261\/261
|turn|31
|c|★NYChillen|gg
|c|★RSMessiii|gg
|
|move|p2a: Medicham|Fake Out|p1a: Garchomp
|-damage|p1a: Garchomp|56\/357
|-damage|p2a: Medicham|229\/261|[from] ability: Rough Skin|[of] p1a: Garchomp
|cant|p1a: Garchomp|flinch
|
|turn|32
|c| MwM Deadpool|oooh gg guys
|c|★NYChillen|bp?
|
|move|p2a: Medicham|Bullet Punch|p1a: Garchomp
|-damage|p1a: Garchomp|0 fnt
|-damage|p2a: Medicham|197\/261|[from] ability: Rough Skin|[of] p1a: Garchomp
|faint|p1a: Garchomp
|
|win|RSMessiii
|c|★RSMessiii|yes
|c|★RSMessiii|^^
|c|★NYChillen|shit
|c| MwM Deadpool|daaaaannngg
|c|★NYChillen|gg man
|c| MwM Deadpool|i thought that was josh's haha
|c|★RSMessiii|gg
|c| MwM Deadpool|gg guys
|c|★RSMessiii|this was so intense
|c|★NYChillen|facts
|c| MwM Deadpool|post the replay!
|c|★RSMessiii|i almost let medi in
|c|★NYChillen|chomp was sashed btw
|c|★RSMessiii|i thought u might knock off
|c|★NYChillen|talon ohkoe's with flare blitz
|c|★RSMessiii|then thank u cancel button i changed it xD
|c|★RSMessiii|yup
|c|★NYChillen|yea i used sucker exclusively for that reason
|c|★RSMessiii|r u up for another one? maybe with different teams?
|c|★NYChillen|yea lets get another
|c|★RSMessiii|yea it was like a 50 50 chance
|c| MwM Deadpool|link it here
|c|★RSMessiii|ok
|c|★NYChillen|you wanna post the replay?
|c|★NYChillen|jonas
|c|★RSMessiii|yea ill do
|c|★NYChillen|http:\/\/play.pokemonshowdown.com\/battle-ou-172247203
|leave|MwM Deadpool
|leave|Celestial Smiting