|join|whalesgomoo26
|join|oioirnambe
|player|p1|whalesgomoo26|266
|player|p2|oioirnambe|247
|gametype|singles
|gen|6
|tier|UU
|rated
|rule|Sleep Clause Mod: Limit one foe put to sleep
|rule|Species Clause: Limit one of each Pokémon
|rule|OHKO Clause: OHKO moves are banned
|rule|Moody Clause: Moody is banned
|rule|Evasion Moves Clause: Evasion moves are banned
|rule|Endless Battle Clause: Forcing endless battles is banned
|rule|HP Percentage Mod: HP is shown in percentages
|clearpoke
|poke|p1|Chandelure, M
|poke|p1|Toxicroak, M
|poke|p1|Cloyster, F
|poke|p1|Vaporeon, M
|poke|p1|Tangrowth, M
|poke|p1|Donphan, F
|poke|p2|Druddigon, F
|poke|p2|Doublade, F
|poke|p2|Toxicroak, M
|poke|p2|Yanmega, F
|poke|p2|Blastoise, F
|poke|p2|Tornadus, M
|rule|Swagger Clause: Swagger is banned
|rule|Baton Pass Clause: Limit one Pokémon knowing Baton Pass
|teampreview
|
|start
|switch|p1a: Dumbo|Donphan, F|384\/384
|switch|p2a: Druddigon|Druddigon, F|351\/351
|-ability|p2a: Druddigon|Mold Breaker
|turn|1
|
|move|p2a: Druddigon|Glare|p1a: Dumbo
|-status|p1a: Dumbo|par
|cant|p1a: Dumbo|par
|
|turn|2
|
|move|p2a: Druddigon|Stealth Rock|p1a: Dumbo
|-sidestart|p1: whalesgomoo26|move: Stealth Rock
|move|p1a: Dumbo|Stealth Rock|p2a: Druddigon
|-sidestart|p2: oioirnambe|move: Stealth Rock
|
|turn|3
|
|switch|p2a: Doublade|Doublade, F|322\/322
|-damage|p2a: Doublade|302\/322|[from] Stealth Rock
|move|p1a: Dumbo|Rapid Spin|p2a: Doublade
|-immune|p2a: Doublade|[msg]
|
|turn|4
|
|switch|p2a: Blastoise|Blastoise, F|362\/362
|-damage|p2a: Blastoise|317\/362|[from] Stealth Rock
|cant|p1a: Dumbo|par
|
|turn|5
|
|switch|p1a: Vaporeon|Vaporeon, M|464\/464
|-damage|p1a: Vaporeon|406\/464|[from] Stealth Rock
|detailschange|p2a: Blastoise|Blastoise-Mega, F
|message|Blastoise has Mega Evolved into Mega Blastoise!
|move|p2a: Blastoise|Scald|p1a: Vaporeon
|-heal|p1a: Vaporeon|464\/464|[from] ability: Water Absorb|[of] p2a: Blastoise
|
|turn|6
|
|switch|p1a: Dumbo|Donphan, F|384\/384 par
|-damage|p1a: Dumbo|360\/384 par|[from] Stealth Rock
|move|p2a: Blastoise|Rapid Spin|p1a: Dumbo
|-damage|p1a: Dumbo|347\/384 par
|-sideend|p2: oioirnambe|Stealth Rock|[from] move: Rapid Spin|[of] p2a: Blastoise
|
|-heal|p1a: Dumbo|371\/384 par|[from] item: Leftovers
|turn|7
|
|switch|p1a: Da Toad|Toxicroak, M|308\/308
|-damage|p1a: Da Toad|289\/308|[from] Stealth Rock
|move|p2a: Blastoise|Scald|p1a: Da Toad
|-heal|p1a: Da Toad|308\/308|[from] ability: Dry Skin|[of] p2a: Blastoise
|
|turn|8
|
|switch|p2a: Doublade|Doublade, F|302\/322
|move|p1a: Da Toad|Swords Dance|p1a: Da Toad
|-boost|p1a: Da Toad|atk|2
|
|turn|9
|
|move|p1a: Da Toad|Swords Dance|p1a: Da Toad
|-boost|p1a: Da Toad|atk|2
|move|p2a: Doublade|Swords Dance|p2a: Doublade
|-boost|p2a: Doublade|atk|2
|
|turn|10
|
|move|p1a: Da Toad|Swords Dance|p1a: Da Toad
|-boost|p1a: Da Toad|atk|2
|move|p2a: Doublade|Iron Head|p1a: Da Toad
|-enditem|p1a: Da Toad|Focus Sash
|-damage|p1a: Da Toad|1\/308
|
|turn|11
|
|move|p1a: Da Toad|Sucker Punch|p2a: Doublade
|-fail|p2a: Doublade
|move|p2a: Doublade|Swords Dance|p2a: Doublade
|-boost|p2a: Doublade|atk|2
|
|turn|12
|
|move|p1a: Da Toad|Sucker Punch|p2a: Doublade
|-fail|p2a: Doublade
|move|p2a: Doublade|Swords Dance|p2a: Doublade
|-boost|p2a: Doublade|atk|2
|
|turn|13
|
|move|p1a: Da Toad|Sucker Punch|p2a: Doublade
|-fail|p2a: Doublade
|move|p2a: Doublade|Swords Dance|p2a: Doublade
|-fail|p2a: Doublade
|
|turn|14
|
|move|p1a: Da Toad|Sucker Punch|p2a: Doublade
|-fail|p2a: Doublade
|move|p2a: Doublade|Swords Dance|p2a: Doublade
|-fail|p2a: Doublade
|
|turn|15
|
|move|p1a: Da Toad|Sucker Punch|p2a: Doublade
|-fail|p2a: Doublade
|move|p2a: Doublade|Swords Dance|p2a: Doublade
|-fail|p2a: Doublade
|
|turn|16
|
|move|p1a: Da Toad|Swords Dance|p1a: Da Toad
|-fail|p1a: Da Toad
|move|p2a: Doublade|Swords Dance|p2a: Doublade
|-fail|p2a: Doublade
|
|turn|17
|
|switch|p1a: Tangrowth|Tangrowth, M|404\/404
|-damage|p1a: Tangrowth|354\/404|[from] Stealth Rock
|move|p2a: Doublade|Swords Dance|p2a: Doublade
|-fail|p2a: Doublade
|
|-heal|p1a: Tangrowth|379\/404|[from] item: Leftovers
|turn|18
|
|move|p1a: Tangrowth|Sleep Powder|p2a: Doublade
|-status|p2a: Doublade|slp
|cant|p2a: Doublade|slp
|
|-heal|p1a: Tangrowth|404\/404|[from] item: Leftovers
|turn|19
|
|move|p1a: Tangrowth|Leech Seed|p2a: Doublade
|-start|p2a: Doublade|move: Leech Seed
|cant|p2a: Doublade|slp
|
|-damage|p2a: Doublade|262\/322 slp|[from] Leech Seed|[of] p1a: Tangrowth
|turn|20
|
|move|p1a: Tangrowth|Giga Drain|p2a: Doublade
|-resisted|p2a: Doublade
|-damage|p2a: Doublade|204\/322 slp
|-curestatus|p2a: Doublade|slp
|move|p2a: Doublade|Iron Head|p1a: Tangrowth
|-damage|p1a: Tangrowth|49\/404
|
|-heal|p1a: Tangrowth|74\/404|[from] item: Leftovers
|-damage|p2a: Doublade|164\/322|[from] Leech Seed|[of] p1a: Tangrowth
|-heal|p1a: Tangrowth|114\/404|[silent]
|turn|21
|
|move|p2a: Doublade|Shadow Sneak|p1a: Tangrowth
|-damage|p1a: Tangrowth|0 fnt
|faint|p1a: Tangrowth
|
|
|switch|p1a: Vaporeon|Vaporeon, M|464\/464
|-damage|p1a: Vaporeon|406\/464|[from] Stealth Rock
|turn|22
|
|switch|p2a: Toxicroak|Toxicroak, M|308\/308
|move|p1a: Vaporeon|Protect|p1a: Vaporeon
|-fail|p1a: Vaporeon
|
|-heal|p1a: Vaporeon|435\/464|[from] item: Leftovers
|turn|23
|
|switch|p1a: Dumbo|Donphan, F|371\/384 par
|-damage|p1a: Dumbo|347\/384 par|[from] Stealth Rock
|move|p2a: Toxicroak|Swords Dance|p2a: Toxicroak
|-boost|p2a: Toxicroak|atk|2
|
|-heal|p1a: Dumbo|371\/384 par|[from] item: Leftovers
|turn|24
|
|switch|p2a: Tornadus|Tornadus, M|299\/299
|cant|p1a: Dumbo|par
|
|-heal|p1a: Dumbo|384\/384 par|[from] item: Leftovers
|turn|25
|c|★whalesgomoo26|wa0
|
|move|p1a: Dumbo|Ice Shard|p2a: Tornadus
|-supereffective|p2a: Tornadus
|-damage|p2a: Tornadus|177\/299
|move|p2a: Tornadus|Knock Off|p1a: Dumbo
|-damage|p1a: Dumbo|300\/384 par
|-enditem|p1a: Dumbo|Leftovers|[from] move: Knock Off|[of] p2a: Tornadus
|
|turn|26
|
|switch|p2a: Blastoise|Blastoise-Mega, F|317\/362
|cant|p1a: Dumbo|par
|
|turn|27
|
|move|p2a: Blastoise|Scald|p1a: Dumbo
|-supereffective|p1a: Dumbo
|-damage|p1a: Dumbo|0 fnt
|faint|p1a: Dumbo
|
|-message|whalesgomoo26 forfeited.
|
|win|oioirnambe
|raw|Ladder updating...
|leave|whalesgomoo26
|player|p1
|raw|whalesgomoo26's rating: 1425 &rarr; <strong>1404<\/strong><br \/>(-21 for losing)
|raw|oioirnambe's rating: 1403 &rarr; <strong>1425<\/strong><br \/>(+22 for winning)
|c|★oioirnambe|gg