|join|oioirnambe
|join|4trackboy
|player|p1|oioirnambe|247
|player|p2|4trackboy|1
|gametype|singles
|gen|6
|tier|UU
|rated
|rule|Sleep Clause Mod: Limit one foe put to sleep
|rule|Species Clause: Limit one of each Pokémon
|rule|OHKO Clause: OHKO moves are banned
|rule|Moody Clause: Moody is banned
|rule|Evasion Moves Clause: Evasion moves are banned
|rule|Endless Battle Clause: Forcing endless battles is banned
|rule|HP Percentage Mod: HP is shown in percentages
|clearpoke
|poke|p1|Blissey, F
|poke|p1|Granbull, M
|poke|p1|Slowking, F
|poke|p1|Rhyperior, M
|poke|p1|Sableye, M
|poke|p1|Roserade, F
|poke|p2|Alakazam, M
|poke|p2|Dugtrio, F
|poke|p2|Crobat, M
|poke|p2|Hippowdon, M
|poke|p2|Vaporeon, F
|poke|p2|Machamp, M
|rule|Swagger Clause: Swagger is banned
|rule|Baton Pass Clause: Limit one Pokémon knowing Baton Pass
|teampreview
|
|start
|switch|p1a: Sableye|Sableye, M|304\/304
|switch|p2a: Machamp|Machamp, M|346\/346
|turn|1
|
|switch|p1a: Granbull|Granbull, M|384\/384
|-ability|p1a: Granbull|Intimidate|[of] p2a: Machamp
|-unboost|p2a: Machamp|atk|1
|move|p2a: Machamp|Knock Off|p1a: Granbull
|-resisted|p1a: Granbull
|-damage|p1a: Granbull|325\/384
|-enditem|p1a: Granbull|Leftovers|[from] move: Knock Off|[of] p2a: Machamp
|
|turn|2
|
|switch|p2a: Crobat|Crobat, M|373\/373
|move|p1a: Granbull|Play Rough|p2a: Crobat
|-resisted|p2a: Crobat
|-damage|p2a: Crobat|301\/373
|
|turn|3
|
|switch|p1a: Rhyperior|Rhyperior, M|434\/434
|move|p2a: Crobat|U-turn|p1a: Rhyperior
|-crit|p1a: Rhyperior
|-damage|p1a: Rhyperior|389\/434
|
|switch|p2a: Vaporeon|Vaporeon, F|464\/464
|
|-heal|p1a: Rhyperior|416\/434|[from] item: Leftovers
|turn|4
|
|switch|p1a: Sableye|Sableye, M|304\/304
|move|p2a: Vaporeon|Baton Pass|p2a: Vaporeon
|
|switch|p2a: Machamp|Machamp, M|346\/346
|
|turn|5
|
|switch|p1a: Granbull|Granbull, M|325\/384
|-ability|p1a: Granbull|Intimidate|[of] p2a: Machamp
|-unboost|p2a: Machamp|atk|1
|move|p2a: Machamp|Heavy Slam|p1a: Granbull
|-supereffective|p1a: Granbull
|-damage|p1a: Granbull|195\/384
|
|turn|6
|
|switch|p2a: Crobat|Crobat, M|301\/373
|move|p1a: Granbull|Rest|p1a: Granbull
|-status|p1a: Granbull|slp
|-heal|p1a: Granbull|384\/384 slp|[silent]
|-status|p1a: Granbull|slp|[from] move: Rest
|
|turn|7
|
|move|p2a: Crobat|U-turn|p1a: Granbull
|-resisted|p1a: Granbull
|-damage|p1a: Granbull|362\/384 slp
|
|switch|p2a: Vaporeon|Vaporeon, F|464\/464
|cant|p1a: Granbull|slp
|move|p1a: Granbull|Sleep Talk|p1a: Granbull
|move|p1a: Granbull|Play Rough|p2a: Vaporeon|[from]Sleep Talk
|-damage|p2a: Vaporeon|334\/464
|-unboost|p2a: Vaporeon|atk|1
|
|-heal|p2a: Vaporeon|363\/464|[from] item: Leftovers
|turn|8
|
|switch|p2a: Crobat|Crobat, M|301\/373
|cant|p1a: Granbull|slp
|move|p1a: Granbull|Sleep Talk|p1a: Granbull
|move|p1a: Granbull|Roar|p2a: Crobat|[from]Sleep Talk
|drag|p2a: Machamp|Machamp, M|346\/346
|
|turn|9
|
|switch|p2a: Crobat|Crobat, M|301\/373
|-curestatus|p1a: Granbull|slp
|move|p1a: Granbull|Play Rough|p2a: Crobat|[miss]
|-miss|p1a: Granbull|p2a: Crobat
|
|turn|10
|
|switch|p1a: Rhyperior|Rhyperior, M|416\/434
|move|p2a: Crobat|U-turn|p1a: Rhyperior
|-damage|p1a: Rhyperior|386\/434
|
|switch|p2a: Vaporeon|Vaporeon, F|363\/464
|
|-heal|p2a: Vaporeon|392\/464|[from] item: Leftovers
|-heal|p1a: Rhyperior|413\/434|[from] item: Leftovers
|turn|11
|
|switch|p1a: Sableye|Sableye, M|304\/304
|move|p2a: Vaporeon|Scald|p1a: Sableye
|-damage|p1a: Sableye|201\/304
|
|-heal|p2a: Vaporeon|421\/464|[from] item: Leftovers
|-heal|p1a: Sableye|220\/304|[from] item: Leftovers
|turn|12
|
|move|p2a: Vaporeon|Baton Pass|p2a: Vaporeon
|
|switch|p2a: Crobat|Crobat, M|301\/373
|move|p1a: Sableye|Knock Off|p2a: Crobat
|-damage|p2a: Crobat|232\/373
|
|-heal|p1a: Sableye|239\/304|[from] item: Leftovers
|turn|13
|
|switch|p2a: Machamp|Machamp, M|346\/346
|switch|p1a: Rhyperior|Rhyperior, M|413\/434
|
|-heal|p1a: Rhyperior|434\/434|[from] item: Leftovers
|turn|14
|
|switch|p1a: Granbull|Granbull, M|362\/384
|-ability|p1a: Granbull|Intimidate|[of] p2a: Machamp
|-unboost|p2a: Machamp|atk|1
|move|p2a: Machamp|Close Combat|p1a: Granbull
|-resisted|p1a: Granbull
|-damage|p1a: Granbull|263\/384
|-unboost|p2a: Machamp|def|1
|-unboost|p2a: Machamp|spd|1
|
|turn|15
|
|switch|p2a: Crobat|Crobat, M|232\/373
|move|p1a: Granbull|Play Rough|p2a: Crobat
|-resisted|p2a: Crobat
|-damage|p2a: Crobat|163\/373
|
|turn|16
|
|switch|p1a: Rhyperior|Rhyperior, M|434\/434
|move|p2a: Crobat|Roost|p2a: Crobat
|-heal|p2a: Crobat|350\/373
|
|turn|17
|
|move|p2a: Crobat|U-turn|p1a: Rhyperior
|-damage|p1a: Rhyperior|401\/434
|
|switch|p2a: Vaporeon|Vaporeon, F|421\/464
|move|p1a: Rhyperior|Stealth Rock|p2a: Vaporeon
|-sidestart|p2: 4trackboy|move: Stealth Rock
|
|-heal|p2a: Vaporeon|450\/464|[from] item: Leftovers
|-heal|p1a: Rhyperior|428\/434|[from] item: Leftovers
|turn|18
|
|switch|p1a: Sableye|Sableye, M|239\/304
|move|p2a: Vaporeon|Baton Pass|p2a: Vaporeon
|
|switch|p2a: Machamp|Machamp, M|346\/346
|-damage|p2a: Machamp|325\/346|[from] Stealth Rock
|
|-heal|p1a: Sableye|258\/304|[from] item: Leftovers
|turn|19
|
|switch|p1a: Granbull|Granbull, M|263\/384
|-ability|p1a: Granbull|Intimidate|[of] p2a: Machamp
|-unboost|p2a: Machamp|atk|1
|move|p2a: Machamp|Heavy Slam|p1a: Granbull
|-supereffective|p1a: Granbull
|-damage|p1a: Granbull|115\/384
|
|turn|20
|
|switch|p1a: Slowking|Slowking, F|394\/394
|move|p2a: Machamp|Heavy Slam|p1a: Slowking
|-resisted|p1a: Slowking
|-damage|p1a: Slowking|372\/394
|
|-heal|p1a: Slowking|394\/394|[from] item: Leftovers
|turn|21
|
|switch|p2a: Vaporeon|Vaporeon, F|450\/464
|-damage|p2a: Vaporeon|392\/464|[from] Stealth Rock
|move|p1a: Slowking|Calm Mind|p1a: Slowking
|-boost|p1a: Slowking|spa|1
|-boost|p1a: Slowking|spd|1
|
|-heal|p2a: Vaporeon|421\/464|[from] item: Leftovers
|turn|22
|
|move|p2a: Vaporeon|Baton Pass|p2a: Vaporeon
|
|switch|p2a: Dugtrio|Dugtrio, F|212\/212
|-damage|p2a: Dugtrio|199\/212|[from] Stealth Rock
|move|p1a: Slowking|Calm Mind|p1a: Slowking
|-boost|p1a: Slowking|spa|1
|-boost|p1a: Slowking|spd|1
|
|turn|23
|
|move|p2a: Dugtrio|Earthquake|p1a: Slowking
|-damage|p1a: Slowking|245\/394
|-damage|p2a: Dugtrio|178\/212|[from] item: Life Orb
|move|p1a: Slowking|Scald|p2a: Dugtrio
|-supereffective|p2a: Dugtrio
|-damage|p2a: Dugtrio|0 fnt
|faint|p2a: Dugtrio
|
|-heal|p1a: Slowking|269\/394|[from] item: Leftovers
|
|switch|p2a: Machamp|Machamp, M|325\/346
|-damage|p2a: Machamp|304\/346|[from] Stealth Rock
|turn|24
|
|switch|p1a: Rhyperior|Rhyperior, M|428\/434
|move|p2a: Machamp|Knock Off|p1a: Rhyperior
|-damage|p1a: Rhyperior|322\/434
|-enditem|p1a: Rhyperior|Leftovers|[from] move: Knock Off|[of] p2a: Machamp
|
|turn|25
|
|move|p2a: Machamp|Knock Off|p1a: Rhyperior
|-damage|p1a: Rhyperior|244\/434
|move|p1a: Rhyperior|Roar|p2a: Machamp
|drag|p2a: Crobat|Crobat, M|350\/373
|-damage|p2a: Crobat|257\/373|[from] Stealth Rock
|
|turn|26
|
|move|p2a: Crobat|U-turn|p1a: Rhyperior
|-damage|p1a: Rhyperior|213\/434
|
|switch|p2a: Vaporeon|Vaporeon, F|421\/464
|-damage|p2a: Vaporeon|363\/464|[from] Stealth Rock
|move|p1a: Rhyperior|Rock Blast|p2a: Vaporeon
|-damage|p2a: Vaporeon|323\/464
|-damage|p2a: Vaporeon|280\/464
|-crit|p2a: Vaporeon
|-damage|p2a: Vaporeon|216\/464
|-damage|p2a: Vaporeon|174\/464
|-damage|p2a: Vaporeon|134\/464
|-hitcount|p2a: Vaporeon|5
|
|-heal|p2a: Vaporeon|163\/464|[from] item: Leftovers
|turn|27
|
|switch|p1a: Sableye|Sableye, M|258\/304
|move|p2a: Vaporeon|Wish|p2a: Vaporeon
|
|-heal|p2a: Vaporeon|192\/464|[from] item: Leftovers
|-heal|p1a: Sableye|277\/304|[from] item: Leftovers
|turn|28
|
|move|p2a: Vaporeon|Scald|p1a: Sableye
|-damage|p1a: Sableye|183\/304
|move|p1a: Sableye|Knock Off|p2a: Vaporeon
|-damage|p2a: Vaporeon|104\/464
|-enditem|p2a: Vaporeon|Leftovers|[from] move: Knock Off|[of] p1a: Sableye
|
|-heal|p2a: Vaporeon|336\/464|[from] move: Wish|[wisher] Vaporeon
|-heal|p1a: Sableye|202\/304|[from] item: Leftovers
|turn|29
|
|move|p2a: Vaporeon|Protect|p2a: Vaporeon
|-singleturn|p2a: Vaporeon|Protect
|move|p1a: Sableye|Will-O-Wisp|p2a: Vaporeon
|-activate|p2a: Vaporeon|Protect
|
|-heal|p1a: Sableye|221\/304|[from] item: Leftovers
|turn|30
|
|move|p2a: Vaporeon|Scald|p1a: Sableye
|-damage|p1a: Sableye|121\/304
|move|p1a: Sableye|Knock Off|p2a: Vaporeon
|-damage|p2a: Vaporeon|272\/464
|
|-heal|p1a: Sableye|140\/304|[from] item: Leftovers
|turn|31
|
|move|p1a: Sableye|Will-O-Wisp|p2a: Vaporeon|[miss]
|-miss|p1a: Sableye|p2a: Vaporeon
|move|p2a: Vaporeon|Baton Pass|p2a: Vaporeon
|
|switch|p2a: Machamp|Machamp, M|304\/346
|-damage|p2a: Machamp|283\/346|[from] Stealth Rock
|
|-heal|p1a: Sableye|159\/304|[from] item: Leftovers
|turn|32
|
|switch|p1a: Slowking|Slowking, F|394\/394
|move|p2a: Machamp|Knock Off|p1a: Slowking
|-supereffective|p1a: Slowking
|-damage|p1a: Slowking|88\/394
|-enditem|p1a: Slowking|Leftovers|[from] move: Knock Off|[of] p2a: Machamp
|
|turn|33
|
|switch|p2a: Vaporeon|Vaporeon, F|272\/464
|-damage|p2a: Vaporeon|214\/464|[from] Stealth Rock
|switch|p1a: Granbull|Granbull, M|115\/384
|-ability|p1a: Granbull|Intimidate|[of] p2a: Vaporeon
|-unboost|p2a: Vaporeon|atk|1
|
|turn|34
|
|switch|p1a: Roserade|Roserade, F|324\/324
|move|p2a: Vaporeon|Wish|p2a: Vaporeon
|
|turn|35
|
|switch|p2a: Crobat|Crobat, M|257\/373
|-damage|p2a: Crobat|164\/373|[from] Stealth Rock
|move|p1a: Roserade|Spikes|p2a: Crobat
|-sidestart|p2: 4trackboy|Spikes
|
|-heal|p2a: Crobat|373\/373|[from] move: Wish|[wisher] Vaporeon
|turn|36
|
|move|p2a: Crobat|Defog|p1a: Roserade
|-unboost|p1a: Roserade|evasion|1
|-sideend|p2: 4trackboy|Spikes|[from] move: Defog|[of] p2a: Crobat
|-sideend|p2: 4trackboy|Stealth Rock|[from] move: Defog|[of] p2a: Crobat
|move|p1a: Roserade|Leech Seed|p2a: Crobat
|-start|p2a: Crobat|move: Leech Seed
|
|-damage|p2a: Crobat|327\/373|[from] Leech Seed|[of] p1a: Roserade
|turn|37
|
|switch|p1a: Blissey|Blissey, F|714\/714
|move|p2a: Crobat|U-turn|p1a: Blissey
|-damage|p1a: Blissey|616\/714
|
|switch|p2a: Machamp|Machamp, M|283\/346
|
|-heal|p1a: Blissey|660\/714|[from] item: Leftovers
|turn|38
|
|move|p1a: Blissey|Protect|p1a: Blissey
|-singleturn|p1a: Blissey|Protect
|move|p2a: Machamp|Knock Off|p1a: Blissey
|-activate|p1a: Blissey|Protect
|
|-heal|p1a: Blissey|704\/714|[from] item: Leftovers
|turn|39
|
|switch|p1a: Granbull|Granbull, M|115\/384
|-ability|p1a: Granbull|Intimidate|[of] p2a: Machamp
|-unboost|p2a: Machamp|atk|1
|move|p2a: Machamp|Knock Off|p1a: Granbull
|-resisted|p1a: Granbull
|-damage|p1a: Granbull|77\/384
|
|turn|40
|
|switch|p2a: Alakazam|Alakazam, M|252\/252
|move|p1a: Granbull|Rest|p1a: Granbull
|-status|p1a: Granbull|slp
|-heal|p1a: Granbull|384\/384 slp|[silent]
|-status|p1a: Granbull|slp|[from] move: Rest
|
|turn|41
|
|detailschange|p2a: Alakazam|Alakazam-Mega, M
|message|Alakazam has Mega Evolved into Mega Alakazam!
|-ability|p2a: Alakazam|Intimidate|[from] ability: Trace|[of] p1a: Granbull
|-ability|p2a: Alakazam|Intimidate|[of] p1a: Granbull
|-unboost|p1a: Granbull|atk|1
|move|p2a: Alakazam|Shadow Ball|p1a: Granbull
|-damage|p1a: Granbull|215\/384 slp
|cant|p1a: Granbull|slp
|move|p1a: Granbull|Sleep Talk|p1a: Granbull
|move|p1a: Granbull|Roar|p2a: Alakazam|[from]Sleep Talk
|drag|p2a: Vaporeon|Vaporeon, F|214\/464
|
|turn|42
|
|switch|p1a: Blissey|Blissey, F|704\/714
|move|p2a: Vaporeon|Baton Pass|p2a: Vaporeon
|
|switch|p2a: Alakazam|Alakazam-Mega, M|252\/252
|-ability|p2a: Alakazam|Natural Cure|[from] ability: Trace|[of] p1a: Blissey
|
|-heal|p1a: Blissey|714\/714|[from] item: Leftovers
|turn|43
|
|move|p2a: Alakazam|Psyshock|p1a: Blissey
|-damage|p1a: Blissey|371\/714
|move|p1a: Blissey|Seismic Toss|p2a: Alakazam
|-damage|p2a: Alakazam|152\/252
|
|-heal|p1a: Blissey|415\/714|[from] item: Leftovers
|turn|44
|
|move|p2a: Alakazam|Psyshock|p1a: Blissey
|-damage|p1a: Blissey|118\/714
|move|p1a: Blissey|Wish|p1a: Blissey
|
|-heal|p1a: Blissey|162\/714|[from] item: Leftovers
|turn|45
|
|move|p1a: Blissey|Protect|p1a: Blissey
|-singleturn|p1a: Blissey|Protect
|move|p2a: Alakazam|Psyshock|p1a: Blissey
|-activate|p1a: Blissey|Protect
|
|-heal|p1a: Blissey|519\/714|[from] move: Wish|[wisher] Blissey
|-heal|p1a: Blissey|563\/714|[from] item: Leftovers
|turn|46
|
|move|p2a: Alakazam|Psyshock|p1a: Blissey
|-damage|p1a: Blissey|212\/714
|move|p1a: Blissey|Wish|p1a: Blissey
|
|-heal|p1a: Blissey|256\/714|[from] item: Leftovers
|turn|47
|
|move|p1a: Blissey|Protect|p1a: Blissey
|-singleturn|p1a: Blissey|Protect
|move|p2a: Alakazam|Dazzling Gleam|p1a: Blissey
|-activate|p1a: Blissey|Protect
|
|-heal|p1a: Blissey|613\/714|[from] move: Wish|[wisher] Blissey
|-heal|p1a: Blissey|657\/714|[from] item: Leftovers
|turn|48
|
|switch|p2a: Crobat|Crobat, M|327\/373
|move|p1a: Blissey|Wish|p1a: Blissey
|
|-heal|p1a: Blissey|701\/714|[from] item: Leftovers
|turn|49
|
|switch|p1a: Granbull|Granbull, M|215\/384 slp
|-ability|p1a: Granbull|Intimidate|[of] p2a: Crobat
|-unboost|p2a: Crobat|atk|1
|move|p2a: Crobat|U-turn|p1a: Granbull
|-resisted|p1a: Granbull
|-damage|p1a: Granbull|199\/384 slp
|
|switch|p2a: Machamp|Machamp, M|283\/346
|
|-heal|p1a: Granbull|384\/384 slp|[from] move: Wish|[wisher] Blissey
|turn|50
|
|move|p2a: Machamp|Heavy Slam|p1a: Granbull
|-supereffective|p1a: Granbull
|-damage|p1a: Granbull|174\/384 slp
|cant|p1a: Granbull|slp
|move|p1a: Granbull|Sleep Talk|p1a: Granbull
|move|p1a: Granbull|Roar|p2a: Machamp|[from]Sleep Talk
|drag|p2a: Vaporeon|Vaporeon, F|214\/464
|
|turn|51
|
|move|p2a: Vaporeon|Baton Pass|p2a: Vaporeon
|
|switch|p2a: Crobat|Crobat, M|327\/373
|-curestatus|p1a: Granbull|slp
|move|p1a: Granbull|Rest|p1a: Granbull
|-status|p1a: Granbull|slp
|-heal|p1a: Granbull|384\/384 slp|[silent]
|-status|p1a: Granbull|slp|[from] move: Rest
|
|turn|52
|
|move|p2a: Crobat|U-turn|p1a: Granbull
|-resisted|p1a: Granbull
|-damage|p1a: Granbull|362\/384 slp
|
|switch|p2a: Vaporeon|Vaporeon, F|214\/464
|cant|p1a: Granbull|slp
|move|p1a: Granbull|Sleep Talk|p1a: Granbull
|move|p1a: Granbull|Play Rough|p2a: Vaporeon|[from]Sleep Talk
|-damage|p2a: Vaporeon|81\/464
|
|turn|53
|
|move|p2a: Vaporeon|Wish|p2a: Vaporeon
|cant|p1a: Granbull|slp
|move|p1a: Granbull|Sleep Talk|p1a: Granbull
|move|p1a: Granbull|Roar|p2a: Vaporeon|[from]Sleep Talk
|drag|p2a: Hippowdon|Hippowdon, M|420\/420
|
|turn|54
|
|switch|p1a: Blissey|Blissey, F|701\/714
|move|p2a: Hippowdon|Stealth Rock|p1a: Blissey
|-sidestart|p1: oioirnambe|move: Stealth Rock
|
|-heal|p1a: Blissey|714\/714|[from] item: Leftovers
|turn|55
|
|switch|p2a: Crobat|Crobat, M|327\/373
|move|p1a: Blissey|Wish|p1a: Blissey
|
|turn|56
|
|switch|p1a: Rhyperior|Rhyperior, M|213\/434
|-damage|p1a: Rhyperior|186\/434|[from] Stealth Rock
|move|p2a: Crobat|U-turn|p1a: Rhyperior
|-damage|p1a: Rhyperior|154\/434
|
|switch|p2a: Vaporeon|Vaporeon, F|81\/464
|
|-heal|p1a: Rhyperior|434\/434|[from] move: Wish|[wisher] Blissey
|turn|57
|
|switch|p1a: Roserade|Roserade, F|324\/324
|-damage|p1a: Roserade|284\/324|[from] Stealth Rock
|move|p2a: Vaporeon|Scald|p1a: Roserade
|-resisted|p1a: Roserade
|-damage|p1a: Roserade|248\/324
|-status|p1a: Roserade|brn
|
|-heal|p1a: Roserade|268\/324 brn|[from] item: Black Sludge
|-damage|p1a: Roserade|228\/324 brn|[from] brn
|turn|58
|
|switch|p2a: Crobat|Crobat, M|327\/373
|move|p1a: Roserade|Spikes|p2a: Crobat
|-sidestart|p2: 4trackboy|Spikes
|
|-heal|p1a: Roserade|248\/324 brn|[from] item: Black Sludge
|-damage|p1a: Roserade|208\/324 brn|[from] brn
|turn|59
|
|switch|p1a: Rhyperior|Rhyperior, M|434\/434
|-damage|p1a: Rhyperior|407\/434|[from] Stealth Rock
|move|p2a: Crobat|Defog|p1a: Rhyperior
|-unboost|p1a: Rhyperior|evasion|1
|-sideend|p1: oioirnambe|Stealth Rock|[from] move: Defog|[of] p1a: Rhyperior
|-sideend|p2: 4trackboy|Spikes|[from] move: Defog|[of] p2a: Crobat
|
|turn|60
|
|move|p2a: Crobat|U-turn|p1a: Rhyperior
|-damage|p1a: Rhyperior|379\/434
|
|switch|p2a: Machamp|Machamp, M|283\/346
|move|p1a: Rhyperior|Stealth Rock|p2a: Machamp
|-sidestart|p2: 4trackboy|move: Stealth Rock
|
|turn|61
|
|switch|p1a: Granbull|Granbull, M|362\/384 slp
|-ability|p1a: Granbull|Intimidate|[of] p2a: Machamp
|-unboost|p2a: Machamp|atk|1
|move|p2a: Machamp|Close Combat|p1a: Granbull
|-resisted|p1a: Granbull
|-damage|p1a: Granbull|263\/384 slp
|-unboost|p2a: Machamp|def|1
|-unboost|p2a: Machamp|spd|1
|
|turn|62
|
|switch|p2a: Crobat|Crobat, M|327\/373
|-damage|p2a: Crobat|234\/373|[from] Stealth Rock
|-curestatus|p1a: Granbull|slp
|move|p1a: Granbull|Roar|p2a: Crobat
|drag|p2a: Machamp|Machamp, M|283\/346
|-damage|p2a: Machamp|262\/346|[from] Stealth Rock
|
|turn|63
|
|move|p2a: Machamp|Heavy Slam|p1a: Granbull
|-supereffective|p1a: Granbull
|-damage|p1a: Granbull|57\/384
|move|p1a: Granbull|Play Rough|p2a: Machamp
|-supereffective|p2a: Machamp
|-damage|p2a: Machamp|0 fnt
|faint|p2a: Machamp
|
|
|switch|p2a: Crobat|Crobat, M|234\/373
|-damage|p2a: Crobat|141\/373|[from] Stealth Rock
|turn|64
|
|move|p2a: Crobat|Acrobatics|p1a: Granbull
|-damage|p1a: Granbull|0 fnt
|faint|p1a: Granbull
|
|
|switch|p1a: Rhyperior|Rhyperior, M|379\/434
|turn|65
|
|move|p2a: Crobat|Roost|p2a: Crobat
|-heal|p2a: Crobat|328\/373
|move|p1a: Rhyperior|Earthquake|p2a: Crobat
|-supereffective|p2a: Crobat
|-damage|p2a: Crobat|0 fnt
|faint|p2a: Crobat
|
|
|switch|p2a: Hippowdon|Hippowdon, M|420\/420
|-damage|p2a: Hippowdon|394\/420|[from] Stealth Rock
|turn|66
|
|switch|p1a: Roserade|Roserade, F|208\/324
|move|p2a: Hippowdon|Stealth Rock|p1a: Roserade
|-sidestart|p1: oioirnambe|move: Stealth Rock
|
|-heal|p1a: Roserade|228\/324|[from] item: Black Sludge
|-heal|p2a: Hippowdon|420\/420|[from] item: Leftovers
|turn|67
|
|move|p1a: Roserade|Toxic Spikes|p2a: Hippowdon
|-sidestart|p2: 4trackboy|move: Toxic Spikes
|move|p2a: Hippowdon|Earthquake|p1a: Roserade
|-damage|p1a: Roserade|53\/324
|
|-heal|p1a: Roserade|73\/324|[from] item: Black Sludge
|turn|68
|
|move|p1a: Roserade|Spikes|p2a: Hippowdon
|-sidestart|p2: 4trackboy|Spikes
|move|p2a: Hippowdon|Earthquake|p1a: Roserade
|-crit|p1a: Roserade
|-damage|p1a: Roserade|0 fnt
|faint|p1a: Roserade
|
|
|switch|p1a: Rhyperior|Rhyperior, M|379\/434
|-damage|p1a: Rhyperior|352\/434|[from] Stealth Rock
|turn|69
|
|move|p2a: Hippowdon|Earthquake|p1a: Rhyperior
|-supereffective|p1a: Rhyperior
|-damage|p1a: Rhyperior|231\/434
|move|p1a: Rhyperior|Roar|p2a: Hippowdon
|drag|p2a: Alakazam|Alakazam-Mega, M|152\/252
|-damage|p2a: Alakazam|121\/252|[from] Spikes
|-status|p2a: Alakazam|psn
|-damage|p2a: Alakazam|90\/252 psn|[from] Stealth Rock
|-ability|p2a: Alakazam|Solid Rock|[from] ability: Trace|[of] p1a: Rhyperior
|
|-damage|p2a: Alakazam|59\/252 psn|[from] psn
|turn|70
|
|switch|p1a: Blissey|Blissey, F|714\/714
|-damage|p1a: Blissey|625\/714|[from] Stealth Rock
|move|p2a: Alakazam|Psyshock|p1a: Blissey
|-damage|p1a: Blissey|279\/714
|
|-heal|p1a: Blissey|323\/714|[from] item: Leftovers
|-damage|p2a: Alakazam|28\/252 psn|[from] psn
|turn|71
|
|move|p1a: Blissey|Protect|p1a: Blissey
|-singleturn|p1a: Blissey|Protect
|move|p2a: Alakazam|Psyshock|p1a: Blissey
|-activate|p1a: Blissey|Protect
|
|-heal|p1a: Blissey|367\/714|[from] item: Leftovers
|-damage|p2a: Alakazam|0 fnt|[from] psn
|faint|p2a: Alakazam
|
|switch|p2a: Vaporeon|Vaporeon, F|81\/464
|-damage|p2a: Vaporeon|23\/464|[from] Spikes
|-damage|p2a: Vaporeon|0 fnt|[from] Stealth Rock
|faint|p2a: Vaporeon
|
|switch|p2a: Hippowdon|Hippowdon, M|420\/420
|-status|p2a: Hippowdon|psn
|-damage|p2a: Hippowdon|394\/420 psn|[from] Stealth Rock
|-damage|p2a: Hippowdon|342\/420 psn|[from] Spikes
|turn|72
|c|★4trackboy|geeg
|c|★oioirnambe|gg
|
|move|p1a: Blissey|Wish|p1a: Blissey
|move|p2a: Hippowdon|Earthquake|p1a: Blissey
|-damage|p1a: Blissey|129\/714
|
|-heal|p1a: Blissey|173\/714|[from] item: Leftovers
|-heal|p2a: Hippowdon|368\/420 psn|[from] item: Leftovers
|-damage|p2a: Hippowdon|316\/420 psn|[from] psn
|turn|73
|
|switch|p1a: Slowking|Slowking, F|219\/394
|-damage|p1a: Slowking|170\/394|[from] Stealth Rock
|move|p2a: Hippowdon|Whirlwind|p1a: Slowking
|drag|p1a: Rhyperior|Rhyperior, M|231\/434
|-damage|p1a: Rhyperior|204\/434|[from] Stealth Rock
|
|-heal|p1a: Rhyperior|434\/434|[from] move: Wish|[wisher] Blissey
|-heal|p2a: Hippowdon|342\/420 psn|[from] item: Leftovers
|-damage|p2a: Hippowdon|290\/420 psn|[from] psn
|turn|74
|
|switch|p1a: Slowking|Slowking, F|301\/394
|-damage|p1a: Slowking|252\/394|[from] Stealth Rock
|move|p2a: Hippowdon|Earthquake|p1a: Slowking
|-damage|p1a: Slowking|138\/394
|
|-heal|p2a: Hippowdon|316\/420 psn|[from] item: Leftovers
|-damage|p2a: Hippowdon|264\/420 psn|[from] psn
|turn|75
|
|move|p2a: Hippowdon|Earthquake|p1a: Slowking
|-damage|p1a: Slowking|21\/394
|move|p1a: Slowking|Scald|p2a: Hippowdon
|-supereffective|p2a: Hippowdon
|-damage|p2a: Hippowdon|78\/420 psn
|
|-heal|p2a: Hippowdon|104\/420 psn|[from] item: Leftovers
|-damage|p2a: Hippowdon|52\/420 psn|[from] psn
|turn|76
|
|move|p2a: Hippowdon|Slack Off|p2a: Hippowdon
|-heal|p2a: Hippowdon|262\/420 psn
|move|p1a: Slowking|Scald|p2a: Hippowdon
|-supereffective|p2a: Hippowdon
|-damage|p2a: Hippowdon|98\/420 psn
|
|-heal|p2a: Hippowdon|124\/420 psn|[from] item: Leftovers
|-damage|p2a: Hippowdon|72\/420 psn|[from] psn
|turn|77
|
|move|p2a: Hippowdon|Earthquake|p1a: Slowking
|-damage|p1a: Slowking|0 fnt
|faint|p1a: Slowking
|
|-heal|p2a: Hippowdon|98\/420 psn|[from] item: Leftovers
|-damage|p2a: Hippowdon|46\/420 psn|[from] psn
|
|switch|p1a: Sableye|Sableye, M|159\/304
|-damage|p1a: Sableye|121\/304|[from] Stealth Rock
|turn|78
|
|move|p1a: Sableye|Taunt|p2a: Hippowdon
|-start|p2a: Hippowdon|move: Taunt
|move|p2a: Hippowdon|Earthquake|p1a: Sableye
|-damage|p1a: Sableye|0 fnt
|faint|p1a: Sableye
|
|-heal|p2a: Hippowdon|72\/420 psn|[from] item: Leftovers
|-damage|p2a: Hippowdon|20\/420 psn|[from] psn
|
|switch|p1a: Blissey|Blissey, F|173\/714
|-damage|p1a: Blissey|84\/714|[from] Stealth Rock
|turn|79
|
|move|p1a: Blissey|Seismic Toss|p2a: Hippowdon
|-damage|p2a: Hippowdon|0 fnt
|faint|p2a: Hippowdon
|
|win|oioirnambe
|raw|Ladder updating...
|raw|oioirnambe's rating: 1576 &rarr; <strong>1594<\/strong><br \/>(+18 for winning)
|raw|4trackboy's rating: 1534 &rarr; <strong>1517<\/strong><br \/>(-17 for losing)