|join|arnelo2012
|join|arwing91
|player|p1|arnelo2012|109
|player|p2|arwing91|1
|gametype|singles
|gen|6
|tier|OU
|rated
|clearpoke
|poke|p1|Azumarill, M, shiny
|poke|p1|Manectric, F, shiny
|poke|p1|Mew
|poke|p1|Ferrothorn, M, shiny
|poke|p1|Talonflame, M, shiny
|poke|p1|Landorus-Therian, M, shiny
|poke|p2|Heatran, M, shiny
|poke|p2|Chansey, F
|poke|p2|Venusaur, F
|poke|p2|Mandibuzz, F
|poke|p2|Sylveon, F
|poke|p2|Quagsire, M
|rule|Swagger Clause: Swagger is banned
|rule|Baton Pass Clause: Limit one Pokémon knowing Baton Pass
|rule|Sleep Clause Mod: Limit one foe put to sleep
|rule|Species Clause: Limit one of each Pokémon
|rule|OHKO Clause: OHKO moves are banned
|rule|Moody Clause: Moody is banned
|rule|Evasion Moves Clause: Evasion moves are banned
|rule|Endless Battle Clause: Forcing endless battles is banned
|rule|HP Percentage Mod: HP is shown in percentages
|teampreview
|
|start
|switch|p1a: Manectric|Manectric, F, shiny|282\/282
|switch|p2a: Mandibuzz|Mandibuzz, F|410\/410
|turn|1
|
|switch|p2a: Quagsire|Quagsire, M|394\/394
|detailschange|p1a: Manectric|Manectric-Mega, F, shiny
|message|Manectric has Mega Evolved into Mega Manectric!
|-ability|p1a: Manectric|Intimidate|[of] p2a: Quagsire
|-unboost|p2a: Quagsire|atk|1
|move|p1a: Manectric|Thunderbolt|p2a: Quagsire
|-immune|p2a: Quagsire|[msg]
|
|turn|2
|
|switch|p1a: Ferrothorn|Ferrothorn, M, shiny|352\/352
|move|p2a: Quagsire|Toxic|p1a: Ferrothorn
|-fail|p1a: Ferrothorn
|
|turn|3
|
|switch|p2a: Heatran|Heatran, M, shiny|385\/385
|move|p1a: Ferrothorn|Stealth Rock|p2a: Heatran
|-sidestart|p2: arwing91|move: Stealth Rock
|
|turn|4
|
|switch|p1a: Azumarill|Azumarill, M, shiny|404\/404
|move|p2a: Heatran|Will-O-Wisp|p1a: Azumarill
|-status|p1a: Azumarill|brn
|
|-damage|p1a: Azumarill|354\/404 brn|[from] brn
|turn|5
|
|move|p2a: Heatran|Protect|p2a: Heatran
|-singleturn|p2a: Heatran|Protect
|move|p1a: Azumarill|Belly Drum|p1a: Azumarill
|-damage|p1a: Azumarill|152\/404 brn
|-setboost|p1a: Azumarill|atk|6|[from] move: Belly Drum
|-enditem|p1a: Azumarill|Sitrus Berry|[eat]
|-heal|p1a: Azumarill|253\/404 brn|[from] item: Sitrus Berry
|
|-damage|p1a: Azumarill|203\/404 brn|[from] brn
|turn|6
|
|switch|p2a: Mandibuzz|Mandibuzz, F|410\/410
|-damage|p2a: Mandibuzz|308\/410|[from] Stealth Rock
|move|p1a: Azumarill|Aqua Jet|p2a: Mandibuzz
|-damage|p2a: Mandibuzz|191\/410
|-damage|p1a: Azumarill|136\/404 brn|[from] item: Rocky Helmet|[of] p2a: Mandibuzz
|
|-damage|p1a: Azumarill|86\/404 brn|[from] brn
|turn|7
|
|move|p1a: Azumarill|Aqua Jet|p2a: Mandibuzz
|-damage|p2a: Mandibuzz|64\/410
|-damage|p1a: Azumarill|19\/404 brn|[from] item: Rocky Helmet|[of] p2a: Mandibuzz
|move|p2a: Mandibuzz|Roost|p2a: Mandibuzz
|-heal|p2a: Mandibuzz|269\/410
|
|-damage|p1a: Azumarill|0 fnt|[from] brn
|faint|p1a: Azumarill
|
|switch|p1a: Manectric|Manectric-Mega, F, shiny|282\/282
|-ability|p1a: Manectric|Intimidate|[of] p2a: Mandibuzz
|-unboost|p2a: Mandibuzz|atk|1
|turn|8
|
|switch|p2a: Chansey|Chansey, F|642\/642
|-damage|p2a: Chansey|562\/642|[from] Stealth Rock
|move|p1a: Manectric|Thunderbolt|p2a: Chansey
|-damage|p2a: Chansey|477\/642
|
|turn|9
|
|move|p1a: Manectric|Volt Switch|p2a: Chansey
|-damage|p2a: Chansey|416\/642
|
|switch|p1a: Mew|Mew|404\/404
|move|p2a: Chansey|Wish|p2a: Chansey
|
|turn|10
|
|move|p1a: Mew|Knock Off|p2a: Chansey
|-damage|p2a: Chansey|308\/642
|-enditem|p2a: Chansey|Eviolite|[from] move: Knock Off|[of] p1a: Mew
|move|p2a: Chansey|Toxic|p1a: Mew
|-status|p1a: Mew|tox
|-status|p2a: Chansey|tox
|
|-heal|p2a: Chansey|629\/642 tox|[from] move: Wish|[wisher] Chansey
|-damage|p1a: Mew|379\/404 tox|[from] psn
|-damage|p2a: Chansey|589\/642 tox|[from] psn
|turn|11
|
|switch|p1a: Ferrothorn|Ferrothorn, M, shiny|352\/352
|switch|p2a: Mandibuzz|Mandibuzz, F|269\/410
|-damage|p2a: Mandibuzz|167\/410|[from] Stealth Rock
|
|turn|12
|
|move|p2a: Mandibuzz|Taunt|p1a: Ferrothorn
|-start|p1a: Ferrothorn|move: Taunt
|cant|p1a: Ferrothorn|move: Taunt|Spikes
|
|turn|13
|
|switch|p1a: Manectric|Manectric-Mega, F, shiny|282\/282
|-ability|p1a: Manectric|Intimidate|[of] p2a: Mandibuzz
|-unboost|p2a: Mandibuzz|atk|1
|move|p2a: Mandibuzz|Roost|p2a: Mandibuzz
|-heal|p2a: Mandibuzz|372\/410
|
|turn|14
|
|switch|p2a: Quagsire|Quagsire, M|394\/394
|-damage|p2a: Quagsire|370\/394|[from] Stealth Rock
|move|p1a: Manectric|Volt Switch|p2a: Quagsire
|-immune|p2a: Quagsire|[msg]
|
|-heal|p2a: Quagsire|394\/394|[from] item: Leftovers
|turn|15
|
|switch|p1a: Ferrothorn|Ferrothorn, M, shiny|352\/352
|move|p2a: Quagsire|Scald|p1a: Ferrothorn
|-resisted|p1a: Ferrothorn
|-damage|p1a: Ferrothorn|325\/352
|
|turn|16
|
|switch|p2a: Heatran|Heatran, M, shiny|385\/385
|-damage|p2a: Heatran|337\/385|[from] Stealth Rock
|move|p1a: Ferrothorn|Power Whip|p2a: Heatran
|-resisted|p2a: Heatran
|-damage|p2a: Heatran|303\/385
|
|-heal|p2a: Heatran|327\/385|[from] item: Leftovers
|turn|17
|
|switch|p1a: Mew|Mew|379\/404 tox
|move|p2a: Heatran|Will-O-Wisp|p1a: Mew
|-fail|p1a: Mew
|
|-heal|p1a: Mew|404\/404 tox|[from] item: Leftovers
|-heal|p2a: Heatran|351\/385|[from] item: Leftovers
|-damage|p1a: Mew|379\/404 tox|[from] psn
|turn|18
|
|move|p2a: Heatran|Protect|p2a: Heatran
|-singleturn|p2a: Heatran|Protect
|move|p1a: Mew|Knock Off|p2a: Heatran
|-activate|p2a: Heatran|Protect
|
|-heal|p1a: Mew|404\/404 tox|[from] item: Leftovers
|-heal|p2a: Heatran|375\/385|[from] item: Leftovers
|-damage|p1a: Mew|354\/404 tox|[from] psn
|turn|19
|
|move|p1a: Mew|Knock Off|p2a: Heatran
|-damage|p2a: Heatran|297\/385
|-enditem|p2a: Heatran|Leftovers|[from] move: Knock Off|[of] p1a: Mew
|move|p2a: Heatran|Stealth Rock|p1a: Mew
|-sidestart|p1: arnelo2012|move: Stealth Rock
|
|-heal|p1a: Mew|379\/404 tox|[from] item: Leftovers
|-damage|p1a: Mew|304\/404 tox|[from] psn
|turn|20
|
|move|p1a: Mew|Defog|p2a: Heatran
|-unboost|p2a: Heatran|evasion|1
|-sideend|p2: arwing91|Stealth Rock|[from] move: Defog|[of] p2a: Heatran
|-sideend|p1: arnelo2012|Stealth Rock|[from] move: Defog|[of] p1a: Mew
|move|p2a: Heatran|Earth Power|p1a: Mew
|-damage|p1a: Mew|225\/404 tox
|
|-heal|p1a: Mew|250\/404 tox|[from] item: Leftovers
|-damage|p1a: Mew|150\/404 tox|[from] psn
|turn|21
|
|switch|p1a: Landorus-Therian|Landorus-Therian, M, shiny|320\/320
|-ability|p1a: Landorus-Therian|Intimidate|[of] p2a: Heatran
|-unboost|p2a: Heatran|atk|1
|move|p2a: Heatran|Stealth Rock|p1a: Landorus-Therian
|-sidestart|p1: arnelo2012|move: Stealth Rock
|
|turn|22
|
|move|p2a: Heatran|Protect|p2a: Heatran
|-singleturn|p2a: Heatran|Protect
|move|p1a: Landorus-Therian|Superpower|p2a: Heatran
|-activate|p2a: Heatran|Protect
|
|turn|23
|
|switch|p2a: Mandibuzz|Mandibuzz, F|372\/410
|move|p1a: Landorus-Therian|Superpower|p2a: Mandibuzz
|-damage|p2a: Mandibuzz|246\/410
|-damage|p1a: Landorus-Therian|267\/320|[from] item: Rocky Helmet|[of] p2a: Mandibuzz
|-unboost|p1a: Landorus-Therian|atk|1
|-unboost|p1a: Landorus-Therian|def|1
|
|turn|24
|
|switch|p1a: Mew|Mew|150\/404 tox
|-damage|p1a: Mew|100\/404 tox|[from] Stealth Rock
|move|p2a: Mandibuzz|Roost|p2a: Mandibuzz
|-heal|p2a: Mandibuzz|410\/410
|
|-heal|p1a: Mew|125\/404 tox|[from] item: Leftovers
|-damage|p1a: Mew|100\/404 tox|[from] psn
|turn|25
|
|move|p1a: Mew|Defog|p2a: Mandibuzz
|-unboost|p2a: Mandibuzz|evasion|1
|-sideend|p1: arnelo2012|Stealth Rock|[from] move: Defog|[of] p1a: Mew
|move|p2a: Mandibuzz|Knock Off|p1a: Mew
|-supereffective|p1a: Mew
|-damage|p1a: Mew|0 fnt
|-enditem|p1a: Mew|Leftovers|[from] move: Knock Off|[of] p2a: Mandibuzz
|faint|p1a: Mew
|
|
|switch|p1a: Talonflame|Talonflame, M, shiny|298\/298
|turn|26
|
|move|p1a: Talonflame|Swords Dance|p1a: Talonflame
|-boost|p1a: Talonflame|atk|2
|move|p2a: Mandibuzz|Foul Play|p1a: Talonflame
|-damage|p1a: Talonflame|0 fnt
|faint|p1a: Talonflame
|
|-message|arnelo2012 forfeited.
|
|win|arwing91
|raw|Ladder updating...
|leave|arnelo2012
|player|p1