|join|DaSpoofy
|join|EastonR
|player|p1|DaSpoofy|102
|player|p2|EastonR|169
|gametype|singles
|gen|6
|tier|UU
|rated
|rule|Sleep Clause Mod: Limit one foe put to sleep
|rule|Species Clause: Limit one of each Pokémon
|rule|OHKO Clause: OHKO moves are banned
|rule|Moody Clause: Moody is banned
|rule|Evasion Moves Clause: Evasion moves are banned
|rule|Endless Battle Clause: Forcing endless battles is banned
|rule|HP Percentage Mod: HP is reported as percentages
|clearpoke
|poke|p1|Galvantula, M
|poke|p1|Donphan, F
|poke|p1|Absol, M
|poke|p1|Lucario, M
|poke|p1|Darmanitan, M
|poke|p1|Azelf
|poke|p2|Slowbro, M
|poke|p2|Mienshao, M
|poke|p2|Rotom-Heat
|poke|p2|Umbreon, F
|poke|p2|Ampharos, F
|poke|p2|Forretress, M
|rule|Swagger Clause: Swagger is banned
|rule|Baton Pass Clause: Limit one Pokémon knowing Baton Pass
|teampreview
|
|start
|switch|p1a: Azelf|Azelf|354\/354
|switch|p2a: Rotom-Heat|Rotom-Heat|241\/241
|turn|1
|
|move|p2a: Rotom-Heat|Trick|p1a: Azelf
|-activate|p2a: Rotom-Heat|move: Trick|[of] p1a: Azelf
|-item|p1a: Azelf|Choice Scarf|[from] move: Trick
|-item|p2a: Rotom-Heat|Leftovers|[from] move: Trick
|move|p1a: Azelf|Calm Mind|p1a: Azelf
|-boost|p1a: Azelf|spa|1
|-boost|p1a: Azelf|spd|1
|
|turn|2
|
|switch|p1a: Donphan|Donphan, F|382\/382
|move|p2a: Rotom-Heat|Will-O-Wisp|p1a: Donphan|[miss]
|-miss|p2a: Rotom-Heat|p1a: Donphan
|
|turn|3
|
|switch|p1a: Darmanitan|Darmanitan, M|351\/351
|move|p2a: Rotom-Heat|Overheat|p1a: Darmanitan
|-resisted|p1a: Darmanitan
|-damage|p1a: Darmanitan|180\/351
|-unboost|p2a: Rotom-Heat|spa|2
|
|turn|4
|
|move|p1a: Darmanitan|U-turn|p2a: Rotom-Heat
|-resisted|p2a: Rotom-Heat
|-damage|p2a: Rotom-Heat|196\/241
|
|switch|p1a: Donphan|Donphan, F|382\/382
|move|p2a: Rotom-Heat|Volt Switch|p1a: Donphan
|-immune|p1a: Donphan|[msg]
|
|-heal|p2a: Rotom-Heat|211\/241|[from] item: Leftovers
|turn|5
|
|switch|p2a: Slowbro|Slowbro, M|394\/394
|switch|p1a: Darmanitan|Darmanitan, M|180\/351
|
|turn|6
|
|move|p1a: Darmanitan|U-turn|p2a: Slowbro
|-supereffective|p2a: Slowbro
|-damage|p2a: Slowbro|268\/394
|
|switch|p1a: Azelf|Azelf|354\/354
|move|p2a: Slowbro|Scald|p1a: Azelf
|-damage|p1a: Azelf|221\/354
|-status|p1a: Azelf|brn
|
|-damage|p1a: Azelf|177\/354 brn|[from] brn
|turn|7
|
|move|p1a: Azelf|Substitute|p1a: Azelf
|-start|p1a: Azelf|Substitute
|-damage|p1a: Azelf|89\/354 brn
|move|p2a: Slowbro|Scald|p1a: Azelf
|-end|p1a: Azelf|Substitute
|
|-damage|p1a: Azelf|45\/354 brn|[from] brn
|turn|8
|
|move|p1a: Azelf|Substitute|p1a: Azelf
|-fail|p1a: Azelf|move: Substitute|[weak]
|move|p2a: Slowbro|Scald|p1a: Azelf
|-damage|p1a: Azelf|0 fnt
|faint|p1a: Azelf
|
|
|switch|p1a: Galvantula|Galvantula, M|281\/281
|turn|9
|
|switch|p2a: Rotom-Heat|Rotom-Heat|211\/241
|move|p1a: Galvantula|Thunder|p2a: Rotom-Heat
|-resisted|p2a: Rotom-Heat
|-damage|p2a: Rotom-Heat|142\/241
|
|-heal|p2a: Rotom-Heat|157\/241|[from] item: Leftovers
|turn|10
|
|move|p1a: Galvantula|Sticky Web|p2a: Rotom-Heat
|-sidestart|p2: EastonR|move: Sticky Web
|move|p2a: Rotom-Heat|Volt Switch|p1a: Galvantula
|-resisted|p1a: Galvantula
|-damage|p1a: Galvantula|202\/281
|
|switch|p2a: Forretress|Forretress, M|354\/354
|-activate|p2a: Forretress|move: Sticky Web
|-unboost|p2a: Forretress|spe|1
|
|turn|11
|
|switch|p1a: Absol|Absol, M|271\/271
|move|p2a: Forretress|Stealth Rock|p1a: Absol
|-sidestart|p1: DaSpoofy|move: Stealth Rock
|
|turn|12
|
|detailschange|p1a: Absol|Absol-Mega, M
|message|Absol has Mega Evolved into Mega Absol!
|move|p1a: Absol|Swords Dance|p1a: Absol
|-boost|p1a: Absol|atk|2
|move|p2a: Forretress|Rapid Spin|p1a: Absol
|-damage|p1a: Absol|248\/271
|-sideend|p2: EastonR|Sticky Web|[from] move: Rapid Spin|[of] p2a: Forretress
|
|turn|13
|
|move|p1a: Absol|Swords Dance|p1a: Absol
|-boost|p1a: Absol|atk|2
|move|p2a: Forretress|Gyro Ball|p1a: Absol
|-damage|p1a: Absol|0 fnt
|faint|p1a: Absol
|
|
|switch|p1a: Lucario|Lucario, M|282\/282
|-damage|p1a: Lucario|274\/282|[from] Stealth Rock
|turn|14
|
|move|p1a: Lucario|Substitute|p1a: Lucario
|-start|p1a: Lucario|Substitute
|-damage|p1a: Lucario|204\/282
|move|p2a: Forretress|Volt Switch|p1a: Lucario
|-activate|p1a: Lucario|Substitute|[damage]
|
|switch|p2a: Slowbro|Slowbro, M|394\/394
|
|-heal|p1a: Lucario|221\/282|[from] item: Leftovers
|turn|15
|
|move|p1a: Lucario|Crunch|p2a: Slowbro
|-supereffective|p2a: Slowbro
|-damage|p2a: Slowbro|280\/394
|move|p2a: Slowbro|Scald|p1a: Lucario
|-end|p1a: Lucario|Substitute
|
|-heal|p1a: Lucario|238\/282|[from] item: Leftovers
|turn|16
|
|move|p1a: Lucario|Crunch|p2a: Slowbro
|-supereffective|p2a: Slowbro
|-damage|p2a: Slowbro|166\/394
|move|p2a: Slowbro|Scald|p1a: Lucario
|-crit|p1a: Lucario
|-damage|p1a: Lucario|34\/282
|
|-heal|p1a: Lucario|51\/282|[from] item: Leftovers
|turn|17
|
|move|p1a: Lucario|Crunch|p2a: Slowbro
|-crit|p2a: Slowbro
|-supereffective|p2a: Slowbro
|-damage|p2a: Slowbro|4\/394
|-unboost|p2a: Slowbro|def|1
|move|p2a: Slowbro|Scald|p1a: Lucario
|-damage|p1a: Lucario|0 fnt
|faint|p1a: Lucario
|
|
|switch|p1a: Darmanitan|Darmanitan, M|180\/351
|-damage|p1a: Darmanitan|93\/351|[from] Stealth Rock
|turn|18
|
|switch|p2a: Rotom-Heat|Rotom-Heat|157\/241
|move|p1a: Darmanitan|U-turn|p2a: Rotom-Heat
|-resisted|p2a: Rotom-Heat
|-damage|p2a: Rotom-Heat|116\/241
|
|switch|p1a: Donphan|Donphan, F|382\/382
|-damage|p1a: Donphan|359\/382|[from] Stealth Rock
|
|-heal|p2a: Rotom-Heat|131\/241|[from] item: Leftovers
|-heal|p1a: Donphan|382\/382|[from] item: Leftovers
|turn|19
|-message|DaSpoofy forfeited.
|leave|DaSpoofy
|
|win|EastonR
|raw|Ladder updating...
|player|p1
|raw|DaSpoofy's rating: 1424 &rarr; <strong>1396<\/strong><br \/>(-28 for losing)
|raw|EastonR's rating: 1278 &rarr; <strong>1313<\/strong><br \/>(+35 for winning)