|join|teamtest239852
|join|DaSpoofy
|player|p1|teamtest239852|3
|player|p2|DaSpoofy|265
|gametype|singles
|gen|6
|tier|UU
|rated
|rule|Sleep Clause Mod: Limit one foe put to sleep
|rule|Species Clause: Limit one of each Pokémon
|rule|OHKO Clause: OHKO moves are banned
|rule|Moody Clause: Moody is banned
|rule|Evasion Moves Clause: Evasion moves are banned
|rule|Endless Battle Clause: Forcing endless battles is banned
|rule|HP Percentage Mod: HP is shown in percentages
|clearpoke
|poke|p1|Swampert, M
|poke|p1|Aerodactyl, M
|poke|p1|Lucario, M
|poke|p1|Umbreon, F
|poke|p1|Arcanine, M
|poke|p1|Roserade, F
|poke|p2|Tangrowth, F
|poke|p2|Nidoking, M
|poke|p2|Galvantula, F
|poke|p2|Empoleon, M
|poke|p2|Zygarde
|poke|p2|Honchkrow, F
|rule|Swagger Clause: Swagger is banned
|rule|Baton Pass Clause: Limit one Pokémon knowing Baton Pass
|teampreview
|
|start
|switch|p1a: Arcanine|Arcanine, M|384\/384
|switch|p2a: Galvantula|Galvantula, F|281\/281
|-item|p1a: Arcanine|Air Balloon
|turn|1
|
|move|p2a: Galvantula|Sticky Web|p1a: Arcanine
|-sidestart|p1: teamtest239852|move: Sticky Web
|move|p1a: Arcanine|Flare Blitz|p2a: Galvantula
|-supereffective|p2a: Galvantula
|-enditem|p2a: Galvantula|Focus Sash
|-damage|p2a: Galvantula|1\/281
|-damage|p1a: Arcanine|292\/384|[from] recoil|[of] p2a: Galvantula
|
|turn|2
|
|switch|p2a: Zygarde|Zygarde|358\/358
|-ability|p2a: Zygarde|Aura Break
|move|p1a: Arcanine|Extreme Speed|p2a: Zygarde
|-damage|p2a: Zygarde|280\/358
|
|-heal|p2a: Zygarde|302\/358|[from] item: Leftovers
|turn|3
|
|switch|p1a: Roserade|Roserade, F|324\/324
|-activate|p1a: Roserade|move: Sticky Web
|-unboost|p1a: Roserade|spe|1
|move|p2a: Zygarde|Substitute|p2a: Zygarde
|-start|p2a: Zygarde|Substitute
|-damage|p2a: Zygarde|213\/358
|
|-heal|p2a: Zygarde|235\/358|[from] item: Leftovers
|turn|4
|
|move|p2a: Zygarde|Earthquake|p1a: Roserade
|-damage|p1a: Roserade|53\/324
|move|p1a: Roserade|Dazzling Gleam|p2a: Zygarde
|-supereffective|p2a: Zygarde
|-end|p2a: Zygarde|Substitute
|
|-heal|p2a: Zygarde|257\/358|[from] item: Leftovers
|turn|5
|
|move|p2a: Zygarde|Earthquake|p1a: Roserade
|-damage|p1a: Roserade|0 fnt
|faint|p1a: Roserade
|
|-heal|p2a: Zygarde|279\/358|[from] item: Leftovers
|
|switch|p1a: Aerodactyl|Aerodactyl, M|301\/301
|-ability|p1a: Aerodactyl|Unnerve|p2: DaSpoofy
|turn|6
|
|switch|p2a: Galvantula|Galvantula, F|1\/281
|detailschange|p1a: Aerodactyl|Aerodactyl-Mega, M
|message|Aerodactyl has Mega Evolved into Mega Aerodactyl!
|move|p1a: Aerodactyl|Aerial Ace|p2a: Galvantula
|-damage|p2a: Galvantula|0 fnt
|faint|p2a: Galvantula
|
|
|switch|p2a: Tangrowth|Tangrowth, F|404\/404
|turn|7
|
|move|p1a: Aerodactyl|Aerial Ace|p2a: Tangrowth
|-supereffective|p2a: Tangrowth
|-damage|p2a: Tangrowth|240\/404
|move|p2a: Tangrowth|Sleep Powder|p1a: Aerodactyl
|-status|p1a: Aerodactyl|slp
|
|-heal|p2a: Tangrowth|265\/404|[from] item: Leftovers
|turn|8
|
|switch|p1a: Arcanine|Arcanine, M|292\/384
|-item|p1a: Arcanine|Air Balloon
|move|p2a: Tangrowth|Giga Drain|p1a: Arcanine
|-resisted|p1a: Arcanine
|-damage|p1a: Arcanine|238\/384
|-heal|p2a: Tangrowth|292\/404|[from] drain|[of] p1a: Arcanine
|-enditem|p1a: Arcanine|Air Balloon
|
|-heal|p2a: Tangrowth|317\/404|[from] item: Leftovers
|turn|9
|
|move|p1a: Arcanine|Flare Blitz|p2a: Tangrowth
|-supereffective|p2a: Tangrowth
|-damage|p2a: Tangrowth|77\/404
|-damage|p1a: Arcanine|159\/384|[from] recoil|[of] p2a: Tangrowth
|move|p2a: Tangrowth|Giga Drain|p1a: Arcanine
|-resisted|p1a: Arcanine
|-damage|p1a: Arcanine|106\/384
|-heal|p2a: Tangrowth|104\/404|[from] drain|[of] p1a: Arcanine
|
|-heal|p2a: Tangrowth|129\/404|[from] item: Leftovers
|turn|10
|
|switch|p2a: Zygarde|Zygarde|279\/358
|-ability|p2a: Zygarde|Aura Break
|move|p1a: Arcanine|Morning Sun|p1a: Arcanine
|-heal|p1a: Arcanine|298\/384
|
|-heal|p2a: Zygarde|301\/358|[from] item: Leftovers
|turn|11
|
|switch|p1a: Swampert|Swampert, M|404\/404
|-activate|p1a: Swampert|move: Sticky Web
|-unboost|p1a: Swampert|spe|1
|move|p2a: Zygarde|Substitute|p2a: Zygarde
|-start|p2a: Zygarde|Substitute
|-damage|p2a: Zygarde|212\/358
|
|-heal|p2a: Zygarde|234\/358|[from] item: Leftovers
|turn|12
|
|move|p2a: Zygarde|Earthquake|p1a: Swampert
|-damage|p1a: Swampert|275\/404
|move|p1a: Swampert|Earthquake|p2a: Zygarde
|-end|p2a: Zygarde|Substitute
|
|-heal|p2a: Zygarde|256\/358|[from] item: Leftovers
|-heal|p1a: Swampert|300\/404|[from] item: Leftovers
|turn|13
|
|switch|p2a: Tangrowth|Tangrowth, F|263\/404
|move|p1a: Swampert|Toxic|p2a: Tangrowth
|-status|p2a: Tangrowth|tox
|
|-heal|p2a: Tangrowth|288\/404 tox|[from] item: Leftovers
|-heal|p1a: Swampert|325\/404|[from] item: Leftovers
|-damage|p2a: Tangrowth|263\/404 tox|[from] psn
|turn|14
|
|switch|p1a: Umbreon|Umbreon, F|394\/394
|-activate|p1a: Umbreon|move: Sticky Web
|-unboost|p1a: Umbreon|spe|1
|move|p2a: Tangrowth|Giga Drain|p1a: Umbreon
|-damage|p1a: Umbreon|333\/394
|-heal|p2a: Tangrowth|294\/404 tox|[from] drain|[of] p1a: Umbreon
|
|-heal|p2a: Tangrowth|319\/404 tox|[from] item: Leftovers
|-heal|p1a: Umbreon|357\/394|[from] item: Leftovers
|-damage|p2a: Tangrowth|269\/404 tox|[from] psn
|turn|15
|
|move|p2a: Tangrowth|Knock Off|p1a: Umbreon
|-resisted|p1a: Umbreon
|-damage|p1a: Umbreon|328\/394
|-enditem|p1a: Umbreon|Leftovers|[from] move: Knock Off|[of] p2a: Tangrowth
|move|p1a: Umbreon|Heal Bell|p1a: Umbreon
|-cureteam|p1a: Umbreon|[from] move: HealBell
|
|-heal|p2a: Tangrowth|294\/404 tox|[from] item: Leftovers
|-damage|p2a: Tangrowth|219\/404 tox|[from] psn
|turn|16
|
|switch|p2a: Empoleon|Empoleon, M|369\/369
|move|p1a: Umbreon|Foul Play|p2a: Empoleon
|-damage|p2a: Empoleon|275\/369
|
|-heal|p2a: Empoleon|298\/369|[from] item: Leftovers
|turn|17
|
|switch|p1a: Swampert|Swampert, M|325\/404
|-activate|p1a: Swampert|move: Sticky Web
|-unboost|p1a: Swampert|spe|1
|move|p2a: Empoleon|Stealth Rock|p1a: Swampert
|-sidestart|p1: teamtest239852|move: Stealth Rock
|
|-heal|p2a: Empoleon|321\/369|[from] item: Leftovers
|-heal|p1a: Swampert|350\/404|[from] item: Leftovers
|turn|18
|
|move|p2a: Empoleon|Scald|p1a: Swampert
|-damage|p1a: Swampert|245\/404
|move|p1a: Swampert|Stealth Rock|p2a: Empoleon
|-sidestart|p2: DaSpoofy|move: Stealth Rock
|
|-heal|p2a: Empoleon|344\/369|[from] item: Leftovers
|-heal|p1a: Swampert|270\/404|[from] item: Leftovers
|turn|19
|
|switch|p1a: Umbreon|Umbreon, F|328\/394
|-damage|p1a: Umbreon|279\/394|[from] Stealth Rock
|-activate|p1a: Umbreon|move: Sticky Web
|-unboost|p1a: Umbreon|spe|1
|move|p2a: Empoleon|Scald|p1a: Umbreon
|-damage|p1a: Umbreon|219\/394
|
|-heal|p2a: Empoleon|367\/369|[from] item: Leftovers
|turn|20
|
|move|p2a: Empoleon|Toxic|p1a: Umbreon
|-status|p1a: Umbreon|tox
|move|p1a: Umbreon|Foul Play|p2a: Empoleon
|-damage|p2a: Empoleon|276\/369
|
|-heal|p2a: Empoleon|299\/369|[from] item: Leftovers
|-damage|p1a: Umbreon|195\/394 tox|[from] psn
|turn|21
|
|switch|p2a: Honchkrow|Honchkrow, F|341\/341
|-damage|p2a: Honchkrow|256\/341|[from] Stealth Rock
|move|p1a: Umbreon|Heal Bell|p1a: Umbreon
|-cureteam|p1a: Umbreon|[from] move: HealBell
|
|turn|22
|
|switch|p1a: Aerodactyl|Aerodactyl-Mega, M|301\/301
|-damage|p1a: Aerodactyl|226\/301|[from] Stealth Rock
|move|p2a: Honchkrow|Brave Bird|p1a: Aerodactyl
|-crit|p1a: Aerodactyl
|-resisted|p1a: Aerodactyl
|-damage|p1a: Aerodactyl|0 fnt
|-damage|p2a: Honchkrow|181\/341|[from] recoil|[of] p1a: Aerodactyl
|-damage|p2a: Honchkrow|147\/341|[from] item: Life Orb
|faint|p1a: Aerodactyl
|-boost|p2a: Honchkrow|atk|1|[from] ability: Moxie
|
|
|switch|p1a: Arcanine|Arcanine, M|298\/384
|-damage|p1a: Arcanine|202\/384|[from] Stealth Rock
|-activate|p1a: Arcanine|move: Sticky Web
|-unboost|p1a: Arcanine|spe|1
|turn|23
|
|move|p1a: Arcanine|Extreme Speed|p2a: Honchkrow
|-damage|p2a: Honchkrow|0 fnt
|faint|p2a: Honchkrow
|
|
|switch|p2a: Zygarde|Zygarde|256\/358
|-damage|p2a: Zygarde|234\/358|[from] Stealth Rock
|-ability|p2a: Zygarde|Aura Break
|turn|24
|
|switch|p1a: Swampert|Swampert, M|270\/404
|-activate|p1a: Swampert|move: Sticky Web
|-unboost|p1a: Swampert|spe|1
|-damage|p1a: Swampert|245\/404|[from] Stealth Rock
|move|p2a: Zygarde|Substitute|p2a: Zygarde
|-start|p2a: Zygarde|Substitute
|-damage|p2a: Zygarde|145\/358
|
|-heal|p2a: Zygarde|167\/358|[from] item: Leftovers
|-heal|p1a: Swampert|270\/404|[from] item: Leftovers
|turn|25
|
|move|p2a: Zygarde|Earthquake|p1a: Swampert
|-damage|p1a: Swampert|138\/404
|move|p1a: Swampert|Earthquake|p2a: Zygarde
|-end|p2a: Zygarde|Substitute
|
|-heal|p2a: Zygarde|189\/358|[from] item: Leftovers
|-heal|p1a: Swampert|163\/404|[from] item: Leftovers
|turn|26
|
|switch|p2a: Tangrowth|Tangrowth, F|353\/404 tox
|-damage|p2a: Tangrowth|303\/404 tox|[from] Stealth Rock
|move|p1a: Swampert|Earthquake|p2a: Tangrowth
|-resisted|p2a: Tangrowth
|-damage|p2a: Tangrowth|264\/404 tox
|
|-heal|p2a: Tangrowth|289\/404 tox|[from] item: Leftovers
|-heal|p1a: Swampert|188\/404|[from] item: Leftovers
|-damage|p2a: Tangrowth|264\/404 tox|[from] psn
|turn|27
|
|switch|p2a: Zygarde|Zygarde|189\/358
|-damage|p2a: Zygarde|167\/358|[from] Stealth Rock
|-ability|p2a: Zygarde|Aura Break
|switch|p1a: Lucario|Lucario, M|281\/281
|-damage|p1a: Lucario|273\/281|[from] Stealth Rock
|-activate|p1a: Lucario|move: Sticky Web
|-unboost|p1a: Lucario|spe|1
|
|-heal|p2a: Zygarde|189\/358|[from] item: Leftovers
|turn|28
|
|move|p2a: Zygarde|Earthquake|p1a: Lucario
|-supereffective|p1a: Lucario
|-damage|p1a: Lucario|0 fnt
|faint|p1a: Lucario
|
|-heal|p2a: Zygarde|211\/358|[from] item: Leftovers
|
|switch|p1a: Umbreon|Umbreon, F|195\/394
|-activate|p1a: Umbreon|move: Sticky Web
|-unboost|p1a: Umbreon|spe|1
|-damage|p1a: Umbreon|146\/394|[from] Stealth Rock
|turn|29
|
|switch|p2a: Nidoking|Nidoking, M|304\/304
|-damage|p2a: Nidoking|285\/304|[from] Stealth Rock
|move|p1a: Umbreon|Moonlight|p1a: Umbreon
|-heal|p1a: Umbreon|343\/394
|
|turn|30
|
|move|p2a: Nidoking|Sludge Wave|p1a: Umbreon
|-damage|p1a: Umbreon|214\/394
|move|p1a: Umbreon|Foul Play|p2a: Nidoking
|-damage|p2a: Nidoking|161\/304
|
|turn|31
|
|move|p2a: Nidoking|Earth Power|p1a: Umbreon
|-damage|p1a: Umbreon|100\/394
|move|p1a: Umbreon|Moonlight|p1a: Umbreon
|-heal|p1a: Umbreon|297\/394
|
|turn|32
|
|move|p2a: Nidoking|Sludge Wave|p1a: Umbreon
|-damage|p1a: Umbreon|163\/394
|move|p1a: Umbreon|Foul Play|p2a: Nidoking
|-damage|p2a: Nidoking|43\/304
|
|turn|33
|
|move|p2a: Nidoking|Sludge Wave|p1a: Umbreon
|-damage|p1a: Umbreon|30\/394
|move|p1a: Umbreon|Moonlight|p1a: Umbreon
|-heal|p1a: Umbreon|227\/394
|
|turn|34
|
|move|p2a: Nidoking|Sludge Wave|p1a: Umbreon
|-damage|p1a: Umbreon|94\/394
|move|p1a: Umbreon|Moonlight|p1a: Umbreon
|-heal|p1a: Umbreon|291\/394
|
|turn|35
|
|move|p2a: Nidoking|Sludge Wave|p1a: Umbreon
|-damage|p1a: Umbreon|155\/394
|move|p1a: Umbreon|Moonlight|p1a: Umbreon
|-heal|p1a: Umbreon|352\/394
|
|turn|36
|
|move|p2a: Nidoking|Sludge Wave|p1a: Umbreon
|-damage|p1a: Umbreon|231\/394
|move|p1a: Umbreon|Foul Play|p2a: Nidoking
|-damage|p2a: Nidoking|0 fnt
|faint|p2a: Nidoking
|
|
|switch|p2a: Tangrowth|Tangrowth, F|398\/404 tox
|-damage|p2a: Tangrowth|348\/404 tox|[from] Stealth Rock
|turn|37
|
|switch|p1a: Arcanine|Arcanine, M|202\/384
|-activate|p1a: Arcanine|move: Sticky Web
|-unboost|p1a: Arcanine|spe|1
|-damage|p1a: Arcanine|106\/384|[from] Stealth Rock
|move|p2a: Tangrowth|Sleep Powder|p1a: Arcanine
|-status|p1a: Arcanine|slp
|
|-heal|p2a: Tangrowth|373\/404 tox|[from] item: Leftovers
|-damage|p2a: Tangrowth|348\/404 tox|[from] psn
|turn|38
|
|switch|p1a: Umbreon|Umbreon, F|231\/394
|-damage|p1a: Umbreon|182\/394|[from] Stealth Rock
|-activate|p1a: Umbreon|move: Sticky Web
|-unboost|p1a: Umbreon|spe|1
|switch|p2a: Zygarde|Zygarde|211\/358
|-damage|p2a: Zygarde|189\/358|[from] Stealth Rock
|-ability|p2a: Zygarde|Aura Break
|
|-heal|p2a: Zygarde|211\/358|[from] item: Leftovers
|turn|39
|
|move|p2a: Zygarde|Earthquake|p1a: Umbreon
|-damage|p1a: Umbreon|29\/394
|move|p1a: Umbreon|Moonlight|p1a: Umbreon
|-heal|p1a: Umbreon|226\/394
|
|-heal|p2a: Zygarde|233\/358|[from] item: Leftovers
|turn|40
|
|move|p2a: Zygarde|Dragon Dance|p2a: Zygarde
|-boost|p2a: Zygarde|atk|1
|-boost|p2a: Zygarde|spe|1
|move|p1a: Umbreon|Moonlight|p1a: Umbreon
|-heal|p1a: Umbreon|394\/394
|
|-heal|p2a: Zygarde|255\/358|[from] item: Leftovers
|turn|41
|
|move|p2a: Zygarde|Earthquake|p1a: Umbreon
|-damage|p1a: Umbreon|162\/394
|move|p1a: Umbreon|Foul Play|p2a: Zygarde
|-damage|p2a: Zygarde|48\/358
|
|-heal|p2a: Zygarde|70\/358|[from] item: Leftovers
|turn|42
|
|move|p2a: Zygarde|Earthquake|p1a: Umbreon
|-damage|p1a: Umbreon|0 fnt
|faint|p1a: Umbreon
|
|-heal|p2a: Zygarde|92\/358|[from] item: Leftovers
|
|switch|p1a: Swampert|Swampert, M|188\/404
|-damage|p1a: Swampert|163\/404|[from] Stealth Rock
|-activate|p1a: Swampert|move: Sticky Web
|-unboost|p1a: Swampert|spe|1
|turn|43
|
|move|p2a: Zygarde|Earthquake|p1a: Swampert
|-damage|p1a: Swampert|0 fnt
|faint|p1a: Swampert
|
|-heal|p2a: Zygarde|114\/358|[from] item: Leftovers
|
|switch|p1a: Arcanine|Arcanine, M|106\/384 slp
|-damage|p1a: Arcanine|10\/384 slp|[from] Stealth Rock
|-activate|p1a: Arcanine|move: Sticky Web
|-unboost|p1a: Arcanine|spe|1
|turn|44
|
|move|p2a: Zygarde|Extreme Speed|p1a: Arcanine
|-damage|p1a: Arcanine|0 fnt
|faint|p1a: Arcanine
|
|win|DaSpoofy
|raw|Ladder updating...
|raw|teamtest239852's rating: 1397 &rarr; <strong>1376<\/strong><br \/>(-21 for losing)
|raw|DaSpoofy's rating: 1385 &rarr; <strong>1406<\/strong><br \/>(+21 for winning)
|c|★teamtest239852|gg
|c|★DaSpoofy|gg
|leave|DaSpoofy
|player|p2