|join|DaSpoofy
|join|Nois3
|player|p1|DaSpoofy|252
|player|p2|Nois3|264
|gametype|singles
|gen|6
|tier|UU
|rated
|rule|Sleep Clause Mod: Limit one foe put to sleep
|rule|Species Clause: Limit one of each Pokémon
|rule|OHKO Clause: OHKO moves are banned
|rule|Moody Clause: Moody is banned
|rule|Evasion Moves Clause: Evasion moves are banned
|rule|Endless Battle Clause: Forcing endless battles is banned
|rule|HP Percentage Mod: HP is shown in percentages
|clearpoke
|poke|p1|Stunfisk, M, shiny
|poke|p1|Honchkrow, F
|poke|p1|Pidgeot, M
|poke|p1|Empoleon, F, shiny
|poke|p1|Rotom-Heat
|poke|p1|Chesnaught, F, shiny
|poke|p2|Serperior, M, shiny
|poke|p2|Snorlax, M
|poke|p2|Raikou
|poke|p2|Aerodactyl, M
|poke|p2|Infernape, F
|poke|p2|Krookodile, F
|rule|Swagger Clause: Swagger is banned
|rule|Baton Pass Clause: Limit one Pokémon knowing Baton Pass
|teampreview
|
|start
|switch|p1a: Tom Brady|Chesnaught, F, shiny|380\/380
|switch|p2a: Infernape|Infernape, F|293\/293
|turn|1
|
|move|p1a: Tom Brady|Spiky Shield|p1a: Tom Brady
|-singleturn|p1a: Tom Brady|move: Protect
|move|p2a: Infernape|Stealth Rock|p1a: Tom Brady
|-sidestart|p1: DaSpoofy|move: Stealth Rock
|
|turn|2
|
|switch|p1a: Underinflated|Stunfisk, M, shiny|419\/419
|-damage|p1a: Underinflated|393\/419|[from] Stealth Rock
|move|p2a: Infernape|Flamethrower|p1a: Underinflated
|-damage|p1a: Underinflated|279\/419
|
|-heal|p1a: Underinflated|305\/419|[from] item: Leftovers
|turn|3
|
|switch|p2a: Snorlax|Snorlax, M|524\/524
|move|p1a: Underinflated|Discharge|p2a: Snorlax
|-damage|p2a: Snorlax|469\/524
|
|-heal|p1a: Underinflated|331\/419|[from] item: Leftovers
|-heal|p2a: Snorlax|501\/524|[from] item: Leftovers
|turn|4
|
|switch|p1a: Richard Sherman|Empoleon, F, shiny|372\/372
|-damage|p1a: Richard Sherman|349\/372|[from] Stealth Rock
|move|p2a: Snorlax|Body Slam|p1a: Richard Sherman
|-resisted|p1a: Richard Sherman
|-damage|p1a: Richard Sherman|285\/372
|
|-heal|p1a: Richard Sherman|308\/372|[from] item: Leftovers
|-heal|p2a: Snorlax|524\/524|[from] item: Leftovers
|turn|5
|
|switch|p2a: Infernape|Infernape, F|293\/293
|move|p1a: Richard Sherman|Scald|p2a: Infernape
|-supereffective|p2a: Infernape
|-enditem|p2a: Infernape|Focus Sash
|-damage|p2a: Infernape|1\/293
|
|-heal|p1a: Richard Sherman|331\/372|[from] item: Leftovers
|turn|6
|
|move|p2a: Infernape|Endeavor|p1a: Richard Sherman
|-damage|p1a: Richard Sherman|1\/372
|move|p1a: Richard Sherman|Knock Off|p2a: Infernape
|-resisted|p2a: Infernape
|-damage|p2a: Infernape|0 fnt
|faint|p2a: Infernape
|
|-heal|p1a: Richard Sherman|24\/372|[from] item: Leftovers
|
|switch|p2a: Aerodactyl|Aerodactyl, M|301\/301
|turn|7
|
|switch|p1a: Underinflated|Stunfisk, M, shiny|331\/419
|-damage|p1a: Underinflated|305\/419|[from] Stealth Rock
|detailschange|p2a: Aerodactyl|Aerodactyl-Mega, M
|-mega|p2a: Aerodactyl|Aerodactyl|Aerodactylite
|move|p2a: Aerodactyl|Aerial Ace|p1a: Underinflated
|-resisted|p1a: Underinflated
|-damage|p1a: Underinflated|248\/419
|
|-heal|p1a: Underinflated|274\/419|[from] item: Leftovers
|turn|8
|
|switch|p2a: Krookodile|Krookodile, F|331\/331
|-ability|p2a: Krookodile|Intimidate|[of] p1a: Underinflated
|-unboost|p1a: Underinflated|atk|1
|move|p1a: Underinflated|Discharge|p2a: Krookodile
|-immune|p2a: Krookodile|[msg]
|
|-heal|p1a: Underinflated|300\/419|[from] item: Leftovers
|turn|9
|
|switch|p2a: Serperior|Serperior, M, shiny|291\/291
|switch|p1a: Richard Sherman|Empoleon, F, shiny|24\/372
|-damage|p1a: Richard Sherman|1\/372|[from] Stealth Rock
|
|-heal|p1a: Richard Sherman|24\/372|[from] item: Leftovers
|turn|10
|
|move|p2a: Serperior|Leaf Storm|p1a: Richard Sherman
|-damage|p1a: Richard Sherman|0 fnt
|-boost|p2a: Serperior|spa|2
|faint|p1a: Richard Sherman
|
|
|switch|p1a: Patriots|Pidgeot, M|349\/349
|-damage|p1a: Patriots|262\/349|[from] Stealth Rock
|turn|11
|
|detailschange|p1a: Patriots|Pidgeot-Mega, M
|-mega|p1a: Patriots|Pidgeot|Pidgeotite
|move|p2a: Serperior|Glare|p1a: Patriots
|-status|p1a: Patriots|par
|move|p1a: Patriots|Roost|p1a: Patriots
|-heal|p1a: Patriots|349\/349 par
|
|turn|12
|
|switch|p2a: Snorlax|Snorlax, M|524\/524
|cant|p1a: Patriots|par
|
|turn|13
|
|move|p2a: Snorlax|Body Slam|p1a: Patriots
|-damage|p1a: Patriots|210\/349 par
|move|p1a: Patriots|Refresh|p1a: Patriots
|-curestatus|p1a: Patriots|par
|
|turn|14
|
|switch|p1a: Tom Brady|Chesnaught, F, shiny|380\/380
|-damage|p1a: Tom Brady|357\/380|[from] Stealth Rock
|move|p2a: Snorlax|Body Slam|p1a: Tom Brady
|-crit|p1a: Tom Brady
|-damage|p1a: Tom Brady|255\/380
|
|-heal|p1a: Tom Brady|278\/380|[from] item: Leftovers
|turn|15
|
|switch|p2a: Serperior|Serperior, M, shiny|291\/291
|move|p1a: Tom Brady|Spikes|p2a: Serperior
|-sidestart|p2: Nois3|Spikes
|
|-heal|p1a: Tom Brady|301\/380|[from] item: Leftovers
|turn|16
|
|switch|p1a: Hot Dogs|Rotom-Heat|304\/304
|-damage|p1a: Hot Dogs|228\/304|[from] Stealth Rock
|move|p2a: Serperior|Leaf Storm|p1a: Hot Dogs
|-resisted|p1a: Hot Dogs
|-damage|p1a: Hot Dogs|138\/304
|-boost|p2a: Serperior|spa|2
|
|-heal|p1a: Hot Dogs|157\/304|[from] item: Leftovers
|turn|17
|
|move|p2a: Serperior|Leaf Storm|p1a: Hot Dogs
|-resisted|p1a: Hot Dogs
|-damage|p1a: Hot Dogs|0 fnt
|-boost|p2a: Serperior|spa|2
|faint|p1a: Hot Dogs
|
|
|switch|p1a: Patriots|Pidgeot-Mega, M|210\/349
|-damage|p1a: Patriots|123\/349|[from] Stealth Rock
|turn|18
|
|move|p1a: Patriots|Substitute|p1a: Patriots
|-start|p1a: Patriots|Substitute
|-damage|p1a: Patriots|36\/349
|move|p2a: Serperior|Dragon Pulse|p1a: Patriots
|-end|p1a: Patriots|Substitute
|
|turn|19
|
|move|p1a: Patriots|Hurricane|p2a: Serperior
|-supereffective|p2a: Serperior
|-damage|p2a: Serperior|0 fnt
|faint|p2a: Serperior
|
|
|switch|p2a: Aerodactyl|Aerodactyl-Mega, M|301\/301
|turn|20
|
|move|p2a: Aerodactyl|Ice Fang|p1a: Patriots
|-supereffective|p1a: Patriots
|-damage|p1a: Patriots|0 fnt
|faint|p1a: Patriots
|
|
|switch|p1a: Underinflated|Stunfisk, M, shiny|300\/419
|-damage|p1a: Underinflated|274\/419|[from] Stealth Rock
|turn|21
|
|switch|p2a: Krookodile|Krookodile, F|331\/331
|-damage|p2a: Krookodile|290\/331|[from] Spikes
|-ability|p2a: Krookodile|Intimidate|[of] p1a: Underinflated
|-unboost|p1a: Underinflated|atk|1
|move|p1a: Underinflated|Earth Power|p2a: Krookodile
|-damage|p2a: Krookodile|181\/331
|
|-heal|p1a: Underinflated|300\/419|[from] item: Leftovers
|turn|22
|
|switch|p1a: Tom Brady|Chesnaught, F, shiny|301\/380
|-damage|p1a: Tom Brady|278\/380|[from] Stealth Rock
|move|p2a: Krookodile|Knock Off|p1a: Tom Brady
|-crit|p1a: Tom Brady
|-resisted|p1a: Tom Brady
|-damage|p1a: Tom Brady|200\/380
|-enditem|p1a: Tom Brady|Leftovers|[from] move: Knock Off|[of] p2a: Krookodile
|
|turn|23
|
|switch|p2a: Raikou|Raikou|321\/321
|-damage|p2a: Raikou|281\/321|[from] Spikes
|-ability|p2a: Raikou|Pressure
|move|p1a: Tom Brady|Leech Seed|p2a: Raikou
|-start|p2a: Raikou|move: Leech Seed
|
|-damage|p2a: Raikou|241\/321|[from] Leech Seed|[of] p1a: Tom Brady
|-heal|p1a: Tom Brady|240\/380|[silent]
|turn|24
|
|switch|p1a: Underinflated|Stunfisk, M, shiny|300\/419
|-damage|p1a: Underinflated|274\/419|[from] Stealth Rock
|move|p2a: Raikou|Shadow Ball|p1a: Underinflated
|-crit|p1a: Underinflated
|-damage|p1a: Underinflated|73\/419
|
|-heal|p1a: Underinflated|99\/419|[from] item: Leftovers
|-damage|p2a: Raikou|201\/321|[from] Leech Seed|[of] p1a: Underinflated
|-heal|p1a: Underinflated|139\/419|[silent]
|turn|25
|
|move|p2a: Raikou|Shadow Ball|p1a: Underinflated
|-damage|p1a: Underinflated|0 fnt
|faint|p1a: Underinflated
|
|
|switch|p1a: Seahawks|Honchkrow, F|341\/341
|-damage|p1a: Seahawks|256\/341|[from] Stealth Rock
|turn|26
|
|move|p1a: Seahawks|Pursuit|p2a: Raikou|[from]Pursuit
|-damage|p2a: Raikou|0 fnt
|-damage|p1a: Seahawks|222\/341|[from] item: Life Orb
|faint|p2a: Raikou
|-boost|p1a: Seahawks|atk|1|[from] ability: Moxie
|
|
|switch|p2a: Krookodile|Krookodile, F|181\/331
|-damage|p2a: Krookodile|140\/331|[from] Spikes
|-ability|p2a: Krookodile|Intimidate|[of] p1a: Seahawks
|-unboost|p1a: Seahawks|atk|1
|turn|27
|
|switch|p1a: Tom Brady|Chesnaught, F, shiny|240\/380
|-damage|p1a: Tom Brady|217\/380|[from] Stealth Rock
|move|p2a: Krookodile|Stone Edge|p1a: Tom Brady
|-resisted|p1a: Tom Brady
|-damage|p1a: Tom Brady|185\/380
|
|turn|28
|
|switch|p2a: Aerodactyl|Aerodactyl-Mega, M|301\/301
|move|p1a: Tom Brady|Hammer Arm|p2a: Aerodactyl
|-damage|p2a: Aerodactyl|147\/301
|-unboost|p1a: Tom Brady|spe|1
|
|turn|29
|
|move|p1a: Tom Brady|Spiky Shield|p1a: Tom Brady
|-singleturn|p1a: Tom Brady|move: Protect
|move|p2a: Aerodactyl|Hone Claws|p2a: Aerodactyl
|-boost|p2a: Aerodactyl|atk|1
|-boost|p2a: Aerodactyl|accuracy|1
|
|turn|30
|
|move|p1a: Tom Brady|Spiky Shield|p1a: Tom Brady
|-fail|p1a: Tom Brady
|move|p2a: Aerodactyl|Aerial Ace|p1a: Tom Brady
|-supereffective|p1a: Tom Brady
|-damage|p1a: Tom Brady|0 fnt
|faint|p1a: Tom Brady
|
|
|switch|p1a: Seahawks|Honchkrow, F|222\/341
|-damage|p1a: Seahawks|137\/341|[from] Stealth Rock
|turn|31
|
|move|p1a: Seahawks|Sucker Punch|p2a: Aerodactyl
|-damage|p2a: Aerodactyl|0 fnt
|-damage|p1a: Seahawks|103\/341|[from] item: Life Orb
|faint|p2a: Aerodactyl
|-boost|p1a: Seahawks|atk|1|[from] ability: Moxie
|
|
|switch|p2a: Krookodile|Krookodile, F|140\/331
|-damage|p2a: Krookodile|99\/331|[from] Spikes
|-ability|p2a: Krookodile|Intimidate|[of] p1a: Seahawks
|-unboost|p1a: Seahawks|atk|1
|turn|32
|
|move|p1a: Seahawks|Sucker Punch|p2a: Krookodile
|-resisted|p2a: Krookodile
|-damage|p2a: Krookodile|0 fnt
|-damage|p1a: Seahawks|69\/341|[from] item: Life Orb
|faint|p2a: Krookodile
|-boost|p1a: Seahawks|atk|1|[from] ability: Moxie
|
|c|★DaSpoofy|gg
|
|switch|p2a: Snorlax|Snorlax, M|524\/524
|-damage|p2a: Snorlax|459\/524|[from] Spikes
|turn|33
|
|move|p1a: Seahawks|Superpower|p2a: Snorlax
|-supereffective|p2a: Snorlax
|-damage|p2a: Snorlax|0 fnt
|-unboost|p1a: Seahawks|atk|1
|-unboost|p1a: Seahawks|def|1
|-damage|p1a: Seahawks|35\/341|[from] item: Life Orb
|faint|p2a: Snorlax
|-boost|p1a: Seahawks|atk|1|[from] ability: Moxie
|
|win|DaSpoofy
|raw|Ladder updating...
|raw|DaSpoofy's rating: 1423 &rarr; <strong>1438<\/strong><br \/>(+15 for winning)
|raw|Nois3's rating: 1342 &rarr; <strong>1327<\/strong><br \/>(-15 for losing)
|c|★Nois3|gg