|join|butze
|join|DaSpoofy
|player|p1|butze|1
|player|p2|DaSpoofy|290
|gametype|singles
|gen|6
|tier|UU
|rated
|rule|Sleep Clause Mod: Limit one foe put to sleep
|rule|Species Clause: Limit one of each Pokémon
|rule|OHKO Clause: OHKO moves are banned
|rule|Moody Clause: Moody is banned
|rule|Evasion Moves Clause: Evasion moves are banned
|rule|Endless Battle Clause: Forcing endless battles is banned
|rule|HP Percentage Mod: HP is shown in percentages
|clearpoke
|poke|p1|Hippowdon, F
|poke|p1|Stoutland, M
|poke|p1|Tentacruel, M
|poke|p1|Rotom-Heat
|poke|p1|Sceptile, M
|poke|p1|Mienshao, F
|poke|p2|Serperior, F
|poke|p2|Infernape, M
|poke|p2|Diancie
|poke|p2|Empoleon, M
|poke|p2|Snorlax, F
|poke|p2|Cresselia, F
|rule|Swagger Clause: Swagger is banned
|rule|Baton Pass Clause: Limit one Pokémon knowing Baton Pass
|teampreview
|c|★DaSpoofy|butze
|
|start
|switch|p1a: Rotom-Heat|Rotom-Heat|241\/241
|switch|p2a: Diancie|Diancie|241\/241
|turn|1
|
|detailschange|p2a: Diancie|Diancie-Mega
|-mega|p2a: Diancie|Diancie|Diancite
|move|p2a: Diancie|Protect|p2a: Diancie
|-singleturn|p2a: Diancie|Protect
|move|p1a: Rotom-Heat|Volt Switch|p2a: Diancie
|-activate|p2a: Diancie|Protect
|
|turn|2
|
|move|p1a: Rotom-Heat|Volt Switch|p2a: Diancie
|-damage|p2a: Diancie|135\/241
|
|switch|p1a: Hippowdon|Hippowdon, F|419\/419
|-weather|Sandstorm
|move|p2a: Diancie|Earth Power|p1a: Hippowdon
|-damage|p1a: Hippowdon|258\/419
|
|-weather|Sandstorm|[upkeep]
|turn|3
|
|move|p2a: Diancie|Moonblast|p1a: Hippowdon
|-damage|p1a: Hippowdon|21\/419
|-unboost|p1a: Hippowdon|spa|1
|move|p1a: Hippowdon|Stealth Rock|p2a: Diancie
|move|p2a: Diancie|Stealth Rock|p1a: Hippowdon|[from]Magic Bounce
|-sidestart|p1: butze|move: Stealth Rock
|
|-weather|Sandstorm|[upkeep]
|turn|4
|
|move|p2a: Diancie|Earth Power|p1a: Hippowdon
|-damage|p1a: Hippowdon|0 fnt
|faint|p1a: Hippowdon
|
|-weather|Sandstorm|[upkeep]
|
|switch|p1a: Sceptile|Sceptile, M|281\/281
|-damage|p1a: Sceptile|246\/281|[from] Stealth Rock
|turn|5
|
|switch|p2a: Snorlax|Snorlax, F|521\/521
|detailschange|p1a: Sceptile|Sceptile-Mega, M
|-mega|p1a: Sceptile|Sceptile|Sceptilite
|move|p1a: Sceptile|Giga Drain|p2a: Snorlax
|-damage|p2a: Snorlax|425\/521
|-heal|p1a: Sceptile|281\/281|[from] drain|[of] p2a: Snorlax
|
|-weather|Sandstorm|[upkeep]
|-damage|p1a: Sceptile|264\/281|[from] sandstorm
|-damage|p2a: Snorlax|393\/521|[from] sandstorm
|-heal|p2a: Snorlax|425\/521|[from] item: Leftovers
|turn|6
|
|switch|p1a: Stoutland|Stoutland, M|311\/311
|-damage|p1a: Stoutland|273\/311|[from] Stealth Rock
|move|p2a: Snorlax|Return|p1a: Stoutland
|-damage|p1a: Stoutland|125\/311
|
|-weather|Sandstorm|[upkeep]
|-damage|p2a: Snorlax|393\/521|[from] sandstorm
|-heal|p2a: Snorlax|425\/521|[from] item: Leftovers
|turn|7
|
|switch|p2a: Cresselia|Cresselia, F|439\/439
|move|p1a: Stoutland|Return|p2a: Cresselia
|-damage|p2a: Cresselia|283\/439
|
|-weather|Sandstorm|[upkeep]
|-damage|p2a: Cresselia|256\/439|[from] sandstorm
|-heal|p2a: Cresselia|283\/439|[from] item: Leftovers
|turn|8
|
|move|p1a: Stoutland|Return|p2a: Cresselia
|-damage|p2a: Cresselia|106\/439
|move|p2a: Cresselia|Rest|p2a: Cresselia
|-status|p2a: Cresselia|slp
|-heal|p2a: Cresselia|439\/439 slp|[silent]
|-status|p2a: Cresselia|slp|[from] move: Rest
|
|-weather|Sandstorm|[upkeep]
|-damage|p2a: Cresselia|412\/439 slp|[from] sandstorm
|-heal|p2a: Cresselia|439\/439 slp|[from] item: Leftovers
|turn|9
|
|move|p1a: Stoutland|Return|p2a: Cresselia
|-damage|p2a: Cresselia|268\/439 slp
|cant|p2a: Cresselia|slp
|move|p2a: Cresselia|Sleep Talk|p2a: Cresselia
|move|p2a: Cresselia|Rest|p2a: Cresselia|[from]Sleep Talk
|-fail|p2a: Cresselia
|
|-weather|none
|-heal|p2a: Cresselia|295\/439 slp|[from] item: Leftovers
|turn|10
|
|switch|p1a: Mienshao|Mienshao, F|271\/271
|-damage|p1a: Mienshao|255\/271|[from] Stealth Rock
|switch|p2a: Empoleon|Empoleon, M|372\/372
|
|turn|11
|
|move|p1a: Mienshao|U-turn|p2a: Empoleon
|-resisted|p2a: Empoleon
|-damage|p2a: Empoleon|327\/372
|
|switch|p1a: Tentacruel|Tentacruel, M|364\/364
|-damage|p1a: Tentacruel|319\/364|[from] Stealth Rock
|move|p2a: Empoleon|Scald|p1a: Tentacruel
|-resisted|p1a: Tentacruel
|-damage|p1a: Tentacruel|284\/364
|
|-heal|p1a: Tentacruel|306\/364|[from] item: Black Sludge
|-heal|p2a: Empoleon|350\/372|[from] item: Leftovers
|turn|12
|
|move|p1a: Tentacruel|Rapid Spin|p2a: Empoleon
|-resisted|p2a: Empoleon
|-damage|p2a: Empoleon|343\/372
|-sideend|p1: butze|Stealth Rock|[from] move: Rapid Spin|[of] p1a: Tentacruel
|move|p2a: Empoleon|Knock Off|p1a: Tentacruel
|-crit|p1a: Tentacruel
|-damage|p1a: Tentacruel|187\/364
|-enditem|p1a: Tentacruel|Black Sludge|[from] move: Knock Off|[of] p2a: Empoleon
|
|-heal|p2a: Empoleon|366\/372|[from] item: Leftovers
|turn|13
|
|move|p1a: Tentacruel|Toxic Spikes|p2a: Empoleon
|-sidestart|p2: DaSpoofy|move: Toxic Spikes
|move|p2a: Empoleon|Stealth Rock|p1a: Tentacruel
|-sidestart|p1: butze|move: Stealth Rock
|
|-heal|p2a: Empoleon|372\/372|[from] item: Leftovers
|turn|14
|
|move|p1a: Tentacruel|Scald|p2a: Empoleon
|-resisted|p2a: Empoleon
|-damage|p2a: Empoleon|341\/372
|move|p2a: Empoleon|Scald|p1a: Tentacruel
|-resisted|p1a: Tentacruel
|-damage|p1a: Tentacruel|151\/364
|
|-heal|p2a: Empoleon|364\/372|[from] item: Leftovers
|turn|15
|
|move|p1a: Tentacruel|Scald|p2a: Empoleon
|-resisted|p2a: Empoleon
|-damage|p2a: Empoleon|337\/372
|move|p2a: Empoleon|Scald|p1a: Tentacruel
|-resisted|p1a: Tentacruel
|-damage|p1a: Tentacruel|118\/364
|-status|p1a: Tentacruel|brn
|
|-heal|p2a: Empoleon|360\/372|[from] item: Leftovers
|-damage|p1a: Tentacruel|73\/364 brn|[from] brn
|turn|16
|
|move|p1a: Tentacruel|Rapid Spin|p2a: Empoleon
|-resisted|p2a: Empoleon
|-damage|p2a: Empoleon|357\/372
|-sideend|p1: butze|Stealth Rock|[from] move: Rapid Spin|[of] p1a: Tentacruel
|move|p2a: Empoleon|Scald|p1a: Tentacruel
|-resisted|p1a: Tentacruel
|-damage|p1a: Tentacruel|40\/364 brn
|
|-heal|p2a: Empoleon|372\/372|[from] item: Leftovers
|-damage|p1a: Tentacruel|0 fnt|[from] brn
|faint|p1a: Tentacruel
|
|switch|p1a: Mienshao|Mienshao, F|255\/271
|turn|17
|
|move|p1a: Mienshao|High Jump Kick|p2a: Empoleon
|-supereffective|p2a: Empoleon
|-damage|p2a: Empoleon|0 fnt
|faint|p2a: Empoleon
|
|
|switch|p2a: Diancie|Diancie-Mega|135\/241
|-status|p2a: Diancie|psn
|turn|18
|
|move|p1a: Mienshao|High Jump Kick|p2a: Diancie
|-damage|p2a: Diancie|0 fnt
|faint|p2a: Diancie
|
|
|switch|p2a: Cresselia|Cresselia, F|295\/439 slp
|turn|19
|
|switch|p1a: Rotom-Heat|Rotom-Heat|241\/241
|cant|p2a: Cresselia|slp
|move|p2a: Cresselia|Sleep Talk|p2a: Cresselia
|move|p2a: Cresselia|Psychic|p1a: Rotom-Heat|[from]Sleep Talk
|-damage|p1a: Rotom-Heat|165\/241
|
|-heal|p2a: Cresselia|322\/439 slp|[from] item: Leftovers
|turn|20
|
|switch|p2a: Serperior|Serperior, F|291\/291
|-status|p2a: Serperior|psn
|move|p1a: Rotom-Heat|Trick|p2a: Serperior
|-activate|p1a: Rotom-Heat|move: Trick|[of] p2a: Serperior
|-item|p2a: Serperior|Choice Scarf|[from] move: Trick
|-item|p1a: Rotom-Heat|Life Orb|[from] move: Trick
|
|-damage|p2a: Serperior|255\/291 psn|[from] psn
|turn|21
|
|move|p2a: Serperior|Knock Off|p1a: Rotom-Heat
|-crit|p1a: Rotom-Heat
|-damage|p1a: Rotom-Heat|73\/241
|-enditem|p1a: Rotom-Heat|Life Orb|[from] move: Knock Off|[of] p2a: Serperior
|move|p1a: Rotom-Heat|Overheat|p2a: Serperior
|-supereffective|p2a: Serperior
|-damage|p2a: Serperior|0 fnt
|-unboost|p1a: Rotom-Heat|spa|2
|faint|p2a: Serperior
|
|
|switch|p2a: Infernape|Infernape, M|293\/293
|-status|p2a: Infernape|psn
|turn|22
|
|switch|p1a: Stoutland|Stoutland, M|125\/311
|move|p2a: Infernape|Close Combat|p1a: Stoutland
|-supereffective|p1a: Stoutland
|-damage|p1a: Stoutland|0 fnt
|-unboost|p2a: Infernape|def|1
|-unboost|p2a: Infernape|spd|1
|faint|p1a: Stoutland
|
|-damage|p2a: Infernape|257\/293 psn|[from] psn
|
|switch|p1a: Sceptile|Sceptile-Mega, M|264\/281
|turn|23
|
|move|p2a: Infernape|Mach Punch|p1a: Sceptile
|-damage|p1a: Sceptile|155\/281
|move|p1a: Sceptile|Dragon Pulse|p2a: Infernape
|-damage|p2a: Infernape|0 fnt
|faint|p2a: Infernape
|
|
|switch|p2a: Snorlax|Snorlax, F|425\/521
|-status|p2a: Snorlax|psn
|turn|24
|
|move|p1a: Sceptile|Focus Blast|p2a: Snorlax
|-supereffective|p2a: Snorlax
|-damage|p2a: Snorlax|201\/521 psn
|move|p2a: Snorlax|Curse|p2a: Snorlax
|-boost|p2a: Snorlax|atk|1
|-boost|p2a: Snorlax|def|1
|-unboost|p2a: Snorlax|spe|1
|
|-heal|p2a: Snorlax|233\/521 psn|[from] item: Leftovers
|-damage|p2a: Snorlax|168\/521 psn|[from] psn
|turn|25
|
|move|p1a: Sceptile|Focus Blast|p2a: Snorlax|[miss]
|-miss|p1a: Sceptile|p2a: Snorlax
|move|p2a: Snorlax|Rest|p2a: Snorlax
|-status|p2a: Snorlax|slp
|-heal|p2a: Snorlax|521\/521 slp|[silent]
|-status|p2a: Snorlax|slp|[from] move: Rest
|
|turn|26
|
|switch|p1a: Mienshao|Mienshao, F|255\/271
|cant|p2a: Snorlax|slp
|move|p2a: Snorlax|Sleep Talk|p2a: Snorlax
|move|p2a: Snorlax|Curse|p2a: Snorlax|[from]Sleep Talk
|-boost|p2a: Snorlax|atk|1
|-boost|p2a: Snorlax|def|1
|-unboost|p2a: Snorlax|spe|1
|
|turn|27
|
|move|p1a: Mienshao|High Jump Kick|p2a: Snorlax
|-supereffective|p2a: Snorlax
|-damage|p2a: Snorlax|141\/521 slp
|cant|p2a: Snorlax|slp
|move|p2a: Snorlax|Sleep Talk|p2a: Snorlax
|move|p2a: Snorlax|Return|p1a: Mienshao|[from]Sleep Talk
|-damage|p1a: Mienshao|0 fnt
|faint|p1a: Mienshao
|
|-heal|p2a: Snorlax|173\/521 slp|[from] item: Leftovers
|
|switch|p1a: Sceptile|Sceptile-Mega, M|155\/281
|turn|28
|
|move|p1a: Sceptile|Focus Blast|p2a: Snorlax
|-supereffective|p2a: Snorlax
|-damage|p2a: Snorlax|0 fnt
|faint|p2a: Snorlax
|
|
|switch|p2a: Cresselia|Cresselia, F|322\/439 slp
|turn|29
|
|move|p1a: Sceptile|Dragon Pulse|p2a: Cresselia
|-damage|p2a: Cresselia|192\/439 slp
|-curestatus|p2a: Cresselia|slp
|move|p2a: Cresselia|Rest|p2a: Cresselia
|-status|p2a: Cresselia|slp
|-heal|p2a: Cresselia|439\/439 slp|[silent]
|-status|p2a: Cresselia|slp|[from] move: Rest
|
|turn|30
|
|switch|p1a: Rotom-Heat|Rotom-Heat|73\/241
|cant|p2a: Cresselia|slp
|move|p2a: Cresselia|Sleep Talk|p2a: Cresselia
|move|p2a: Cresselia|Rest|p2a: Cresselia|[from]Sleep Talk
|-fail|p2a: Cresselia
|
|turn|31
|
|move|p1a: Rotom-Heat|Trick|p2a: Cresselia
|-activate|p1a: Rotom-Heat|move: Trick|[of] p2a: Cresselia
|-item|p1a: Rotom-Heat|Leftovers|[from] move: Trick
|cant|p2a: Cresselia|slp
|move|p2a: Cresselia|Sleep Talk|p2a: Cresselia
|move|p2a: Cresselia|Psychic|p1a: Rotom-Heat|[from]Sleep Talk
|-damage|p1a: Rotom-Heat|0 fnt
|faint|p1a: Rotom-Heat
|
|c|★DaSpoofy|gg
|
|switch|p1a: Sceptile|Sceptile-Mega, M|155\/281
|turn|32
|c|★DaSpoofy|unless leaf storm
|
|move|p1a: Sceptile|Giga Drain|p2a: Cresselia
|-damage|p2a: Cresselia|315\/439 slp
|-heal|p1a: Sceptile|217\/281|[from] drain|[of] p2a: Cresselia
|-curestatus|p2a: Cresselia|slp
|move|p2a: Cresselia|Psychic|p1a: Sceptile
|-damage|p1a: Sceptile|121\/281
|
|turn|33
|
|move|p1a: Sceptile|Giga Drain|p2a: Cresselia
|-damage|p2a: Cresselia|207\/439
|-heal|p1a: Sceptile|175\/281|[from] drain|[of] p2a: Cresselia
|move|p2a: Cresselia|Psychic|p1a: Sceptile
|-damage|p1a: Sceptile|87\/281
|
|turn|34
|c|★DaSpoofy|crap
|
|move|p1a: Sceptile|Giga Drain|p2a: Cresselia
|-damage|p2a: Cresselia|83\/439
|-heal|p1a: Sceptile|149\/281|[from] drain|[of] p2a: Cresselia
|move|p2a: Cresselia|Rest|p2a: Cresselia
|-status|p2a: Cresselia|slp
|-heal|p2a: Cresselia|439\/439 slp|[silent]
|-status|p2a: Cresselia|slp|[from] move: Rest
|
|turn|35
|
|move|p1a: Sceptile|Giga Drain|p2a: Cresselia
|-damage|p2a: Cresselia|315\/439 slp
|-heal|p1a: Sceptile|211\/281|[from] drain|[of] p2a: Cresselia
|cant|p2a: Cresselia|slp
|move|p2a: Cresselia|Sleep Talk|p2a: Cresselia
|move|p2a: Cresselia|Psycho Shift|p1a: Sceptile|[from]Sleep Talk
|-status|p1a: Sceptile|slp
|-curestatus|p2a: Cresselia|slp
|
|turn|36
|
|cant|p1a: Sceptile|slp
|move|p2a: Cresselia|Psychic|p1a: Sceptile
|-damage|p1a: Sceptile|118\/281 slp
|
|turn|37
|
|-curestatus|p1a: Sceptile|slp
|move|p1a: Sceptile|Giga Drain|p2a: Cresselia
|-damage|p2a: Cresselia|194\/439
|-heal|p1a: Sceptile|179\/281|[from] drain|[of] p2a: Cresselia
|move|p2a: Cresselia|Psychic|p1a: Sceptile
|-damage|p1a: Sceptile|77\/281
|
|turn|38
|
|move|p1a: Sceptile|Giga Drain|p2a: Cresselia
|-damage|p2a: Cresselia|76\/439
|-heal|p1a: Sceptile|136\/281|[from] drain|[of] p2a: Cresselia
|move|p2a: Cresselia|Rest|p2a: Cresselia
|-status|p2a: Cresselia|slp
|-heal|p2a: Cresselia|439\/439 slp|[silent]
|-status|p2a: Cresselia|slp|[from] move: Rest
|
|turn|39
|
|move|p1a: Sceptile|Giga Drain|p2a: Cresselia
|-damage|p2a: Cresselia|333\/439 slp
|-heal|p1a: Sceptile|189\/281|[from] drain|[of] p2a: Cresselia
|cant|p2a: Cresselia|slp
|move|p2a: Cresselia|Sleep Talk|p2a: Cresselia
|move|p2a: Cresselia|Psychic|p1a: Sceptile|[from]Sleep Talk
|-damage|p1a: Sceptile|99\/281
|
|turn|40
|
|move|p1a: Sceptile|Giga Drain|p2a: Cresselia
|-damage|p2a: Cresselia|218\/439 slp
|-heal|p1a: Sceptile|157\/281|[from] drain|[of] p2a: Cresselia
|cant|p2a: Cresselia|slp
|move|p2a: Cresselia|Sleep Talk|p2a: Cresselia
|move|p2a: Cresselia|Psychic|p1a: Sceptile|[from]Sleep Talk
|-damage|p1a: Sceptile|69\/281
|
|turn|41
|
|move|p1a: Sceptile|Giga Drain|p2a: Cresselia
|-damage|p2a: Cresselia|104\/439 slp
|-heal|p1a: Sceptile|126\/281|[from] drain|[of] p2a: Cresselia
|-curestatus|p2a: Cresselia|slp
|move|p2a: Cresselia|Rest|p2a: Cresselia
|-status|p2a: Cresselia|slp
|-heal|p2a: Cresselia|439\/439 slp|[silent]
|-status|p2a: Cresselia|slp|[from] move: Rest
|
|turn|42
|
|move|p1a: Sceptile|Giga Drain|p2a: Cresselia
|-crit|p2a: Cresselia
|-damage|p2a: Cresselia|262\/439 slp
|-heal|p1a: Sceptile|215\/281|[from] drain|[of] p2a: Cresselia
|cant|p2a: Cresselia|slp
|move|p2a: Cresselia|Sleep Talk|p2a: Cresselia
|move|p2a: Cresselia|Psycho Shift|p1a: Sceptile|[from]Sleep Talk
|-status|p1a: Sceptile|slp
|-curestatus|p2a: Cresselia|slp
|
|turn|43
|
|cant|p1a: Sceptile|slp
|move|p2a: Cresselia|Psychic|p1a: Sceptile
|-damage|p1a: Sceptile|127\/281 slp
|
|turn|44
|
|cant|p1a: Sceptile|slp
|move|p2a: Cresselia|Psychic|p1a: Sceptile
|-damage|p1a: Sceptile|34\/281 slp
|
|turn|45
|
|cant|p1a: Sceptile|slp
|move|p2a: Cresselia|Psychic|p1a: Sceptile
|-damage|p1a: Sceptile|0 fnt
|faint|p1a: Sceptile
|
|win|DaSpoofy
|raw|Ladder updating...
|raw|butze's rating: 1320 &rarr; <strong>1306<\/strong><br \/>(-14 for losing)
|raw|DaSpoofy's rating: 1436 &rarr; <strong>1450<\/strong><br \/>(+14 for winning)
|leave|butze