|join|hardpuzzle
|join|gyarad0site
|player|p1|hardpuzzle|101
|player|p2|gyarad0site|195
|gametype|singles
|gen|6
|tier|OU
|rated
|clearpoke
|poke|p1|Xatu, F
|poke|p1|Gliscor, F
|poke|p1|Amoonguss, F
|poke|p1|Clefable, M
|poke|p1|Tyranitar, M
|poke|p1|Chansey, F
|poke|p2|Scizor, M, shiny
|poke|p2|Manaphy, shiny
|poke|p2|Thundurus, M
|poke|p2|Landorus-Therian, M
|poke|p2|Cobalion
|poke|p2|Latios, M
|rule|Swagger Clause: Swagger is banned
|rule|Baton Pass Clause: Limit one Pokémon knowing Baton Pass
|rule|Sleep Clause Mod: Limit one foe put to sleep
|rule|Species Clause: Limit one of each Pokémon
|rule|OHKO Clause: OHKO moves are banned
|rule|Moody Clause: Moody is banned
|rule|Evasion Moves Clause: Evasion moves are banned
|rule|Endless Battle Clause: Forcing endless battles is banned
|rule|HP Percentage Mod: HP is shown in percentages
|teampreview
|
|start
|switch|p1a: Amoonguss|Amoonguss, F|430\/430
|switch|p2a: Thundurus|Thundurus, M|299\/299
|turn|1
|
|move|p2a: Thundurus|Taunt|p1a: Amoonguss
|-start|p1a: Amoonguss|move: Taunt
|cant|p1a: Amoonguss|move: Taunt|Spore
|
|turn|2
|
|switch|p1a: Clefable|Clefable, M|392\/392
|move|p2a: Thundurus|Volt Switch|p1a: Clefable
|-damage|p1a: Clefable|253\/392
|
|switch|p2a: flAMberge|Cobalion|358\/358
|
|turn|3
|
|switch|p1a: Gliscor|Gliscor, F|350\/350
|move|p2a: flAMberge|Iron Head|p1a: Gliscor
|-damage|p1a: Gliscor|292\/350
|
|-status|p1a: Gliscor|tox|[from] item: Toxic Orb
|turn|4
|
|switch|p2a: sAMuel L|Landorus-Therian, M|381\/381
|-ability|p2a: sAMuel L|Intimidate|[of] p1a: Gliscor
|-unboost|p1a: Gliscor|atk|1
|move|p1a: Gliscor|Substitute|p1a: Gliscor
|-start|p1a: Gliscor|Substitute
|-damage|p1a: Gliscor|205\/350 tox
|
|-heal|p1a: Gliscor|248\/350 tox|[from] ability: Poison Heal
|turn|5
|
|move|p1a: Gliscor|Toxic|p2a: sAMuel L
|-status|p2a: sAMuel L|tox
|move|p2a: sAMuel L|Stealth Rock|p1a: Gliscor
|-sidestart|p1: hardpuzzle|move: Stealth Rock
|
|-heal|p1a: Gliscor|291\/350 tox|[from] ability: Poison Heal
|-damage|p2a: sAMuel L|358\/381 tox|[from] psn
|turn|6
|
|switch|p2a: murakAMi|Manaphy, shiny|351\/351
|move|p1a: Gliscor|Protect|p1a: Gliscor
|-fail|p1a: Gliscor
|
|-heal|p1a: Gliscor|334\/350 tox|[from] ability: Poison Heal
|turn|7
|
|move|p2a: murakAMi|Rain Dance|p2a: murakAMi
|-weather|RainDance
|move|p1a: Gliscor|Toxic|p2a: murakAMi
|-status|p2a: murakAMi|tox
|
|-weather|RainDance|[upkeep]
|-curestatus|p2a: murakAMi|tox
|-heal|p1a: Gliscor|350\/350 tox|[from] ability: Poison Heal
|turn|8
|
|move|p2a: murakAMi|Scald|p1a: Gliscor
|-supereffective|p1a: Gliscor
|-end|p1a: Gliscor|Substitute
|move|p1a: Gliscor|Earthquake|p2a: murakAMi
|-damage|p2a: murakAMi|276\/351
|
|-weather|RainDance|[upkeep]
|-heal|p2a: murakAMi|297\/351|[from] item: Leftovers
|turn|9
|
|switch|p1a: Chansey|Chansey, F|670\/670
|-damage|p1a: Chansey|587\/670|[from] Stealth Rock
|move|p2a: murakAMi|Scald|p1a: Chansey
|-damage|p1a: Chansey|466\/670
|-status|p1a: Chansey|brn
|
|-weather|RainDance|[upkeep]
|-heal|p2a: murakAMi|318\/351|[from] item: Leftovers
|-damage|p1a: Chansey|383\/670 brn|[from] brn
|turn|10
|
|move|p2a: murakAMi|Tail Glow|p2a: murakAMi
|-boost|p2a: murakAMi|spa|3
|move|p1a: Chansey|Stealth Rock|p2a: murakAMi
|-sidestart|p2: gyarad0site|move: Stealth Rock
|
|-weather|RainDance|[upkeep]
|-heal|p2a: murakAMi|339\/351|[from] item: Leftovers
|-damage|p1a: Chansey|300\/670 brn|[from] brn
|turn|11
|c|★hardpuzzle|more noobs using manaphy aushsuah
|c|★hardpuzzle|is pathetic
|
|move|p2a: murakAMi|Tail Glow|p2a: murakAMi
|-boost|p2a: murakAMi|spa|3
|move|p1a: Chansey|Soft-Boiled|p1a: Chansey
|-heal|p1a: Chansey|635\/670 brn
|
|-weather|none
|-heal|p2a: murakAMi|351\/351|[from] item: Leftovers
|-damage|p1a: Chansey|552\/670 brn|[from] brn
|turn|12
|
|switch|p1a: Tyranitar|Tyranitar, M|342\/342
|-damage|p1a: Tyranitar|300\/342|[from] Stealth Rock
|-weather|Sandstorm
|move|p2a: murakAMi|Scald|p1a: Tyranitar
|-supereffective|p1a: Tyranitar
|-damage|p1a: Tyranitar|0 fnt
|faint|p1a: Tyranitar
|
|-weather|Sandstorm|[upkeep]
|-damage|p2a: murakAMi|330\/351|[from] sandstorm
|-heal|p2a: murakAMi|351\/351|[from] item: Leftovers
|
|switch|p1a: Amoonguss|Amoonguss, F|430\/430
|-damage|p1a: Amoonguss|377\/430|[from] Stealth Rock
|turn|13
|
|move|p2a: murakAMi|Scald|p1a: Amoonguss
|-resisted|p1a: Amoonguss
|-damage|p1a: Amoonguss|86\/430
|move|p1a: Amoonguss|Clear Smog|p2a: murakAMi
|-damage|p2a: murakAMi|302\/351
|-clearboost|p2a: murakAMi
|
|-weather|Sandstorm|[upkeep]
|-damage|p2a: murakAMi|281\/351|[from] sandstorm
|-damage|p1a: Amoonguss|60\/430|[from] sandstorm
|-heal|p2a: murakAMi|302\/351|[from] item: Leftovers
|-heal|p1a: Amoonguss|86\/430|[from] item: Black Sludge
|turn|14
|
|move|p2a: murakAMi|Rain Dance|p2a: murakAMi
|-weather|RainDance
|move|p1a: Amoonguss|Spore|p2a: murakAMi
|-status|p2a: murakAMi|slp
|
|-weather|RainDance|[upkeep]
|-curestatus|p2a: murakAMi|slp
|-heal|p2a: murakAMi|323\/351|[from] item: Leftovers
|-heal|p1a: Amoonguss|112\/430|[from] item: Black Sludge
|turn|15
|
|switch|p2a: Latios|Latios, M|301\/301
|-damage|p2a: Latios|264\/301|[from] Stealth Rock
|move|p1a: Amoonguss|Clear Smog|p2a: Latios
|-damage|p2a: Latios|215\/301
|-clearboost|p2a: Latios
|
|-weather|RainDance|[upkeep]
|-heal|p1a: Amoonguss|138\/430|[from] item: Black Sludge
|turn|16
|
|switch|p1a: Xatu|Xatu, F|334\/334
|-damage|p1a: Xatu|251\/334|[from] Stealth Rock
|move|p2a: Latios|Trick|p1a: Xatu
|-activate|p2a: Latios|move: Trick|[of] p1a: Xatu
|-item|p1a: Xatu|Choice Scarf|[from] move: Trick
|-item|p2a: Latios|Leftovers|[from] move: Trick
|
|-weather|RainDance|[upkeep]
|-heal|p2a: Latios|233\/301|[from] item: Leftovers
|turn|17
|
|switch|p2a: sAMuel L|Landorus-Therian, M|358\/381 tox
|-damage|p2a: sAMuel L|311\/381 tox|[from] Stealth Rock
|-ability|p2a: sAMuel L|Intimidate|[of] p1a: Xatu
|-unboost|p1a: Xatu|atk|1
|move|p1a: Xatu|U-turn|p2a: sAMuel L
|-resisted|p2a: sAMuel L
|-damage|p2a: sAMuel L|301\/381 tox
|
|switch|p1a: Amoonguss|Amoonguss, F|281\/430
|-damage|p1a: Amoonguss|228\/430|[from] Stealth Rock
|
|-weather|RainDance|[upkeep]
|-heal|p2a: sAMuel L|324\/381 tox|[from] item: Leftovers
|-heal|p1a: Amoonguss|254\/430|[from] item: Black Sludge
|-damage|p2a: sAMuel L|301\/381 tox|[from] psn
|turn|18
|
|move|p2a: sAMuel L|Earthquake|p1a: Amoonguss
|-damage|p1a: Amoonguss|107\/430
|move|p1a: Amoonguss|Spore|p2a: sAMuel L
|-fail|p2a: sAMuel L
|
|-weather|none
|-heal|p2a: sAMuel L|324\/381 tox|[from] item: Leftovers
|-heal|p1a: Amoonguss|133\/430|[from] item: Black Sludge
|-damage|p2a: sAMuel L|278\/381 tox|[from] psn
|turn|19
|
|switch|p1a: Gliscor|Gliscor, F|350\/350 tox
|-damage|p1a: Gliscor|307\/350 tox|[from] Stealth Rock
|move|p2a: sAMuel L|U-turn|p1a: Gliscor
|-resisted|p1a: Gliscor
|-damage|p1a: Gliscor|282\/350 tox
|
|switch|p2a: murakAMi|Manaphy, shiny|323\/351
|-damage|p2a: murakAMi|280\/351|[from] Stealth Rock
|
|-heal|p2a: murakAMi|301\/351|[from] item: Leftovers
|-heal|p1a: Gliscor|325\/350 tox|[from] ability: Poison Heal
|turn|20
|
|switch|p1a: Amoonguss|Amoonguss, F|276\/430
|-damage|p1a: Amoonguss|223\/430|[from] Stealth Rock
|move|p2a: murakAMi|Tail Glow|p2a: murakAMi
|-boost|p2a: murakAMi|spa|3
|
|-heal|p2a: murakAMi|322\/351|[from] item: Leftovers
|-heal|p1a: Amoonguss|249\/430|[from] item: Black Sludge
|turn|21
|
|move|p2a: murakAMi|Scald|p1a: Amoonguss
|-crit|p1a: Amoonguss
|-resisted|p1a: Amoonguss
|-damage|p1a: Amoonguss|0 fnt
|faint|p1a: Amoonguss
|
|-heal|p2a: murakAMi|343\/351|[from] item: Leftovers
|-message|hardpuzzle forfeited.
|
|win|gyarad0site
|raw|Ladder updating...
|leave|hardpuzzle
|player|p1
|raw|hardpuzzle's rating: 1703 &rarr; <strong>1687<\/strong><br \/>(-16 for losing)
|raw|gyarad0site's rating: 1778 &rarr; <strong>1794<\/strong><br \/>(+16 for winning)