|join|gyarad0site
|join|TR☠Outrageous
|player|p1|gyarad0site|195
|player|p2|TR☠Outrageous|184
|gametype|singles
|gen|6
|tier|OU
|rated
|clearpoke
|poke|p1|Scizor, M, shiny
|poke|p1|Manaphy, shiny
|poke|p1|Thundurus, M
|poke|p1|Landorus-Therian, M
|poke|p1|Cobalion
|poke|p1|Latios, M
|poke|p2|Diancie
|poke|p2|Skarmory, F
|poke|p2|Talonflame, F
|poke|p2|Bisharp, F
|poke|p2|Azumarill, M
|poke|p2|Landorus-Therian, M
|rule|Swagger Clause: Swagger is banned
|rule|Baton Pass Clause: Limit one Pokémon knowing Baton Pass
|rule|Sleep Clause Mod: Limit one foe put to sleep
|rule|Species Clause: Limit one of each Pokémon
|rule|OHKO Clause: OHKO moves are banned
|rule|Moody Clause: Moody is banned
|rule|Evasion Moves Clause: Evasion moves are banned
|rule|Endless Battle Clause: Forcing endless battles is banned
|rule|HP Percentage Mod: HP is shown in percentages
|teampreview
|join|Hellfire♣Chainy
|
|start
|switch|p1a: flAMberge|Cobalion|358\/358
|switch|p2a: Skarmory|Skarmory, F|271\/271
|turn|1
|
|move|p1a: flAMberge|Taunt|p2a: Skarmory
|-start|p2a: Skarmory|move: Taunt
|cant|p2a: Skarmory|move: Taunt|Stealth Rock
|
|turn|2
|
|switch|p2a: Talonflame|Talonflame, F|327\/327
|move|p1a: flAMberge|Volt Switch|p2a: Talonflame
|-supereffective|p2a: Talonflame
|-damage|p2a: Talonflame|203\/327
|c|★TR☠Outrageous|wat dafuk
|
|switch|p1a: Thundurus|Thundurus, M|299\/299
|
|turn|3
|
|switch|p2a: Skarmory|Skarmory, F|271\/271
|move|p1a: Thundurus|Hidden Power|p2a: Skarmory
|-damage|p2a: Skarmory|180\/271
|
|turn|4
|
|switch|p2a: Landorus-Therian|Landorus-Therian, M|319\/319
|-ability|p2a: Landorus-Therian|Intimidate|[of] p1a: Thundurus
|-unboost|p1a: Thundurus|atk|1
|move|p1a: Thundurus|Volt Switch|p2a: Landorus-Therian
|-immune|p2a: Landorus-Therian|[msg]
|
|turn|5
|
|switch|p1a: sAMuel L|Landorus-Therian, M|381\/381
|-ability|p1a: sAMuel L|Intimidate|[of] p2a: Landorus-Therian
|-unboost|p2a: Landorus-Therian|atk|1
|move|p2a: Landorus-Therian|U-turn|p1a: sAMuel L
|-resisted|p1a: sAMuel L
|-damage|p1a: sAMuel L|355\/381
|
|switch|p2a: Skarmory|Skarmory, F|180\/271
|
|-heal|p1a: sAMuel L|378\/381|[from] item: Leftovers
|turn|6
|
|move|p2a: Skarmory|Taunt|p1a: sAMuel L
|-start|p1a: sAMuel L|move: Taunt
|cant|p1a: sAMuel L|move: Taunt|Stealth Rock
|
|-heal|p1a: sAMuel L|381\/381|[from] item: Leftovers
|turn|7
|
|switch|p1a: Thundurus|Thundurus, M|299\/299
|move|p2a: Skarmory|Stealth Rock|p1a: Thundurus
|-sidestart|p1: gyarad0site|move: Stealth Rock
|
|turn|8
|
|move|p1a: Thundurus|Hidden Power|p2a: Skarmory
|-damage|p2a: Skarmory|95\/271
|move|p2a: Skarmory|Spikes|p1a: Thundurus
|-sidestart|p1: gyarad0site|Spikes
|
|turn|9
|
|switch|p2a: Landorus-Therian|Landorus-Therian, M|319\/319
|-ability|p2a: Landorus-Therian|Intimidate|[of] p1a: Thundurus
|-unboost|p1a: Thundurus|atk|1
|move|p1a: Thundurus|Volt Switch|p2a: Landorus-Therian
|-immune|p2a: Landorus-Therian|[msg]
|
|turn|10
|
|move|p2a: Landorus-Therian|U-turn|p1a: Thundurus
|-resisted|p1a: Thundurus
|-damage|p1a: Thundurus|233\/299
|
|switch|p2a: Skarmory|Skarmory, F|95\/271
|move|p1a: Thundurus|Hidden Power|p2a: Skarmory
|-damage|p2a: Skarmory|5\/271
|-enditem|p2a: Skarmory|Salac Berry|[eat]
|-boost|p2a: Skarmory|spe|1|[from] item: Salac Berry
|
|-heal|p1a: Thundurus|251\/299|[from] item: Leftovers
|turn|11
|
|move|p1a: Thundurus|Taunt|p2a: Skarmory
|-start|p2a: Skarmory|move: Taunt
|move|p2a: Skarmory|Brave Bird|p1a: Thundurus
|-resisted|p1a: Thundurus
|-damage|p1a: Thundurus|155\/299
|-damage|p2a: Skarmory|0 fnt|[from] recoil|[of] p1a: Thundurus
|faint|p2a: Skarmory
|
|-heal|p1a: Thundurus|173\/299|[from] item: Leftovers
|
|switch|p2a: Diancie|Diancie|240\/240
|turn|12
|
|detailschange|p2a: Diancie|Diancie-Mega
|message|Diancie has Mega Evolved into Mega Diancie!
|move|p1a: Thundurus|Volt Switch|p2a: Diancie
|-damage|p2a: Diancie|117\/240
|
|switch|p1a: rAMbo|Scizor, M, shiny|291\/291
|-damage|p1a: rAMbo|255\/291|[from] Stealth Rock
|-damage|p1a: rAMbo|219\/291|[from] Spikes
|move|p2a: Diancie|Moonblast|p1a: rAMbo
|-resisted|p1a: rAMbo
|-damage|p1a: rAMbo|118\/291
|-unboost|p1a: rAMbo|spa|1
|
|turn|13
|
|detailschange|p1a: rAMbo|Scizor-Mega, M, shiny
|message|Scizor has Mega Evolved into Mega Scizor!
|move|p2a: Diancie|Protect|p2a: Diancie
|-singleturn|p2a: Diancie|Protect
|move|p1a: rAMbo|Swords Dance|p1a: rAMbo
|-boost|p1a: rAMbo|atk|2
|
|turn|14
|
|switch|p2a: Landorus-Therian|Landorus-Therian, M|319\/319
|-ability|p2a: Landorus-Therian|Intimidate|[of] p1a: rAMbo
|-unboost|p1a: rAMbo|atk|1
|move|p1a: rAMbo|Bullet Punch|p2a: Landorus-Therian
|-damage|p2a: Landorus-Therian|145\/319
|
|turn|15
|
|switch|p2a: Talonflame|Talonflame, F|203\/327
|move|p1a: rAMbo|Bullet Punch|p2a: Talonflame
|-crit|p2a: Talonflame
|-resisted|p2a: Talonflame
|-damage|p2a: Talonflame|23\/327
|
|turn|16
|
|switch|p1a: sAMuel L|Landorus-Therian, M|381\/381
|-damage|p1a: sAMuel L|334\/381|[from] Stealth Rock
|-ability|p1a: sAMuel L|Intimidate|[of] p2a: Talonflame
|-unboost|p2a: Talonflame|atk|1
|move|p2a: Talonflame|Flare Blitz|p1a: sAMuel L
|-damage|p1a: sAMuel L|255\/381
|-damage|p2a: Talonflame|0 fnt|[from] recoil|[of] p1a: sAMuel L
|faint|p2a: Talonflame
|
|-heal|p1a: sAMuel L|278\/381|[from] item: Leftovers
|
|switch|p2a: Azumarill|Azumarill, M|404\/404
|turn|17
|
|move|p1a: sAMuel L|Earthquake|p2a: Azumarill
|-damage|p2a: Azumarill|205\/404
|move|p2a: Azumarill|Belly Drum|p2a: Azumarill
|-damage|p2a: Azumarill|3\/404
|-setboost|p2a: Azumarill|atk|6|[from] move: Belly Drum
|-enditem|p2a: Azumarill|Sitrus Berry|[eat]
|-heal|p2a: Azumarill|104\/404|[from] item: Sitrus Berry
|
|-heal|p1a: sAMuel L|301\/381|[from] item: Leftovers
|turn|18
|
|move|p2a: Azumarill|Aqua Jet|p1a: sAMuel L
|-crit|p1a: sAMuel L
|-supereffective|p1a: sAMuel L
|-damage|p1a: sAMuel L|0 fnt
|faint|p1a: sAMuel L
|
|
|switch|p1a: Latios|Latios, M|301\/301
|-damage|p1a: Latios|264\/301|[from] Stealth Rock
|turn|19
|
|move|p2a: Azumarill|Aqua Jet|p1a: Latios
|-resisted|p1a: Latios
|-damage|p1a: Latios|58\/301
|move|p1a: Latios|Defog|p2a: Azumarill
|-unboost|p2a: Azumarill|evasion|1
|-sideend|p1: gyarad0site|Spikes|[from] move: Defog|[of] p1a: Latios
|-sideend|p1: gyarad0site|Stealth Rock|[from] move: Defog|[of] p1a: Latios
|
|turn|20
|
|switch|p1a: murakAMi|Manaphy, shiny|351\/351
|move|p2a: Azumarill|Aqua Jet|p1a: murakAMi
|-resisted|p1a: murakAMi
|-damage|p1a: murakAMi|170\/351
|
|-heal|p1a: murakAMi|191\/351|[from] item: Leftovers
|turn|21
|
|move|p2a: Azumarill|Aqua Jet|p1a: murakAMi
|-resisted|p1a: murakAMi
|-damage|p1a: murakAMi|17\/351
|move|p1a: murakAMi|Energy Ball|p2a: Azumarill
|-supereffective|p2a: Azumarill
|-damage|p2a: Azumarill|0 fnt
|faint|p2a: Azumarill
|
|-heal|p1a: murakAMi|38\/351|[from] item: Leftovers
|
|switch|p2a: Landorus-Therian|Landorus-Therian, M|145\/319
|-ability|p2a: Landorus-Therian|Intimidate|[of] p1a: murakAMi
|-unboost|p1a: murakAMi|atk|1
|turn|22
|
|move|p2a: Landorus-Therian|U-turn|p1a: murakAMi
|-damage|p1a: murakAMi|0 fnt
|faint|p1a: murakAMi
|
|switch|p2a: Diancie|Diancie-Mega|117\/240
|
|
|switch|p1a: rAMbo|Scizor-Mega, M, shiny|118\/291
|turn|23
|
|switch|p2a: Landorus-Therian|Landorus-Therian, M|145\/319
|-ability|p2a: Landorus-Therian|Intimidate|[of] p1a: rAMbo
|-unboost|p1a: rAMbo|atk|1
|move|p1a: rAMbo|Bullet Punch|p2a: Landorus-Therian
|-damage|p2a: Landorus-Therian|61\/319
|
|turn|24
|
|switch|p2a: Bisharp|Bisharp, F|271\/271
|move|p1a: rAMbo|Bullet Punch|p2a: Bisharp
|-crit|p2a: Bisharp
|-resisted|p2a: Bisharp
|-damage|p2a: Bisharp|177\/271
|
|turn|25
|
|move|p1a: rAMbo|Superpower|p2a: Bisharp
|-supereffective|p2a: Bisharp
|-damage|p2a: Bisharp|0 fnt
|-unboost|p1a: rAMbo|atk|1
|-unboost|p1a: rAMbo|def|1
|faint|p2a: Bisharp
|
|c|★TR☠Outrageous|omg
|c|★gyarad0site|yeh
|c|★TR☠Outrageous|swords dance and superpower
|c|★TR☠Outrageous|what dafuk is this joke
|
|switch|p2a: Landorus-Therian|Landorus-Therian, M|61\/319
|-ability|p2a: Landorus-Therian|Intimidate|[of] p1a: rAMbo
|-unboost|p1a: rAMbo|atk|1
|turn|26
|
|switch|p1a: Latios|Latios, M|58\/301
|move|p2a: Landorus-Therian|Earthquake|p1a: Latios
|-immune|p1a: Latios|[msg]
|
|turn|27
|c|★gyarad0site|p sure u just lost to it
|c|★TR☠Outrageous|yeah this is bullshit bad game and bulshit sets
|c|★gyarad0site|kay
|-message|TR☠Outrageous forfeited.
|
|win|gyarad0site
|raw|Ladder updating...
|leave|TR☠Outrageous
|player|p2
|raw|gyarad0site's rating: 1712 &rarr; <strong>1726<\/strong><br \/>(+14 for winning)
|raw|TR☠Outrageous's rating: 1601 &rarr; <strong>1587<\/strong><br \/>(-14 for losing)
|join|AM
|join|JelloPiranha
|leave|AM
|leave|JelloPiranha
|join|Cat8752
|join|HENRY
|leave|HENRY
|join|luke317
|join|m00n's blanket
|leave|m00n's blanket
|leave|Cat8752