|join|gyarad0site
|join|noccliolinee
|player|p1|gyarad0site|195
|player|p2|noccliolinee|203
|gametype|singles
|gen|6
|tier|OU
|rated
|clearpoke
|poke|p1|Scizor, M, shiny
|poke|p1|Manaphy, shiny
|poke|p1|Thundurus, M
|poke|p1|Landorus-Therian, M
|poke|p1|Cobalion
|poke|p1|Latios, M
|poke|p2|Latias, F
|poke|p2|Charizard, M
|poke|p2|Ferrothorn, F
|poke|p2|Sylveon, F
|poke|p2|Bisharp, F
|poke|p2|Suicune
|rule|Swagger Clause: Swagger is banned
|rule|Baton Pass Clause: Limit one Pokémon knowing Baton Pass
|rule|Sleep Clause Mod: Limit one foe put to sleep
|rule|Species Clause: Limit one of each Pokémon
|rule|OHKO Clause: OHKO moves are banned
|rule|Moody Clause: Moody is banned
|rule|Evasion Moves Clause: Evasion moves are banned
|rule|Endless Battle Clause: Forcing endless battles is banned
|rule|HP Percentage Mod: HP is shown in percentages
|teampreview
|
|start
|switch|p1a: Cobalion|Cobalion|358\/358
|switch|p2a: Charizard|Charizard, M|298\/298
|turn|1
|
|switch|p2a: Ferrothorn|Ferrothorn, F|352\/352
|move|p1a: Cobalion|Volt Switch|p2a: Ferrothorn
|-crit|p2a: Ferrothorn
|-resisted|p2a: Ferrothorn
|-damage|p2a: Ferrothorn|321\/352
|
|switch|p1a: Thundurus|Thundurus, M|299\/299
|
|turn|2
|
|switch|p2a: Sylveon|Sylveon, F|394\/394
|move|p1a: Thundurus|Taunt|p2a: Sylveon
|-start|p2a: Sylveon|move: Taunt
|
|turn|3
|c|★gyarad0site|who wants to diie
|c|★gyarad0site|:[
|c|★gyarad0site|if you're specsveon
|
|move|p1a: Thundurus|Volt Switch|p2a: Sylveon
|-crit|p2a: Sylveon
|-damage|p2a: Sylveon|240\/394
|c|★noccliolinee|no
|
|switch|p1a: Cobalion|Cobalion|358\/358
|move|p2a: Sylveon|Hyper Voice|p1a: Cobalion
|-damage|p1a: Cobalion|162\/358
|
|-heal|p1a: Cobalion|184\/358|[from] item: Leftovers
|-heal|p2a: Sylveon|264\/394|[from] item: Leftovers
|turn|4
|
|switch|p2a: Ferrothorn|Ferrothorn, F|321\/352
|move|p1a: Cobalion|Iron Head|p2a: Ferrothorn
|-resisted|p2a: Ferrothorn
|-damage|p2a: Ferrothorn|294\/352
|-damage|p1a: Cobalion|140\/358|[from] ability: Iron Barbs|[of] p2a: Ferrothorn
|-damage|p1a: Cobalion|81\/358|[from] item: Rocky Helmet|[of] p2a: Ferrothorn
|
|-heal|p1a: Cobalion|103\/358|[from] item: Leftovers
|turn|5
|
|move|p1a: Cobalion|Taunt|p2a: Ferrothorn
|-start|p2a: Ferrothorn|move: Taunt
|cant|p2a: Ferrothorn|move: Taunt|Leech Seed
|
|-heal|p1a: Cobalion|125\/358|[from] item: Leftovers
|turn|6
|
|move|p1a: Cobalion|Volt Switch|p2a: Ferrothorn
|-resisted|p2a: Ferrothorn
|-damage|p2a: Ferrothorn|274\/352
|
|switch|p1a: Landorus-Therian|Landorus-Therian, M|381\/381
|-ability|p1a: Landorus-Therian|Intimidate|[of] p2a: Ferrothorn
|-unboost|p2a: Ferrothorn|atk|1
|move|p2a: Ferrothorn|Gyro Ball|p1a: Landorus-Therian
|-damage|p1a: Landorus-Therian|308\/381
|
|-heal|p1a: Landorus-Therian|331\/381|[from] item: Leftovers
|turn|7
|
|switch|p2a: Charizard|Charizard, M|298\/298
|move|p1a: Landorus-Therian|Stealth Rock|p2a: Charizard
|-sidestart|p2: noccliolinee|move: Stealth Rock
|
|-heal|p1a: Landorus-Therian|354\/381|[from] item: Leftovers
|turn|8
|
|switch|p1a: Latios|Latios, M|301\/301
|detailschange|p2a: Charizard|Charizard-Mega-Y, M
|message|Charizard has Mega Evolved into Mega Charizard!
|-weather|SunnyDay
|move|p2a: Charizard|Fire Blast|p1a: Latios
|-resisted|p1a: Latios
|-damage|p1a: Latios|140\/301
|
|-weather|SunnyDay|[upkeep]
|turn|9
|
|switch|p2a: Sylveon|Sylveon, F|264\/394
|-damage|p2a: Sylveon|215\/394|[from] Stealth Rock
|move|p1a: Latios|Draco Meteor|p2a: Sylveon
|-immune|p2a: Sylveon|[msg]
|
|-weather|SunnyDay|[upkeep]
|-heal|p2a: Sylveon|239\/394|[from] item: Leftovers
|turn|10
|
|switch|p1a: Cobalion|Cobalion|125\/358
|move|p2a: Sylveon|Wish|p2a: Sylveon
|
|-weather|SunnyDay|[upkeep]
|-heal|p1a: Cobalion|147\/358|[from] item: Leftovers
|-heal|p2a: Sylveon|263\/394|[from] item: Leftovers
|turn|11
|
|move|p2a: Sylveon|Protect|p2a: Sylveon
|-singleturn|p2a: Sylveon|Protect
|move|p1a: Cobalion|Close Combat|p2a: Sylveon
|-activate|p2a: Sylveon|Protect
|
|-weather|SunnyDay|[upkeep]
|-heal|p2a: Sylveon|394\/394|[from] move: Wish|[wisher] Sylveon
|-heal|p1a: Cobalion|169\/358|[from] item: Leftovers
|turn|12
|
|move|p1a: Cobalion|Iron Head|p2a: Sylveon
|-supereffective|p2a: Sylveon
|-damage|p2a: Sylveon|218\/394
|move|p2a: Sylveon|Hyper Voice|p1a: Cobalion
|-damage|p1a: Cobalion|0 fnt
|faint|p1a: Cobalion
|
|-weather|none
|-heal|p2a: Sylveon|242\/394|[from] item: Leftovers
|
|switch|p1a: rAM|Scizor, M, shiny|291\/291
|turn|13
|
|switch|p2a: Ferrothorn|Ferrothorn, F|274\/352
|-damage|p2a: Ferrothorn|252\/352|[from] Stealth Rock
|detailschange|p1a: rAM|Scizor-Mega, M, shiny
|message|Scizor has Mega Evolved into Mega Scizor!
|move|p1a: rAM|Swords Dance|p1a: rAM
|-boost|p1a: rAM|atk|2
|
|turn|14
|
|move|p1a: rAM|Superpower|p2a: Ferrothorn
|-supereffective|p2a: Ferrothorn
|-damage|p2a: Ferrothorn|0 fnt
|-damage|p1a: rAM|255\/291|[from] ability: Iron Barbs|[of] p2a: Ferrothorn
|-damage|p1a: rAM|207\/291|[from] item: Rocky Helmet|[of] p2a: Ferrothorn
|-unboost|p1a: rAM|atk|1
|-unboost|p1a: rAM|def|1
|faint|p2a: Ferrothorn
|
|
|switch|p2a: Suicune|Suicune|404\/404
|-damage|p2a: Suicune|354\/404|[from] Stealth Rock
|-ability|p2a: Suicune|Pressure
|turn|15
|
|switch|p1a: Manaphy|Manaphy, shiny|351\/351
|move|p2a: Suicune|Scald|p1a: Manaphy
|-resisted|p1a: Manaphy
|-damage|p1a: Manaphy|312\/351
|
|-heal|p1a: Manaphy|333\/351|[from] item: Leftovers
|-heal|p2a: Suicune|379\/404|[from] item: Leftovers
|turn|16
|c|★noccliolinee|easy to predict
|
|move|p1a: Manaphy|Tail Glow|p1a: Manaphy
|-boost|p1a: Manaphy|spa|3
|move|p2a: Suicune|Roar|p1a: Manaphy
|drag|p1a: rAM|Scizor-Mega, M, shiny|207\/291
|
|-heal|p2a: Suicune|404\/404|[from] item: Leftovers
|turn|17
|
|switch|p1a: Latios|Latios, M|140\/301
|move|p2a: Suicune|Scald|p1a: Latios
|-resisted|p1a: Latios
|-damage|p1a: Latios|101\/301
|
|turn|18
|
|move|p1a: Latios|Trick|p2a: Suicune
|-activate|p1a: Latios|move: Trick|[of] p2a: Suicune
|-item|p2a: Suicune|Choice Scarf|[from] move: Trick
|-item|p1a: Latios|Leftovers|[from] move: Trick
|move|p2a: Suicune|Scald|p1a: Latios
|-resisted|p1a: Latios
|-damage|p1a: Latios|62\/301
|
|-heal|p1a: Latios|80\/301|[from] item: Leftovers
|turn|19
|
|switch|p1a: Manaphy|Manaphy, shiny|333\/351
|move|p2a: Suicune|Scald|p1a: Manaphy
|-resisted|p1a: Manaphy
|-damage|p1a: Manaphy|287\/351
|
|-heal|p1a: Manaphy|308\/351|[from] item: Leftovers
|turn|20
|
|switch|p2a: Charizard|Charizard-Mega-Y, M|298\/298
|-damage|p2a: Charizard|149\/298|[from] Stealth Rock
|-weather|SunnyDay
|move|p1a: Manaphy|Tail Glow|p1a: Manaphy
|-boost|p1a: Manaphy|spa|3
|
|-weather|SunnyDay|[upkeep]
|-heal|p1a: Manaphy|329\/351|[from] item: Leftovers
|turn|21
|
|switch|p1a: Latios|Latios, M|80\/301
|move|p2a: Charizard|Solar Beam|p1a: Latios|[still]
|-prepare|p2a: Charizard|Solar Beam|p1a: Latios
|-anim|p2a: Charizard|Solar Beam|p1a: Latios
|-crit|p1a: Latios
|-resisted|p1a: Latios
|-damage|p1a: Latios|0 fnt
|faint|p1a: Latios
|
|-weather|SunnyDay|[upkeep]
|c|★noccliolinee|oops
|
|switch|p1a: Thundurus|Thundurus, M|299\/299
|turn|22
|c|★gyarad0site|yeh your HP is wrong
|c|★noccliolinee|?
|c|★gyarad0site|50%
|c|★gyarad0site|he should have 51%
|c|★noccliolinee|nope
|c|★gyarad0site|after one rocks switch in
|c|★noccliolinee|sometimes 51
|c|★noccliolinee|sometimes 50
|
|switch|p2a: Latias|Latias, F|364\/364
|-damage|p2a: Latias|319\/364|[from] Stealth Rock
|move|p1a: Thundurus|Volt Switch|p2a: Latias
|-resisted|p2a: Latias
|-damage|p2a: Latias|273\/364
|
|switch|p1a: Landorus-Therian|Landorus-Therian, M|354\/381
|-ability|p1a: Landorus-Therian|Intimidate|[of] p2a: Latias
|-unboost|p2a: Latias|atk|1
|
|-weather|SunnyDay|[upkeep]
|-heal|p2a: Latias|295\/364|[from] item: Leftovers
|-heal|p1a: Landorus-Therian|377\/381|[from] item: Leftovers
|turn|23
|
|move|p2a: Latias|Defog|p1a: Landorus-Therian
|-unboost|p1a: Landorus-Therian|evasion|1
|-sideend|p2: noccliolinee|Stealth Rock|[from] move: Defog|[of] p2a: Latias
|move|p1a: Landorus-Therian|U-turn|p2a: Latias
|-supereffective|p2a: Latias
|-damage|p2a: Latias|123\/364
|
|switch|p1a: Thundurus|Thundurus, M|299\/299
|
|-weather|SunnyDay|[upkeep]
|-heal|p2a: Latias|145\/364|[from] item: Leftovers
|turn|24
|
|switch|p2a: Sylveon|Sylveon, F|242\/394
|move|p1a: Thundurus|Volt Switch|p2a: Sylveon
|-damage|p2a: Sylveon|140\/394
|
|switch|p1a: Landorus-Therian|Landorus-Therian, M|377\/381
|-ability|p1a: Landorus-Therian|Intimidate|[of] p2a: Sylveon
|-unboost|p2a: Sylveon|atk|1
|
|-weather|none
|-heal|p1a: Landorus-Therian|381\/381|[from] item: Leftovers
|-heal|p2a: Sylveon|164\/394|[from] item: Leftovers
|turn|25
|
|switch|p2a: Charizard|Charizard-Mega-Y, M|149\/298
|-weather|SunnyDay
|move|p1a: Landorus-Therian|Stealth Rock|p2a: Charizard
|-sidestart|p2: noccliolinee|move: Stealth Rock
|
|-weather|SunnyDay|[upkeep]
|turn|26
|
|move|p2a: Charizard|Fire Blast|p1a: Landorus-Therian
|-damage|p1a: Landorus-Therian|0 fnt
|faint|p1a: Landorus-Therian
|
|-weather|SunnyDay|[upkeep]
|
|switch|p1a: Thundurus|Thundurus, M|299\/299
|turn|27
|
|switch|p2a: Latias|Latias, F|145\/364
|-damage|p2a: Latias|100\/364|[from] Stealth Rock
|move|p1a: Thundurus|Volt Switch|p2a: Latias
|-resisted|p2a: Latias
|-damage|p2a: Latias|49\/364
|
|switch|p1a: rAM|Scizor-Mega, M, shiny|207\/291
|
|-weather|SunnyDay|[upkeep]
|-heal|p2a: Latias|71\/364|[from] item: Leftovers
|turn|28
|
|switch|p2a: Suicune|Suicune|404\/404
|-damage|p2a: Suicune|354\/404|[from] Stealth Rock
|-ability|p2a: Suicune|Pressure
|move|p1a: rAM|Bullet Punch|p2a: Suicune
|-resisted|p2a: Suicune
|-damage|p2a: Suicune|317\/404
|
|-weather|SunnyDay|[upkeep]
|turn|29
|
|switch|p1a: Thundurus|Thundurus, M|299\/299
|move|p2a: Suicune|Scald|p1a: Thundurus
|-damage|p1a: Thundurus|241\/299
|-status|p1a: Thundurus|brn
|
|-weather|none
|-heal|p1a: Thundurus|259\/299 brn|[from] item: Leftovers
|-damage|p1a: Thundurus|222\/299 brn|[from] brn
|turn|30
|
|move|p1a: Thundurus|Volt Switch|p2a: Suicune
|-supereffective|p2a: Suicune
|-damage|p2a: Suicune|105\/404
|
|switch|p1a: Manaphy|Manaphy, shiny|329\/351
|move|p2a: Suicune|Scald|p1a: Manaphy
|-resisted|p1a: Manaphy
|-damage|p1a: Manaphy|289\/351
|-status|p1a: Manaphy|brn
|
|-heal|p1a: Manaphy|310\/351 brn|[from] item: Leftovers
|-damage|p1a: Manaphy|267\/351 brn|[from] brn
|turn|31
|
|switch|p1a: Thundurus|Thundurus, M|222\/299 brn
|move|p2a: Suicune|Scald|p1a: Thundurus
|-damage|p1a: Thundurus|114\/299 brn
|
|-heal|p1a: Thundurus|132\/299 brn|[from] item: Leftovers
|-damage|p1a: Thundurus|95\/299 brn|[from] brn
|turn|32
|
|move|p1a: Thundurus|Volt Switch|p2a: Suicune
|-supereffective|p2a: Suicune
|-damage|p2a: Suicune|0 fnt
|faint|p2a: Suicune
|
|switch|p1a: rAM|Scizor-Mega, M, shiny|207\/291
|
|
|switch|p2a: Charizard|Charizard-Mega-Y, M|149\/298
|-damage|p2a: Charizard|0 fnt|[from] Stealth Rock
|faint|p2a: Charizard
|c|★gyarad0site|nope
|c|★gyarad0site|always 51%
|c|★noccliolinee|then how do you explain
|c|★noccliolinee|now
|c|★gyarad0site|you have your EVs wrong
|c|★gyarad0site|or that would never happen
|c|★noccliolinee|what's right evs
|
|switch|p2a: Bisharp|Bisharp, F|271\/271
|-damage|p2a: Bisharp|255\/271|[from] Stealth Rock
|turn|33
|c|★gyarad0site|an odd total HP
|c|★noccliolinee|not really
|
|switch|p2a: Latias|Latias, F|71\/364
|-damage|p2a: Latias|26\/364|[from] Stealth Rock
|move|p1a: rAM|Superpower|p2a: Latias
|-resisted|p2a: Latias
|-damage|p2a: Latias|0 fnt
|-unboost|p1a: rAM|atk|1
|-unboost|p1a: rAM|def|1
|faint|p2a: Latias
|
|
|switch|p2a: Bisharp|Bisharp, F|255\/271
|-damage|p2a: Bisharp|239\/271|[from] Stealth Rock
|turn|34
|
|switch|p2a: Sylveon|Sylveon, F|164\/394
|-damage|p2a: Sylveon|115\/394|[from] Stealth Rock
|move|p1a: rAM|Superpower|p2a: Sylveon
|-resisted|p2a: Sylveon
|-damage|p2a: Sylveon|62\/394
|-unboost|p1a: rAM|atk|1
|-unboost|p1a: rAM|def|1
|
|-heal|p2a: Sylveon|86\/394|[from] item: Leftovers
|turn|35
|
|move|p1a: rAM|Bullet Punch|p2a: Sylveon
|-supereffective|p2a: Sylveon
|-damage|p2a: Sylveon|0 fnt
|faint|p2a: Sylveon
|
|
|switch|p2a: Bisharp|Bisharp, F|239\/271
|-damage|p2a: Bisharp|223\/271|[from] Stealth Rock
|turn|36
|
|switch|p1a: Thundurus|Thundurus, M|95\/299 brn
|move|p2a: Bisharp|Sucker Punch|p1a: Thundurus
|-fail|p1a: Thundurus
|
|-heal|p1a: Thundurus|113\/299 brn|[from] item: Leftovers
|-damage|p1a: Thundurus|76\/299 brn|[from] brn
|turn|37
|
|move|p1a: Thundurus|Taunt|p2a: Bisharp
|-start|p2a: Bisharp|move: Taunt
|cant|p2a: Bisharp|move: Taunt|Swords Dance
|
|-heal|p1a: Thundurus|94\/299 brn|[from] item: Leftovers
|-damage|p1a: Thundurus|57\/299 brn|[from] brn
|turn|38
|
|move|p1a: Thundurus|Thunder Wave|p2a: Bisharp
|-status|p2a: Bisharp|par
|cant|p2a: Bisharp|par
|
|-heal|p1a: Thundurus|75\/299 brn|[from] item: Leftovers
|-damage|p1a: Thundurus|38\/299 brn|[from] brn
|turn|39
|
|cant|p2a: Bisharp|par
|move|p1a: Thundurus|Hidden Power|p2a: Bisharp
|-resisted|p2a: Bisharp
|-damage|p2a: Bisharp|173\/271 par
|
|-heal|p1a: Thundurus|56\/299 brn|[from] item: Leftovers
|-damage|p1a: Thundurus|19\/299 brn|[from] brn
|-end|p2a: Bisharp|move: Taunt
|turn|40
|
|move|p1a: Thundurus|Taunt|p2a: Bisharp
|-start|p2a: Bisharp|move: Taunt
|move|p2a: Bisharp|Knock Off|p1a: Thundurus
|-damage|p1a: Thundurus|0 fnt
|-enditem|p1a: Thundurus|Leftovers|[from] move: Knock Off|[of] p2a: Bisharp
|faint|p1a: Thundurus
|
|
|switch|p1a: rAM|Scizor-Mega, M, shiny|207\/291
|turn|41
|
|move|p2a: Bisharp|Sucker Punch|p1a: rAM
|-damage|p1a: rAM|86\/291
|move|p1a: rAM|Superpower|p2a: Bisharp
|-supereffective|p2a: Bisharp
|-damage|p2a: Bisharp|0 fnt
|-unboost|p1a: rAM|atk|1
|-unboost|p1a: rAM|def|1
|faint|p2a: Bisharp
|
|win|gyarad0site
|raw|Ladder updating...
|raw|gyarad0site's rating: 1679 &rarr; <strong>1691<\/strong><br \/>(+12 for winning)
|raw|noccliolinee's rating: 1533 &rarr; <strong>1521<\/strong><br \/>(-12 for losing)
|c|★gyarad0site|gg
|c|★noccliolinee|gg
|leave|noccliolinee
|player|p2