|join|I ABR I
|join|gyarad0site
|player|p1|I ABR I|291
|player|p2|gyarad0site|195
|gametype|singles
|gen|6
|tier|OU
|rated
|clearpoke
|poke|p1|Togekiss, M
|poke|p1|Lopunny, F
|poke|p1|Heatran, M
|poke|p1|Landorus, M
|poke|p1|Breloom, M
|poke|p1|Greninja, M
|poke|p2|Scizor, M, shiny
|poke|p2|Manaphy, shiny
|poke|p2|Thundurus, M
|poke|p2|Landorus-Therian, M
|poke|p2|Cobalion
|poke|p2|Latios, M
|rule|Swagger Clause: Swagger is banned
|rule|Baton Pass Clause: Limit one Pokémon knowing Baton Pass
|rule|Sleep Clause Mod: Limit one foe put to sleep
|rule|Species Clause: Limit one of each Pokémon
|rule|OHKO Clause: OHKO moves are banned
|rule|Moody Clause: Moody is banned
|rule|Evasion Moves Clause: Evasion moves are banned
|rule|Endless Battle Clause: Forcing endless battles is banned
|rule|HP Percentage Mod: HP is shown in percentages
|teampreview
|
|start
|switch|p1a: Greninja|Greninja, M|285\/285
|switch|p2a: Thundurus|Thundurus, M|299\/299
|turn|1
|
|switch|p1a: Lopunny|Lopunny, F|271\/271
|move|p2a: Thundurus|Thunder Wave|p1a: Lopunny
|-fail|p1a: Lopunny
|
|turn|2
|
|detailschange|p1a: Lopunny|Lopunny-Mega, F
|message|Lopunny has Mega Evolved into Mega Lopunny!
|move|p1a: Lopunny|Fake Out|p2a: Thundurus
|-damage|p2a: Thundurus|206\/299
|cant|p2a: Thundurus|flinch
|
|-heal|p2a: Thundurus|224\/299|[from] item: Leftovers
|turn|3
|
|switch|p1a: Landorus|Landorus, M|319\/319
|move|p2a: Thundurus|Thunder Wave|p1a: Landorus
|-immune|p1a: Landorus|[msg]
|
|-heal|p2a: Thundurus|242\/299|[from] item: Leftovers
|turn|4
|
|switch|p1a: Heatran|Heatran, M|323\/323
|move|p2a: Thundurus|Hidden Power|p1a: Heatran
|-resisted|p1a: Heatran
|-damage|p1a: Heatran|307\/323
|
|-heal|p2a: Thundurus|260\/299|[from] item: Leftovers
|-heal|p1a: Heatran|323\/323|[from] item: Leftovers
|turn|5
|
|move|p2a: Thundurus|Taunt|p1a: Heatran
|-start|p1a: Heatran|move: Taunt
|move|p1a: Heatran|Lava Plume|p2a: Thundurus
|-damage|p2a: Thundurus|91\/299
|-status|p2a: Thundurus|brn
|
|-heal|p2a: Thundurus|109\/299 brn|[from] item: Leftovers
|-damage|p2a: Thundurus|72\/299 brn|[from] brn
|turn|6
|
|move|p2a: Thundurus|Volt Switch|p1a: Heatran
|-crit|p1a: Heatran
|-damage|p1a: Heatran|145\/323
|
|switch|p2a: murakAMi|Manaphy, shiny|351\/351
|move|p1a: Heatran|Magma Storm|p2a: murakAMi|[miss]
|-miss|p1a: Heatran|p2a: murakAMi
|
|-heal|p1a: Heatran|165\/323|[from] item: Leftovers
|turn|7
|
|move|p2a: murakAMi|Scald|p1a: Heatran
|-supereffective|p1a: Heatran
|-damage|p1a: Heatran|0 fnt
|faint|p1a: Heatran
|
|
|switch|p1a: Breloom|Breloom, M|261\/261
|turn|8
|
|switch|p2a: flAMberge|Cobalion|358\/358
|move|p1a: Breloom|Swords Dance|p1a: Breloom
|-boost|p1a: Breloom|atk|2
|
|-status|p1a: Breloom|tox|[from] item: Toxic Orb
|turn|9
|
|switch|p2a: sAMuel L|Landorus-Therian, M|381\/381
|-ability|p2a: sAMuel L|Intimidate|[of] p1a: Breloom
|-unboost|p1a: Breloom|atk|1
|move|p1a: Breloom|Superpower|p2a: sAMuel L
|-resisted|p2a: sAMuel L
|-damage|p2a: sAMuel L|261\/381
|-unboost|p1a: Breloom|atk|1
|-unboost|p1a: Breloom|def|1
|
|-heal|p2a: sAMuel L|284\/381|[from] item: Leftovers
|turn|10
|
|switch|p1a: Landorus|Landorus, M|319\/319
|switch|p2a: flAMberge|Cobalion|358\/358
|
|turn|11
|
|move|p2a: flAMberge|Iron Head|p1a: Landorus
|-damage|p1a: Landorus|207\/319
|move|p1a: Landorus|Stealth Rock|p2a: flAMberge
|-sidestart|p2: gyarad0site|move: Stealth Rock
|
|turn|12
|
|move|p2a: flAMberge|Iron Head|p1a: Landorus
|-damage|p1a: Landorus|98\/319
|move|p1a: Landorus|Knock Off|p2a: flAMberge
|-resisted|p2a: flAMberge
|-damage|p2a: flAMberge|311\/358
|-boost|p2a: flAMberge|atk|1|[from] ability: Justified
|-enditem|p2a: flAMberge|Leftovers|[from] move: Knock Off|[of] p1a: Landorus
|-damage|p1a: Landorus|67\/319|[from] item: Life Orb
|
|turn|13
|
|move|p2a: flAMberge|Iron Head|p1a: Landorus
|-damage|p1a: Landorus|0 fnt
|faint|p1a: Landorus
|
|
|switch|p1a: Lopunny|Lopunny-Mega, F|271\/271
|turn|14
|
|move|p1a: Lopunny|High Jump Kick|p2a: flAMberge
|-supereffective|p2a: flAMberge
|-damage|p2a: flAMberge|0 fnt
|faint|p2a: flAMberge
|
|
|switch|p2a: sAMuel L|Landorus-Therian, M|284\/381
|-damage|p2a: sAMuel L|237\/381|[from] Stealth Rock
|-ability|p2a: sAMuel L|Intimidate|[of] p1a: Lopunny
|-unboost|p1a: Lopunny|atk|1
|turn|15
|
|move|p1a: Lopunny|Return|p2a: sAMuel L
|-damage|p2a: sAMuel L|147\/381
|move|p2a: sAMuel L|Stealth Rock|p1a: Lopunny
|-sidestart|p1: I ABR I|move: Stealth Rock
|
|-heal|p2a: sAMuel L|170\/381|[from] item: Leftovers
|turn|16
|
|switch|p1a: Togekiss|Togekiss, M|311\/311
|-damage|p1a: Togekiss|234\/311|[from] Stealth Rock
|move|p2a: sAMuel L|Rock Tomb|p1a: Togekiss
|-crit|p1a: Togekiss
|-supereffective|p1a: Togekiss
|-damage|p1a: Togekiss|20\/311
|-unboost|p1a: Togekiss|spe|1
|
|-heal|p2a: sAMuel L|193\/381|[from] item: Leftovers
|turn|17
|
|move|p1a: Togekiss|Air Slash|p2a: sAMuel L
|-damage|p2a: sAMuel L|39\/381
|cant|p2a: sAMuel L|flinch
|
|-heal|p2a: sAMuel L|62\/381|[from] item: Leftovers
|turn|18
|
|move|p1a: Togekiss|Air Slash|p2a: sAMuel L
|-damage|p2a: sAMuel L|0 fnt
|faint|p2a: sAMuel L
|
|
|switch|p2a: rAMbo|Scizor, M, shiny|291\/291
|-damage|p2a: rAMbo|255\/291|[from] Stealth Rock
|turn|19
|
|detailschange|p2a: rAMbo|Scizor-Mega, M, shiny
|message|Scizor has Mega Evolved into Mega Scizor!
|move|p2a: rAMbo|Bullet Punch|p1a: Togekiss
|-supereffective|p1a: Togekiss
|-damage|p1a: Togekiss|0 fnt
|faint|p1a: Togekiss
|
|
|switch|p1a: Greninja|Greninja, M|285\/285
|-damage|p1a: Greninja|250\/285|[from] Stealth Rock
|turn|20
|
|switch|p2a: Thundurus|Thundurus, M|72\/299 brn
|-damage|p2a: Thundurus|0 fnt|[from] Stealth Rock
|faint|p2a: Thundurus
|move|p1a: Greninja|Dark Pulse|p2: Thundurus|[notarget]
|-notarget
|
|
|switch|p2a: Latios|Latios, M|301\/301
|-damage|p2a: Latios|264\/301|[from] Stealth Rock
|turn|21
|
|move|p1a: Greninja|Dark Pulse|p2a: Latios
|-start|p1a: Greninja|typechange|Dark|[from] Protean
|-supereffective|p2a: Latios
|-damage|p2a: Latios|34\/301
|move|p2a: Latios|Draco Meteor|p1a: Greninja
|-damage|p1a: Greninja|0 fnt
|-unboost|p2a: Latios|spa|2
|faint|p1a: Greninja
|
|
|switch|p1a: Breloom|Breloom, M|261\/261 tox
|-damage|p1a: Breloom|245\/261 tox|[from] Stealth Rock
|turn|22
|
|move|p2a: Latios|Draco Meteor|p1a: Breloom|[miss]
|-miss|p2a: Latios|p1a: Breloom
|move|p1a: Breloom|Swords Dance|p1a: Breloom
|-boost|p1a: Breloom|atk|2
|
|-heal|p1a: Breloom|261\/261 tox|[from] ability: Poison Heal
|turn|23
|
|move|p2a: Latios|Draco Meteor|p1a: Breloom
|-damage|p1a: Breloom|81\/261 tox
|-unboost|p2a: Latios|spa|2
|move|p1a: Breloom|Facade|p2a: Latios
|-damage|p2a: Latios|0 fnt
|faint|p2a: Latios
|
|-heal|p1a: Breloom|113\/261 tox|[from] ability: Poison Heal
|
|switch|p2a: rAMbo|Scizor-Mega, M, shiny|255\/291
|-damage|p2a: rAMbo|219\/291|[from] Stealth Rock
|turn|24
|
|move|p2a: rAMbo|Bullet Punch|p1a: Breloom
|-damage|p1a: Breloom|0 fnt
|faint|p1a: Breloom
|
|
|switch|p1a: Lopunny|Lopunny-Mega, F|271\/271
|-damage|p1a: Lopunny|255\/271|[from] Stealth Rock
|turn|25
|
|switch|p2a: murakAMi|Manaphy, shiny|351\/351
|-damage|p2a: murakAMi|308\/351|[from] Stealth Rock
|move|p1a: Lopunny|Fake Out|p2a: murakAMi
|-damage|p2a: murakAMi|236\/351
|
|-heal|p2a: murakAMi|257\/351|[from] item: Leftovers
|turn|26
|
|move|p1a: Lopunny|High Jump Kick|p2a: murakAMi
|-damage|p2a: murakAMi|0 fnt
|faint|p2a: murakAMi
|
|
|switch|p2a: rAMbo|Scizor-Mega, M, shiny|219\/291
|-damage|p2a: rAMbo|183\/291|[from] Stealth Rock
|turn|27
|
|move|p1a: Lopunny|High Jump Kick|p2a: rAMbo
|-damage|p2a: rAMbo|6\/291
|move|p2a: rAMbo|Superpower|p1a: Lopunny
|-supereffective|p1a: Lopunny
|-damage|p1a: Lopunny|0 fnt
|-unboost|p2a: rAMbo|atk|1
|-unboost|p2a: rAMbo|def|1
|faint|p1a: Lopunny
|
|win|gyarad0site
|raw|Ladder updating...
|raw|I ABR I's rating: 1720 &rarr; <strong>1700<\/strong><br \/>(-20 for losing)
|raw|gyarad0site's rating: 1706 &rarr; <strong>1727<\/strong><br \/>(+21 for winning)
|c|★gyarad0site|gg
|leave|I ABR I
|player|p1