|join|dallarens friend
|join|gyarad0site
|player|p1|dallarens friend|1
|player|p2|gyarad0site|195
|gametype|singles
|gen|6
|tier|OU
|clearpoke
|poke|p1|Gengar, F
|poke|p1|Klefki, M
|poke|p1|Garchomp, M
|poke|p1|Heatran, F
|poke|p1|Gyarados, F
|poke|p1|Greninja, M
|poke|p2|Scizor, M, shiny
|poke|p2|Manaphy, shiny
|poke|p2|Thundurus, M
|poke|p2|Landorus-Therian, M
|poke|p2|Cobalion
|poke|p2|Latios, M
|rule|Swagger Clause: Swagger is banned
|rule|Baton Pass Clause: Limit one Pokémon knowing Baton Pass
|rule|Sleep Clause Mod: Limit one foe put to sleep
|rule|Species Clause: Limit one of each Pokémon
|rule|OHKO Clause: OHKO moves are banned
|rule|Moody Clause: Moody is banned
|rule|Evasion Moves Clause: Evasion moves are banned
|rule|Endless Battle Clause: Forcing endless battles is banned
|rule|HP Percentage Mod: HP is shown in percentages
|teampreview
|c|★gyarad0site|thanks
|c|★dallarens friend|rofl
|join|m00n's blanket
|c|★dallarens friend|a wild coblaion appears
|join|Politoed in Green
|c| Politoed in Green|wild cobalion
|c| m00n's blanket|coballion is good
|join|robdilucci
|c| Politoed in Green|lol
|join|cobbalob
|join|Jukain
|
|start
|switch|p1a: Klefki|Klefki, M|318\/318
|switch|p2a: flAMberge|Cobalion|358\/358
|turn|1
|
|switch|p2a: Thundurus|Thundurus, M|299\/299
|move|p1a: Klefki|Spikes|p2a: Thundurus
|-sidestart|p2: gyarad0site|Spikes
|
|turn|2
|
|move|p2a: Thundurus|Taunt|p1a: Klefki
|-start|p1a: Klefki|move: Taunt
|move|p1a: Klefki|Play Rough|p2a: Thundurus
|-damage|p2a: Thundurus|170\/299
|-unboost|p2a: Thundurus|atk|1
|
|-heal|p2a: Thundurus|188\/299|[from] item: Leftovers
|turn|3
|
|switch|p1a: Heatran|Heatran, F|323\/323
|move|p2a: Thundurus|Volt Switch|p1a: Heatran
|-damage|p1a: Heatran|214\/323
|join|Aaron Pinkman
|c|★dallarens friend|vot,,l swtich
|c|★dallarens friend|pls
|
|switch|p2a: flAMberge|Cobalion|358\/358
|-damage|p2a: flAMberge|314\/358|[from] Spikes
|
|-heal|p2a: flAMberge|336\/358|[from] item: Leftovers
|turn|4
|c|★gyarad0site|hey i have a question
|c|★dallarens friend|b b b but
|c|★gyarad0site|r u scarf
|c|★gyarad0site|or naw
|c|★dallarens friend|o ,ohjy be sarfed
|c|★dallarens friend|chomp obv has rocks
|c|★dallarens friend|why naught go safe scarf lando
|c|★gyarad0site|naw max speed timid is all the rage lately
|c|+Jukain|if hes not lefties or balloon..
|c|★dallarens friend|^^^
|c|★dallarens friend|eat this fire blast
|c| Politoed in Green|shuaca berry?
|c| m00n's blanket|someone do a !
|c|★dallarens friend|look at that quad volt turn core
|c|★dallarens friend|gross as fuck
|c| Politoed in Green|lol
|c|★gyarad0site|you can have cobalion imo
|
|switch|p1a: Gyarados|Gyarados, F|334\/334
|-ability|p1a: Gyarados|Intimidate|[of] p2a: flAMberge
|-unboost|p2a: flAMberge|atk|1
|move|p2a: flAMberge|Close Combat|p1a: Gyarados
|-resisted|p1a: Gyarados
|-damage|p1a: Gyarados|277\/334
|-unboost|p2a: flAMberge|def|1
|-unboost|p2a: flAMberge|spd|1
|
|-heal|p2a: flAMberge|358\/358|[from] item: Leftovers
|turn|5
|c| m00n's blanket|lol
|
|switch|p1a: Garchomp|Garchomp, M|357\/357
|move|p2a: flAMberge|Taunt|p1a: Garchomp
|-start|p1a: Garchomp|move: Taunt
|
|turn|6
|
|switch|p2a: sAMuel L|Landorus-Therian, M|381\/381
|-ability|p2a: sAMuel L|Intimidate|[of] p1a: Garchomp
|-unboost|p1a: Garchomp|atk|1
|move|p1a: Garchomp|Earthquake|p2a: sAMuel L
|-immune|p2a: sAMuel L|[msg]
|
|turn|7
|
|move|p1a: Garchomp|Draco Meteor|p2a: sAMuel L
|-damage|p2a: sAMuel L|147\/381
|-unboost|p1a: Garchomp|spa|2
|-damage|p1a: Garchomp|322\/357|[from] item: Life Orb
|move|p2a: sAMuel L|Stealth Rock|p1a: Garchomp
|-sidestart|p1: dallarens friend|move: Stealth Rock
|
|-heal|p2a: sAMuel L|170\/381|[from] item: Leftovers
|turn|8
|
|move|p1a: Garchomp|Draco Meteor|p2a: sAMuel L
|-crit|p2a: sAMuel L
|-damage|p2a: sAMuel L|0 fnt
|-unboost|p1a: Garchomp|spa|2
|-damage|p1a: Garchomp|287\/357|[from] item: Life Orb
|faint|p2a: sAMuel L
|
|-end|p1a: Garchomp|move: Taunt
|join|UnB0lievable
|
|switch|p2a: Thundurus|Thundurus, M|188\/299
|turn|9
|c|★dallarens friend|you don't run
|c|★dallarens friend|vswithc hp ice
|c|★dallarens friend|taunt twave
|c|★dallarens friend|you cant be THAT good
|
|switch|p1a: Klefki|Klefki, M|318\/318
|-damage|p1a: Klefki|299\/318|[from] Stealth Rock
|move|p2a: Thundurus|Hidden Power|p1a: Klefki
|-resisted|p1a: Klefki
|-damage|p1a: Klefki|267\/318
|
|-heal|p2a: Thundurus|206\/299|[from] item: Leftovers
|-heal|p1a: Klefki|286\/318|[from] item: Leftovers
|turn|10
|c| m00n's blanket|he runs HP ice
|c|★dallarens friend|my god
|c|★dallarens friend|so gross
|
|move|p2a: Thundurus|Taunt|p1a: Klefki
|-start|p1a: Klefki|move: Taunt
|cant|p1a: Klefki|move: Taunt|Spikes
|
|-heal|p2a: Thundurus|224\/299|[from] item: Leftovers
|-heal|p1a: Klefki|305\/318|[from] item: Leftovers
|turn|11
|
|switch|p1a: Garchomp|Garchomp, M|287\/357
|-damage|p1a: Garchomp|265\/357|[from] Stealth Rock
|move|p2a: Thundurus|Volt Switch|p1a: Garchomp
|-immune|p1a: Garchomp|[msg]
|
|-heal|p2a: Thundurus|242\/299|[from] item: Leftovers
|turn|12
|c|★dallarens friend|im getting my spike
|c|★gyarad0site|u cant take this
|c|★gyarad0site|tank
|
|switch|p1a: Klefki|Klefki, M|305\/318
|-damage|p1a: Klefki|286\/318|[from] Stealth Rock
|move|p2a: Thundurus|Hidden Power|p1a: Klefki
|-resisted|p1a: Klefki
|-damage|p1a: Klefki|253\/318
|
|-heal|p2a: Thundurus|260\/299|[from] item: Leftovers
|-heal|p1a: Klefki|272\/318|[from] item: Leftovers
|turn|13
|c|★dallarens friend|my spike
|c|★dallarens friend|im getting it...
|c|★gyarad0site|play rough me
|
|move|p2a: Thundurus|Taunt|p1a: Klefki
|-start|p1a: Klefki|move: Taunt
|move|p1a: Klefki|Play Rough|p2a: Thundurus
|-damage|p2a: Thundurus|127\/299
|
|-heal|p2a: Thundurus|145\/299|[from] item: Leftovers
|-heal|p1a: Klefki|291\/318|[from] item: Leftovers
|turn|14
|c|★dallarens friend|im spiking
|
|switch|p1a: Garchomp|Garchomp, M|265\/357
|-damage|p1a: Garchomp|243\/357|[from] Stealth Rock
|move|p2a: Thundurus|Volt Switch|p1a: Garchomp
|-immune|p1a: Garchomp|[msg]
|
|-heal|p2a: Thundurus|163\/299|[from] item: Leftovers
|turn|15
|c|★dallarens friend|im getting
|c|★dallarens friend|my spike
|
|switch|p1a: Klefki|Klefki, M|291\/318
|-damage|p1a: Klefki|272\/318|[from] Stealth Rock
|move|p2a: Thundurus|Taunt|p1a: Klefki
|-start|p1a: Klefki|move: Taunt
|
|-heal|p2a: Thundurus|181\/299|[from] item: Leftovers
|-heal|p1a: Klefki|291\/318|[from] item: Leftovers
|turn|16
|c|★dallarens friend|aw
|c|★dallarens friend|:(
|c|★dallarens friend|rofl
|
|move|p2a: Thundurus|Volt Switch|p1a: Klefki
|-damage|p1a: Klefki|174\/318
|
|switch|p2a: murakAMi|Manaphy, shiny|351\/351
|-damage|p2a: murakAMi|308\/351|[from] Spikes
|move|p1a: Klefki|Play Rough|p2a: murakAMi|[miss]
|-miss|p1a: Klefki|p2a: murakAMi
|
|-heal|p2a: murakAMi|329\/351|[from] item: Leftovers
|-heal|p1a: Klefki|193\/318|[from] item: Leftovers
|turn|17
|c|★dallarens friend|.
|
|switch|p1a: Garchomp|Garchomp, M|243\/357
|-damage|p1a: Garchomp|221\/357|[from] Stealth Rock
|move|p2a: murakAMi|Scald|p1a: Garchomp
|-damage|p1a: Garchomp|62\/357
|
|-heal|p2a: murakAMi|350\/351|[from] item: Leftovers
|turn|18
|c| robdilucci|lol
|c| m00n's blanket|this thing is win condition
|c| m00n's blanket|jk
|c| Politoed in Green|lol
|c| Politoed in Green|I like defensive manaphy with uturn+scald+rd+snooze
|c|★dallarens friend|^
|c|★dallarens friend|that's actually
|c|★dallarens friend|"nb"
|c|★gyarad0site|hang on
|c|★gyarad0site|i need
|c|★gyarad0site|to wash my hands
|c|★dallarens friend|the hell are you doing over there
|c|★dallarens friend|ive spent 40 seconds playing
|c|★dallarens friend|and 6 iminutes waiting.
|c|★dallarens friend|...
|c| robdilucci|he's probably been eating or something lol
|
|switch|p2a: flAMberge|Cobalion|358\/358
|-damage|p2a: flAMberge|314\/358|[from] Spikes
|move|p1a: Garchomp|Earthquake|p2a: flAMberge
|-supereffective|p2a: flAMberge
|-damage|p2a: flAMberge|0 fnt
|-damage|p1a: Garchomp|27\/357|[from] item: Life Orb
|faint|p2a: flAMberge
|
|
|switch|p2a: Thundurus|Thundurus, M|181\/299
|turn|19
|
|switch|p1a: Klefki|Klefki, M|193\/318
|-damage|p1a: Klefki|174\/318|[from] Stealth Rock
|move|p2a: Thundurus|Hidden Power|p1a: Klefki
|-resisted|p1a: Klefki
|-damage|p1a: Klefki|141\/318
|
|-heal|p2a: Thundurus|199\/299|[from] item: Leftovers
|-heal|p1a: Klefki|160\/318|[from] item: Leftovers
|turn|20
|
|move|p2a: Thundurus|Taunt|p1a: Klefki
|-start|p1a: Klefki|move: Taunt
|move|p1a: Klefki|Play Rough|p2a: Thundurus
|-damage|p2a: Thundurus|61\/299
|
|-heal|p2a: Thundurus|79\/299|[from] item: Leftovers
|-heal|p1a: Klefki|179\/318|[from] item: Leftovers
|turn|21
|
|switch|p1a: Garchomp|Garchomp, M|27\/357
|-damage|p1a: Garchomp|5\/357|[from] Stealth Rock
|move|p2a: Thundurus|Volt Switch|p1a: Garchomp
|-immune|p1a: Garchomp|[msg]
|
|-heal|p2a: Thundurus|97\/299|[from] item: Leftovers
|turn|22
|
|switch|p1a: Klefki|Klefki, M|179\/318
|-damage|p1a: Klefki|160\/318|[from] Stealth Rock
|move|p2a: Thundurus|Hidden Power|p1a: Klefki
|-resisted|p1a: Klefki
|-damage|p1a: Klefki|129\/318
|
|-heal|p2a: Thundurus|115\/299|[from] item: Leftovers
|-heal|p1a: Klefki|148\/318|[from] item: Leftovers
|turn|23
|
|move|p1a: Klefki|Spikes|p2a: Thundurus
|-sidestart|p2: gyarad0site|Spikes
|move|p2a: Thundurus|Volt Switch|p1a: Klefki
|-damage|p1a: Klefki|40\/318
|c|★dallarens friend|I told you
|c|★dallarens friend|i was
|c|★dallarens friend|getting my spike
|
|switch|p2a: rAMbo|Scizor, M, shiny|291\/291
|-damage|p2a: rAMbo|243\/291|[from] Spikes
|
|-heal|p1a: Klefki|59\/318|[from] item: Leftovers
|turn|24
|c|★gyarad0site|that you did
|c|★dallarens friend|it only took like 9 turns
|
|detailschange|p2a: rAMbo|Scizor-Mega, M, shiny
|message|Scizor has Mega Evolved into Mega Scizor!
|move|p2a: rAMbo|Bullet Punch|p1a: Klefki
|-damage|p1a: Klefki|0 fnt
|faint|p1a: Klefki
|
|
|switch|p1a: Heatran|Heatran, F|214\/323
|-damage|p1a: Heatran|174\/323|[from] Stealth Rock
|turn|25
|c| cobbalob|inb4 defog
|
|move|p1a: Heatran|Lava Plume|p2a: rAMbo
|-supereffective|p2a: rAMbo
|-damage|p2a: rAMbo|0 fnt
|faint|p2a: rAMbo
|
|c|★gyarad0site|ah
|c|★gyarad0site|welp
|
|switch|p2a: murakAMi|Manaphy, shiny|350\/351
|-damage|p2a: murakAMi|292\/351|[from] Spikes
|turn|26
|c|★dallarens friend|incoming nuke
|
|move|p2a: murakAMi|Scald|p1a: Heatran
|-supereffective|p1a: Heatran
|-damage|p1a: Heatran|0 fnt
|faint|p1a: Heatran
|
|-heal|p2a: murakAMi|313\/351|[from] item: Leftovers
|c|★dallarens friend|o speed y mana
|
|switch|p1a: Gengar|Gengar, F|268\/268
|-damage|p1a: Gengar|235\/268|[from] Stealth Rock
|turn|27
|c|★gyarad0site|what was the item
|c|★gyarad0site|btw
|c|★dallarens friend|power herb
|c|★dallarens friend|solarbeam
|c|★gyarad0site|ah sexy
|c|★dallarens friend|you were guna eat the nuke...
|c|★dallarens friend|most manas do
|c|★gyarad0site|thought you'd predict the switch to mana
|c|★dallarens friend|they run no speed
|c|★gyarad0site|o
|c|★gyarad0site|you thought youd outspeed
|c|★gyarad0site|damn
|c|★dallarens friend|ya
|c|★dallarens friend|most manas
|c|★dallarens friend|are
|c|★dallarens friend|defensive
|c|★dallarens friend|and bulky
|c|★dallarens friend|i llove doubling tran into quags and gastos
|
|move|p1a: Gengar|Will-O-Wisp|p2a: murakAMi
|-status|p2a: murakAMi|brn
|move|p2a: murakAMi|Scald|p1a: Gengar
|-damage|p1a: Gengar|85\/268
|-status|p1a: Gengar|brn
|
|-heal|p1a: Gengar|101\/268 brn|[from] item: Leftovers
|-heal|p2a: murakAMi|334\/351 brn|[from] item: Leftovers
|-damage|p1a: Gengar|68\/268 brn|[from] brn
|-damage|p2a: murakAMi|291\/351 brn|[from] brn
|turn|28
|c|★dallarens friend|if mana doesn't burn gyara
|
|move|p1a: Gengar|Hex|p2a: murakAMi
|-damage|p2a: murakAMi|74\/351 brn
|move|p2a: murakAMi|Scald|p1a: Gengar
|-damage|p1a: Gengar|0 fnt
|faint|p1a: Gengar
|
|-heal|p2a: murakAMi|95\/351 brn|[from] item: Leftovers
|-damage|p2a: murakAMi|52\/351 brn|[from] brn
|c|★dallarens friend|or full para thundy
|
|switch|p1a: Gyarados|Gyarados, F|277\/334
|-damage|p1a: Gyarados|194\/334|[from] Stealth Rock
|-ability|p1a: Gyarados|Intimidate|[of] p2a: murakAMi
|-unboost|p2a: murakAMi|atk|1
|turn|29
|c|★gyarad0site|full para everything
|c|★gyarad0site|don't worry
|c|★dallarens friend|reveal hp electric
|c|★dallarens friend|for basedgodness
|
|move|p2a: murakAMi|Energy Ball|p1a: Gyarados
|-damage|p1a: Gyarados|92\/334
|move|p1a: Gyarados|Dragon Dance|p1a: Gyarados
|-boost|p1a: Gyarados|atk|1
|-boost|p1a: Gyarados|spe|1
|
|-heal|p2a: murakAMi|73\/351 brn|[from] item: Leftovers
|-damage|p2a: murakAMi|30\/351 brn|[from] brn
|turn|30
|c| Politoed in Green|speciALLY defensive?
|
|detailschange|p1a: Gyarados|Gyarados-Mega, F
|message|Gyarados has Mega Evolved into Mega Gyarados!
|-ability|p1a: Gyarados|Mold Breaker
|move|p1a: Gyarados|Crunch|p2a: murakAMi
|-damage|p2a: murakAMi|0 fnt
|faint|p2a: murakAMi
|
|
|switch|p2a: Latios|Latios, M|301\/301
|turn|31
|c|★gyarad0site|:]
|c|★dallarens friend|you aint scared
|c|★dallarens friend|scared
|c|★dallarens friend|scarfed
|
|move|p2a: Latios|Draco Meteor|p1a: Gyarados|[miss]
|-miss|p2a: Latios|p1a: Gyarados
|move|p1a: Gyarados|Crunch|p2a: Latios
|-supereffective|p2a: Latios
|-damage|p2a: Latios|0 fnt
|faint|p2a: Latios
|
|c|★gyarad0site|i ent scurred
|c|★gyarad0site|lmao
|c|★dallarens friend|ROFL
|c|★gyarad0site|gg
|c| robdilucci|rip
|c|★gyarad0site|coulda
|c|★gyarad0site|draco'd both
|c|★gyarad0site|ftw
|c|★dallarens friend|o right
|
|switch|p2a: Thundurus|Thundurus, M|115\/299
|turn|32
|c|★dallarens friend|lando
|c|★dallarens friend|wasn't scarfed
|leave|Jukain
|
|move|p2a: Thundurus|Thunder Wave|p1a: Gyarados
|-status|p1a: Gyarados|par
|move|p1a: Gyarados|Crunch|p2a: Thundurus
|-damage|p2a: Thundurus|0 fnt
|faint|p2a: Thundurus
|
|win|dallarens friend
|c|★gyarad0site|g g
|leave|UnB0lievable
|leave|dallarens friend
|player|p1
|leave|cobbalob
|leave|m00n's blanket
|leave|Aaron Pinkman
|leave|gyarad0site
|player|p2
|join|gyarad0site