|join|gyarad0site
|join|kianann
|player|p1|gyarad0site|195
|player|p2|kianann|2
|gametype|singles
|gen|6
|tier|OU
|rated
|clearpoke
|poke|p1|Gallade, M
|poke|p1|Bisharp, F
|poke|p1|Garchomp, M
|poke|p1|Zapdos
|poke|p1|Clefable, M
|poke|p1|Gengar, M
|poke|p2|Politoed, F
|poke|p2|Swampert, F
|poke|p2|Klefki, F
|poke|p2|Ferrothorn, M
|poke|p2|Landorus, M
|poke|p2|Manaphy
|rule|Swagger Clause: Swagger is banned
|rule|Baton Pass Clause: Limit one Pokémon knowing Baton Pass
|rule|Sleep Clause Mod: Limit one foe put to sleep
|rule|Species Clause: Limit one of each Pokémon
|rule|OHKO Clause: OHKO moves are banned
|rule|Moody Clause: Moody is banned
|rule|Evasion Moves Clause: Evasion moves are banned
|rule|Endless Battle Clause: Forcing endless battles is banned
|rule|HP Percentage Mod: HP is shown in percentages
|teampreview
|c|★kianann|glhf
|c|★gyarad0site|hf
|
|start
|switch|p1a: Bisharp|Bisharp, F|291\/291
|switch|p2a: Politoed|Politoed, F|342\/342
|-weather|RainDance
|turn|1
|
|move|p1a: Bisharp|Knock Off|p2a: Politoed
|-damage|p2a: Politoed|123\/342
|-enditem|p2a: Politoed|Damp Rock|[from] move: Knock Off|[of] p1a: Bisharp
|move|p2a: Politoed|Scald|p1a: Bisharp
|-damage|p1a: Bisharp|113\/291
|
|-weather|RainDance|[upkeep]
|turn|2
|
|move|p1a: Bisharp|Pursuit|p2a: Politoed|[from]Pursuit
|-damage|p2a: Politoed|0 fnt
|faint|p2a: Politoed
|
|-weather|RainDance|[upkeep]
|
|switch|p2a: Manaphy|Manaphy|404\/404
|turn|3
|
|move|p2a: Manaphy|Surf|p1a: Bisharp
|-damage|p1a: Bisharp|0 fnt
|faint|p1a: Bisharp
|
|-weather|RainDance|[upkeep]
|
|switch|p1a: Clefable|Clefable, M|393\/393
|turn|4
|
|move|p2a: Manaphy|Tail Glow|p2a: Manaphy
|-boost|p2a: Manaphy|spa|3
|move|p1a: Clefable|Calm Mind|p1a: Clefable
|-boost|p1a: Clefable|spa|1
|-boost|p1a: Clefable|spd|1
|
|-weather|RainDance|[upkeep]
|turn|5
|
|move|p2a: Manaphy|Surf|p1a: Clefable
|-damage|p1a: Clefable|269\/393
|move|p1a: Clefable|Moonblast|p2a: Manaphy
|-damage|p2a: Manaphy|230\/404
|
|-weather|RainDance|[upkeep]
|-heal|p2a: Manaphy|255\/404|[from] item: Leftovers
|-heal|p1a: Clefable|293\/393|[from] item: Leftovers
|turn|6
|
|switch|p2a: Klefki|Klefki, F|317\/317
|switch|p1a: Gallade|Gallade, M|277\/277
|
|-weather|RainDance|[upkeep]
|turn|7
|
|switch|p1a: Garchomp|Garchomp, M|420\/420
|move|p2a: Klefki|Thunder Wave|p1a: Garchomp
|-immune|p1a: Garchomp|[msg]
|
|-weather|RainDance|[upkeep]
|turn|8
|c|★kianann|i aws worried that u might be unaware
|
|switch|p2a: Ferrothorn|Ferrothorn, M|352\/352
|move|p1a: Garchomp|Stealth Rock|p2a: Ferrothorn
|-sidestart|p2: kianann|move: Stealth Rock
|
|-weather|none
|turn|9
|
|switch|p1a: Gallade|Gallade, M|277\/277
|move|p2a: Ferrothorn|Leech Seed|p1a: Gallade
|-start|p1a: Gallade|move: Leech Seed
|
|-damage|p1a: Gallade|243\/277|[from] Leech Seed|[of] p2a: Ferrothorn
|turn|10
|
|detailschange|p1a: Gallade|Gallade-Mega, M
|-mega|p1a: Gallade|Gallade|Galladite
|move|p1a: Gallade|Close Combat|p2a: Ferrothorn
|-supereffective|p2a: Ferrothorn
|-damage|p2a: Ferrothorn|70\/352
|-damage|p1a: Gallade|209\/277|[from] ability: Iron Barbs|[of] p2a: Ferrothorn
|-damage|p1a: Gallade|163\/277|[from] item: Rocky Helmet|[of] p2a: Ferrothorn
|-unboost|p1a: Gallade|def|1
|-unboost|p1a: Gallade|spd|1
|move|p2a: Ferrothorn|Gyro Ball|p1a: Gallade
|-damage|p1a: Gallade|0 fnt
|faint|p1a: Gallade
|
|
|switch|p1a: Gengar|Gengar, M|259\/259
|turn|11
|
|move|p1a: Gengar|Shadow Ball|p2a: Ferrothorn
|-damage|p2a: Ferrothorn|0 fnt
|-damage|p1a: Gengar|234\/259|[from] item: Life Orb
|faint|p2a: Ferrothorn
|
|
|switch|p2a: Klefki|Klefki, F|317\/317
|-damage|p2a: Klefki|298\/317|[from] Stealth Rock
|turn|12
|
|move|p2a: Klefki|Light Screen|p2a: Klefki
|-sidestart|p2: kianann|move: Light Screen
|move|p1a: Gengar|Shadow Ball|p2a: Klefki
|-damage|p2a: Klefki|198\/317
|-damage|p1a: Gengar|209\/259|[from] item: Life Orb
|
|turn|13
|
|switch|p1a: Garchomp|Garchomp, M|420\/420
|move|p2a: Klefki|Rain Dance|p2a: Klefki
|-weather|RainDance
|
|-weather|RainDance|[upkeep]
|turn|14
|
|switch|p2a: Landorus|Landorus, M|319\/319
|-damage|p2a: Landorus|280\/319|[from] Stealth Rock
|move|p1a: Garchomp|Earthquake|p2a: Landorus
|-immune|p2a: Landorus|[msg]
|
|-weather|RainDance|[upkeep]
|turn|15
|
|switch|p1a: Zapdos|Zapdos|384\/384
|-ability|p1a: Zapdos|Pressure
|move|p2a: Landorus|Earth Power|p1a: Zapdos
|-immune|p1a: Zapdos|[msg]
|
|-weather|RainDance|[upkeep]
|turn|16
|
|move|p2a: Landorus|Psychic|p1a: Zapdos
|-damage|p1a: Zapdos|209\/384
|move|p1a: Zapdos|Heat Wave|p2a: Landorus
|-damage|p2a: Landorus|252\/319
|
|-weather|RainDance|[upkeep]
|-heal|p1a: Zapdos|233\/384|[from] item: Leftovers
|-sideend|p2: kianann|move: Light Screen
|turn|17
|
|move|p2a: Landorus|Sludge Wave|p1a: Zapdos
|-crit|p1a: Zapdos
|-damage|p1a: Zapdos|0 fnt
|faint|p1a: Zapdos
|
|-weather|RainDance|[upkeep]
|c|★gyarad0site|nice . . .
|c|★kianann|i suspect scarf chomp
|
|switch|p1a: Gengar|Gengar, M|209\/259
|turn|18
|
|move|p1a: Gengar|Destiny Bond|p1a: Gengar
|-singlemove|p1a: Gengar|Destiny Bond
|move|p2a: Landorus|Psychic|p1a: Gengar
|-supereffective|p1a: Gengar
|-damage|p1a: Gengar|0 fnt
|faint|p1a: Gengar
|-activate|p1a: Gengar|Destiny Bond
|faint|p2a: Landorus
|
|-weather|RainDance|[upkeep]
|
|switch|p2a: Manaphy|Manaphy|255\/404
|switch|p1a: Clefable|Clefable, M|293\/393
|-damage|p2a: Manaphy|205\/404|[from] Stealth Rock
|turn|19
|
|move|p2a: Manaphy|Surf|p1a: Clefable
|-crit|p1a: Clefable
|-damage|p1a: Clefable|28\/393
|move|p1a: Clefable|Calm Mind|p1a: Clefable
|-boost|p1a: Clefable|spa|1
|-boost|p1a: Clefable|spd|1
|
|-weather|RainDance|[upkeep]
|-heal|p2a: Manaphy|230\/404|[from] item: Leftovers
|-heal|p1a: Clefable|52\/393|[from] item: Leftovers
|turn|20
|c|★gyarad0site|lol
|c|★gyarad0site|are you serious
|
|move|p2a: Manaphy|Surf|p1a: Clefable
|-damage|p1a: Clefable|0 fnt
|faint|p1a: Clefable
|
|-weather|none
|-heal|p2a: Manaphy|255\/404|[from] item: Leftovers
|c|★gyarad0site|The opposing Landorus used Sludge Wave!
|c|★gyarad0site|A critical hit! Zapdos lost 60.7% of its health!
|
|switch|p1a: Garchomp|Garchomp, M|420\/420
|turn|21
|
|move|p1a: Garchomp|Earthquake|p2a: Manaphy
|-damage|p2a: Manaphy|102\/404
|move|p2a: Manaphy|Surf|p1a: Garchomp
|-damage|p1a: Garchomp|246\/420
|
|-heal|p2a: Manaphy|127\/404|[from] item: Leftovers
|turn|22
|
|move|p1a: Garchomp|Earthquake|p2a: Manaphy
|-damage|p2a: Manaphy|0 fnt
|faint|p2a: Manaphy
|
|
|switch|p2a: Klefki|Klefki, F|198\/317
|-damage|p2a: Klefki|179\/317|[from] Stealth Rock
|turn|23
|
|move|p2a: Klefki|Rain Dance|p2a: Klefki
|-weather|RainDance
|move|p1a: Garchomp|Earthquake|p2a: Klefki
|-supereffective|p2a: Klefki
|-damage|p2a: Klefki|0 fnt
|faint|p2a: Klefki
|
|-weather|RainDance|[upkeep]
|
|switch|p2a: Swampert|Swampert, F|341\/341
|-damage|p2a: Swampert|320\/341|[from] Stealth Rock
|turn|24
|
|detailschange|p2a: Swampert|Swampert-Mega, F
|-mega|p2a: Swampert|Swampert|Swampertite
|move|p1a: Garchomp|Earthquake|p2a: Swampert
|-crit|p2a: Swampert
|-damage|p2a: Swampert|134\/341
|move|p2a: Swampert|Ice Punch|p1a: Garchomp
|-supereffective|p1a: Garchomp
|-damage|p1a: Garchomp|0 fnt
|-damage|p2a: Swampert|92\/341|[from] ability: Rough Skin|[of] p1a: Garchomp
|-damage|p2a: Swampert|36\/341|[from] item: Rocky Helmet|[of] p1a: Garchomp
|faint|p1a: Garchomp
|
|win|kianann
|raw|Ladder updating...
|raw|gyarad0site's rating: 1672 &rarr; <strong>1646<\/strong><br \/>(-26 for losing)
|raw|kianann's rating: 1569 &rarr; <strong>1595<\/strong><br \/>(+26 for winning)
|leave|gyarad0site
|player|p1