|join|gyarad0site
|join|nero89
|player|p1|gyarad0site|195
|player|p2|nero89|7
|gametype|singles
|gen|6
|tier|OU
|rated
|clearpoke
|poke|p1|Scizor, M, shiny
|poke|p1|Manaphy, shiny
|poke|p1|Thundurus, M
|poke|p1|Landorus-Therian, M
|poke|p1|Cobalion
|poke|p1|Latios, M
|poke|p2|Umbreon, M
|poke|p2|Skarmory, F, shiny
|poke|p2|Sableye, M
|poke|p2|Heatran, M, shiny
|poke|p2|Rotom-Wash, shiny
|poke|p2|Gliscor, M
|rule|Swagger Clause: Swagger is banned
|rule|Baton Pass Clause: Limit one Pokémon knowing Baton Pass
|rule|Sleep Clause Mod: Limit one foe put to sleep
|rule|Species Clause: Limit one of each Pokémon
|rule|OHKO Clause: OHKO moves are banned
|rule|Moody Clause: Moody is banned
|rule|Evasion Moves Clause: Evasion moves are banned
|rule|Endless Battle Clause: Forcing endless battles is banned
|rule|HP Percentage Mod: HP is shown in percentages
|teampreview
|
|start
|switch|p1a: Thundurus|Thundurus, M|299\/299
|switch|p2a: Sableye|Sableye, M|300\/300
|turn|1
|
|detailschange|p2a: Sableye|Sableye-Mega, M
|-mega|p2a: Sableye|Sableye|Sablenite
|move|p2a: Sableye|Toxic|p1a: Thundurus
|-status|p1a: Thundurus|tox
|move|p1a: Thundurus|Volt Switch|p2a: Sableye
|-damage|p2a: Sableye|201\/300
|
|switch|p1a: murakAMi|Manaphy, shiny|351\/351
|
|turn|2
|
|move|p1a: murakAMi|Tail Glow|p1a: murakAMi
|-boost|p1a: murakAMi|spa|3
|move|p2a: Sableye|Knock Off|p1a: murakAMi
|-damage|p1a: murakAMi|258\/351
|-enditem|p1a: murakAMi|Leftovers|[from] move: Knock Off|[of] p2a: Sableye
|
|turn|3
|
|switch|p2a: Rotom-Wash|Rotom-Wash, shiny|300\/300
|move|p1a: murakAMi|Tail Glow|p1a: murakAMi
|-boost|p1a: murakAMi|spa|3
|
|turn|4
|
|move|p1a: murakAMi|Energy Ball|p2a: Rotom-Wash
|-supereffective|p2a: Rotom-Wash
|-damage|p2a: Rotom-Wash|0 fnt
|faint|p2a: Rotom-Wash
|
|
|switch|p2a: Skarmory|Skarmory, F, shiny|334\/334
|turn|5
|
|move|p1a: murakAMi|Scald|p2a: Skarmory
|-activate|p2a: Skarmory|Sturdy
|-damage|p2a: Skarmory|1\/334
|move|p2a: Skarmory|Whirlwind|p1a: murakAMi
|drag|p1a: flAMberge|Cobalion|358\/358
|
|-heal|p2a: Skarmory|21\/334|[from] item: Leftovers
|turn|6
|
|switch|p2a: Sableye|Sableye-Mega, M|201\/300
|move|p1a: flAMberge|Volt Switch|p2a: Sableye
|-damage|p2a: Sableye|164\/300
|
|switch|p1a: murakAMi|Manaphy, shiny|258\/351
|
|turn|7
|
|move|p1a: murakAMi|Tail Glow|p1a: murakAMi
|-boost|p1a: murakAMi|spa|3
|move|p2a: Sableye|Toxic|p1a: murakAMi
|-status|p1a: murakAMi|tox
|
|-damage|p1a: murakAMi|237\/351 tox|[from] psn
|turn|8
|
|move|p1a: murakAMi|Rain Dance|p1a: murakAMi
|-weather|RainDance
|move|p2a: Sableye|Knock Off|p1a: murakAMi
|-damage|p1a: murakAMi|164\/351 tox
|
|-weather|RainDance|[upkeep]
|-curestatus|p1a: murakAMi|tox
|turn|9
|
|move|p1a: murakAMi|Scald|p2a: Sableye
|-damage|p2a: Sableye|0 fnt
|faint|p2a: Sableye
|
|-weather|RainDance|[upkeep]
|
|switch|p2a: Umbreon|Umbreon, M|360\/360
|turn|10
|
|switch|p1a: sAMuel L|Landorus-Therian, M|381\/381
|-ability|p1a: sAMuel L|Intimidate|[of] p2a: Umbreon
|-unboost|p2a: Umbreon|atk|1
|move|p2a: Umbreon|Foul Play|p1a: sAMuel L
|-damage|p1a: sAMuel L|251\/381
|
|-weather|RainDance|[upkeep]
|-heal|p1a: sAMuel L|274\/381|[from] item: Leftovers
|turn|11
|
|move|p1a: sAMuel L|Stealth Rock|p2a: Umbreon
|-sidestart|p2: nero89|move: Stealth Rock
|move|p2a: Umbreon|Toxic|p1a: sAMuel L
|-status|p1a: sAMuel L|tox
|
|-weather|RainDance|[upkeep]
|-heal|p1a: sAMuel L|297\/381 tox|[from] item: Leftovers
|-damage|p1a: sAMuel L|274\/381 tox|[from] psn
|turn|12
|
|switch|p1a: flAMberge|Cobalion|358\/358
|move|p2a: Umbreon|Wish|p2a: Umbreon
|
|-weather|none
|turn|13
|
|switch|p2a: Gliscor|Gliscor, M|353\/353
|-damage|p2a: Gliscor|309\/353|[from] Stealth Rock
|move|p1a: flAMberge|Taunt|p2a: Gliscor
|-start|p2a: Gliscor|move: Taunt
|
|-heal|p2a: Gliscor|353\/353|[from] move: Wish|[wisher] Umbreon
|-status|p2a: Gliscor|tox|[from] item: Toxic Orb
|turn|14
|
|switch|p1a: sAMuel L|Landorus-Therian, M|274\/381 tox
|-ability|p1a: sAMuel L|Intimidate|[of] p2a: Gliscor
|-unboost|p2a: Gliscor|atk|1
|move|p2a: Gliscor|Earthquake|p1a: sAMuel L
|-immune|p1a: sAMuel L|[msg]
|
|-heal|p1a: sAMuel L|297\/381 tox|[from] item: Leftovers
|-damage|p1a: sAMuel L|274\/381 tox|[from] psn
|turn|15
|
|switch|p2a: Umbreon|Umbreon, M|360\/360
|-damage|p2a: Umbreon|315\/360|[from] Stealth Rock
|move|p1a: sAMuel L|U-turn|p2a: Umbreon
|-supereffective|p2a: Umbreon
|-damage|p2a: Umbreon|187\/360
|
|switch|p1a: rAMbo|Scizor, M, shiny|291\/291
|
|-heal|p2a: Umbreon|209\/360|[from] item: Leftovers
|turn|16
|
|detailschange|p1a: rAMbo|Scizor-Mega, M, shiny
|-mega|p1a: rAMbo|Scizor|Scizorite
|move|p1a: rAMbo|Bug Bite|p2a: Umbreon
|-supereffective|p2a: Umbreon
|-damage|p2a: Umbreon|0 fnt
|faint|p2a: Umbreon
|
|-message|nero89 forfeited.
|
|win|gyarad0site
|raw|Ladder updating...
|leave|nero89
|player|p2
|raw|gyarad0site's rating: 1622 &rarr; <strong>1637<\/strong><br \/>(+15 for winning)
|raw|nero89's rating: 1529 &rarr; <strong>1515<\/strong><br \/>(-14 for losing)