|join|Mudla
|join|Derro
|player|p1|Mudla|98
|player|p2|Derro|161
|gametype|singles
|gen|6
|tier|OU
|rated
|clearpoke
|poke|p1|Scolipede, F
|poke|p1|Heatran, F
|poke|p1|Gliscor, M
|poke|p1|Gastrodon, F
|poke|p1|Azumarill, F
|poke|p1|Ferrothorn, M
|poke|p2|Clefable, F
|poke|p2|Gyarados, M
|poke|p2|Raikou
|poke|p2|Heatran, M
|poke|p2|Latias, F
|poke|p2|Chesnaught, M
|rule|Swagger Clause: Swagger is banned
|rule|Baton Pass Clause: Limit one Pokémon knowing Baton Pass
|rule|Sleep Clause Mod: Limit one foe put to sleep
|rule|Species Clause: Limit one of each Pokémon
|rule|OHKO Clause: OHKO moves are banned
|rule|Moody Clause: Moody is banned
|rule|Evasion Moves Clause: Evasion moves are banned
|rule|Endless Battle Clause: Forcing endless battles is banned
|rule|HP Percentage Mod: HP is shown in percentages
|teampreview
|
|start
|switch|p1a: Heatran|Heatran, F|323\/323
|switch|p2a: (Frank) Gyary|Gyarados, M|361\/361
|-ability|p2a: (Frank) Gyary|Intimidate|[of] p1a: Heatran
|-unboost|p1a: Heatran|atk|1
|turn|1
|
|switch|p1a: Ferrothorn|Ferrothorn, M|352\/352
|switch|p2a: Johnny Storm|Heatran, M|324\/324
|
|turn|2
|
|switch|p1a: Gastrodon|Gastrodon, F|426\/426
|move|p2a: Johnny Storm|Overheat|p1a: Gastrodon
|-resisted|p1a: Gastrodon
|-damage|p1a: Gastrodon|285\/426
|-unboost|p2a: Johnny Storm|spa|2
|
|-heal|p1a: Gastrodon|311\/426|[from] item: Leftovers
|turn|3
|
|switch|p2a: Chip & Dale|Chesnaught, M|380\/380
|move|p1a: Gastrodon|Scald|p2a: Chip & Dale
|-resisted|p2a: Chip & Dale
|-damage|p2a: Chip & Dale|325\/380
|
|-heal|p2a: Chip & Dale|348\/380|[from] item: Leftovers
|-heal|p1a: Gastrodon|337\/426|[from] item: Leftovers
|turn|4
|
|switch|p1a: Ferrothorn|Ferrothorn, M|352\/352
|move|p2a: Chip & Dale|Leech Seed|p1a: Ferrothorn|[miss]
|-miss|p2a: Chip & Dale|p1a: Ferrothorn
|
|-heal|p2a: Chip & Dale|371\/380|[from] item: Leftovers
|turn|5
|
|move|p2a: Chip & Dale|Spikes|p1a: Ferrothorn
|-sidestart|p1: Mudla|Spikes
|move|p1a: Ferrothorn|Stealth Rock|p2a: Chip & Dale
|-sidestart|p2: Derro|move: Stealth Rock
|
|-heal|p2a: Chip & Dale|380\/380|[from] item: Leftovers
|turn|6
|
|move|p2a: Chip & Dale|Leech Seed|p1a: Ferrothorn
|-immune|p1a: Ferrothorn|[msg]
|move|p1a: Ferrothorn|Knock Off|p2a: Chip & Dale
|-resisted|p2a: Chip & Dale
|-damage|p2a: Chip & Dale|357\/380
|-enditem|p2a: Chip & Dale|Leftovers|[from] move: Knock Off|[of] p1a: Ferrothorn
|
|turn|7
|
|switch|p1a: Heatran|Heatran, F|323\/323
|-damage|p1a: Heatran|283\/323|[from] Spikes
|move|p2a: Chip & Dale|Leech Seed|p1a: Heatran
|-start|p1a: Heatran|move: Leech Seed
|
|-damage|p1a: Heatran|243\/323|[from] Leech Seed|[of] p2a: Chip & Dale
|-heal|p2a: Chip & Dale|380\/380|[silent]
|turn|8
|
|switch|p2a: Kirby's cousin|Clefable, F|393\/393
|-damage|p2a: Kirby's cousin|344\/393|[from] Stealth Rock
|move|p1a: Heatran|Overheat|p2a: Kirby's cousin
|-damage|p2a: Kirby's cousin|86\/393
|-unboost|p1a: Heatran|spa|2
|
|-heal|p2a: Kirby's cousin|110\/393|[from] item: Leftovers
|-damage|p1a: Heatran|203\/323|[from] Leech Seed|[of] p2a: Kirby's cousin
|-heal|p2a: Kirby's cousin|150\/393|[silent]
|turn|9
|
|switch|p1a: Scolipede|Scolipede, F|269\/269
|-damage|p1a: Scolipede|236\/269|[from] Spikes
|move|p2a: Kirby's cousin|Moonblast|p1a: Scolipede
|-resisted|p1a: Scolipede
|-damage|p1a: Scolipede|165\/269
|-unboost|p1a: Scolipede|spa|1
|
|-heal|p2a: Kirby's cousin|174\/393|[from] item: Leftovers
|turn|10
|
|switch|p2a: (Frank) Gyary|Gyarados, M|361\/361
|-damage|p2a: (Frank) Gyary|271\/361|[from] Stealth Rock
|-ability|p2a: (Frank) Gyary|Intimidate|[of] p1a: Scolipede
|-unboost|p1a: Scolipede|atk|1
|move|p1a: Scolipede|Poison Jab|p2a: (Frank) Gyary
|-crit|p2a: (Frank) Gyary
|-damage|p2a: (Frank) Gyary|0 fnt
|-damage|p1a: Scolipede|139\/269|[from] item: Life Orb
|faint|p2a: (Frank) Gyary
|
|-boost|p1a: Scolipede|spe|1|[from] ability: Speed Boost
|
|switch|p2a: G. Lightning|Raikou|321\/321
|-damage|p2a: G. Lightning|281\/321|[from] Stealth Rock
|-ability|p2a: G. Lightning|Pressure
|turn|11
|
|switch|p1a: Gastrodon|Gastrodon, F|337\/426
|-damage|p1a: Gastrodon|284\/426|[from] Spikes
|move|p2a: G. Lightning|Thunderbolt|p1a: Gastrodon
|-immune|p1a: Gastrodon|[msg]
|
|-heal|p1a: Gastrodon|310\/426|[from] item: Leftovers
|turn|12
|
|switch|p2a: Chip & Dale|Chesnaught, M|380\/380
|-damage|p2a: Chip & Dale|357\/380|[from] Stealth Rock
|move|p1a: Gastrodon|Scald|p2a: Chip & Dale
|-resisted|p2a: Chip & Dale
|-damage|p2a: Chip & Dale|299\/380
|
|-heal|p1a: Gastrodon|336\/426|[from] item: Leftovers
|turn|13
|
|switch|p1a: Heatran|Heatran, F|203\/323
|-damage|p1a: Heatran|163\/323|[from] Spikes
|move|p2a: Chip & Dale|Spikes|p1a: Heatran
|-sidestart|p1: Mudla|Spikes
|
|turn|14
|
|switch|p2a: Johnny Storm|Heatran, M|324\/324
|-damage|p2a: Johnny Storm|284\/324|[from] Stealth Rock
|move|p1a: Heatran|Overheat|p2a: Johnny Storm
|-start|p2a: Johnny Storm|ability: Flash Fire
|
|turn|15
|
|switch|p1a: Azumarill|Azumarill, F|403\/403
|-damage|p1a: Azumarill|336\/403|[from] Spikes
|move|p2a: Johnny Storm|Overheat|p1a: Azumarill|[miss]
|-miss|p2a: Johnny Storm|p1a: Azumarill
|
|turn|16
|c|★Derro|...
|c|★Derro|2.
|
|switch|p2a: Chip & Dale|Chesnaught, M|299\/380
|-damage|p2a: Chip & Dale|276\/380|[from] Stealth Rock
|move|p1a: Azumarill|Play Rough|p2a: Chip & Dale
|-supereffective|p2a: Chip & Dale
|-damage|p2a: Chip & Dale|144\/380
|
|turn|17
|
|move|p2a: Chip & Dale|Leech Seed|p1a: Azumarill
|-start|p1a: Azumarill|move: Leech Seed
|move|p1a: Azumarill|Play Rough|p2a: Chip & Dale
|-supereffective|p2a: Chip & Dale
|-damage|p2a: Chip & Dale|10\/380
|
|-damage|p1a: Azumarill|286\/403|[from] Leech Seed|[of] p2a: Chip & Dale
|-heal|p2a: Chip & Dale|60\/380|[silent]
|turn|18
|
|move|p2a: Chip & Dale|Spikes|p1a: Azumarill
|-sidestart|p1: Mudla|Spikes
|move|p1a: Azumarill|Play Rough|p2a: Chip & Dale
|-supereffective|p2a: Chip & Dale
|-damage|p2a: Chip & Dale|0 fnt
|faint|p2a: Chip & Dale
|
|
|switch|p2a: Kirby's cousin|Clefable, F|174\/393
|-damage|p2a: Kirby's cousin|125\/393|[from] Stealth Rock
|turn|19
|
|move|p2a: Kirby's cousin|Stealth Rock|p1a: Azumarill
|-sidestart|p1: Mudla|move: Stealth Rock
|move|p1a: Azumarill|Play Rough|p2a: Kirby's cousin
|-damage|p2a: Kirby's cousin|41\/393
|
|-heal|p2a: Kirby's cousin|65\/393|[from] item: Leftovers
|-damage|p1a: Azumarill|236\/403|[from] Leech Seed|[of] p2a: Kirby's cousin
|-heal|p2a: Kirby's cousin|115\/393|[silent]
|turn|20
|
|switch|p1a: Heatran|Heatran, F|163\/323
|-damage|p1a: Heatran|123\/323|[from] Stealth Rock
|-damage|p1a: Heatran|43\/323|[from] Spikes
|move|p2a: Kirby's cousin|Moonlight|p2a: Kirby's cousin
|-heal|p2a: Kirby's cousin|311\/393
|
|-heal|p2a: Kirby's cousin|335\/393|[from] item: Leftovers
|turn|21
|
|switch|p2a: Onee-Chan|Latias, F|301\/301
|-damage|p2a: Onee-Chan|264\/301|[from] Stealth Rock
|move|p1a: Heatran|Taunt|p2a: Onee-Chan
|-start|p2a: Onee-Chan|move: Taunt
|
|turn|22
|
|move|p2a: Onee-Chan|Psyshock|p1a: Heatran
|-resisted|p1a: Heatran
|-damage|p1a: Heatran|0 fnt
|-damage|p2a: Onee-Chan|234\/301|[from] item: Life Orb
|faint|p1a: Heatran
|
|
|switch|p1a: Ferrothorn|Ferrothorn, M|352\/352
|-damage|p1a: Ferrothorn|264\/352|[from] Spikes
|-damage|p1a: Ferrothorn|242\/352|[from] Stealth Rock
|turn|23
|
|switch|p2a: Johnny Storm|Heatran, M|284\/324
|-damage|p2a: Johnny Storm|244\/324|[from] Stealth Rock
|move|p1a: Ferrothorn|Leech Seed|p2a: Johnny Storm|[miss]
|-miss|p1a: Ferrothorn|p2a: Johnny Storm
|
|-heal|p1a: Ferrothorn|264\/352|[from] item: Leftovers
|turn|24
|
|switch|p1a: Gastrodon|Gastrodon, F|336\/426
|-damage|p1a: Gastrodon|230\/426|[from] Spikes
|-damage|p1a: Gastrodon|204\/426|[from] Stealth Rock
|move|p2a: Johnny Storm|Overheat|p1a: Gastrodon
|-resisted|p1a: Gastrodon
|-damage|p1a: Gastrodon|63\/426
|-unboost|p2a: Johnny Storm|spa|2
|
|-heal|p1a: Gastrodon|89\/426|[from] item: Leftovers
|turn|25
|
|switch|p2a: Kirby's cousin|Clefable, F|335\/393
|-damage|p2a: Kirby's cousin|286\/393|[from] Stealth Rock
|move|p1a: Gastrodon|Recover|p1a: Gastrodon
|-heal|p1a: Gastrodon|302\/426
|
|-heal|p2a: Kirby's cousin|310\/393|[from] item: Leftovers
|-heal|p1a: Gastrodon|328\/426|[from] item: Leftovers
|turn|26
|
|move|p2a: Kirby's cousin|Moonblast|p1a: Gastrodon
|-damage|p1a: Gastrodon|202\/426
|move|p1a: Gastrodon|Scald|p2a: Kirby's cousin
|-damage|p2a: Kirby's cousin|211\/393
|
|-heal|p2a: Kirby's cousin|235\/393|[from] item: Leftovers
|-heal|p1a: Gastrodon|228\/426|[from] item: Leftovers
|turn|27
|
|switch|p2a: Johnny Storm|Heatran, M|244\/324
|-damage|p2a: Johnny Storm|204\/324|[from] Stealth Rock
|move|p1a: Gastrodon|Recover|p1a: Gastrodon
|-heal|p1a: Gastrodon|426\/426
|
|turn|28
|
|switch|p2a: Onee-Chan|Latias, F|234\/301
|-damage|p2a: Onee-Chan|197\/301|[from] Stealth Rock
|move|p1a: Gastrodon|Scald|p2a: Onee-Chan
|-resisted|p2a: Onee-Chan
|-damage|p2a: Onee-Chan|160\/301
|
|turn|29
|
|switch|p1a: Ferrothorn|Ferrothorn, M|264\/352
|-damage|p1a: Ferrothorn|242\/352|[from] Stealth Rock
|-damage|p1a: Ferrothorn|154\/352|[from] Spikes
|move|p2a: Onee-Chan|Roost|p2a: Onee-Chan
|-heal|p2a: Onee-Chan|301\/301
|
|-heal|p1a: Ferrothorn|176\/352|[from] item: Leftovers
|turn|30
|
|switch|p2a: Johnny Storm|Heatran, M|204\/324
|-damage|p2a: Johnny Storm|164\/324|[from] Stealth Rock
|move|p1a: Ferrothorn|Leech Seed|p2a: Johnny Storm
|-start|p2a: Johnny Storm|move: Leech Seed
|
|-heal|p1a: Ferrothorn|198\/352|[from] item: Leftovers
|-damage|p2a: Johnny Storm|124\/324|[from] Leech Seed|[of] p1a: Ferrothorn
|-heal|p1a: Ferrothorn|238\/352|[silent]
|turn|31
|
|switch|p1a: Azumarill|Azumarill, F|236\/403
|-damage|p1a: Azumarill|186\/403|[from] Stealth Rock
|-damage|p1a: Azumarill|86\/403|[from] Spikes
|move|p2a: Johnny Storm|Overheat|p1a: Azumarill
|-resisted|p1a: Azumarill
|-damage|p1a: Azumarill|44\/403
|-unboost|p2a: Johnny Storm|spa|2
|
|-damage|p2a: Johnny Storm|84\/324|[from] Leech Seed|[of] p1a: Azumarill
|-heal|p1a: Azumarill|84\/403|[silent]
|turn|32
|
|switch|p2a: Kirby's cousin|Clefable, F|235\/393
|-damage|p2a: Kirby's cousin|186\/393|[from] Stealth Rock
|move|p1a: Azumarill|Waterfall|p2a: Kirby's cousin
|-damage|p2a: Kirby's cousin|104\/393
|
|-heal|p2a: Kirby's cousin|128\/393|[from] item: Leftovers
|turn|33
|
|move|p2a: Kirby's cousin|Moonlight|p2a: Kirby's cousin
|-heal|p2a: Kirby's cousin|324\/393
|move|p1a: Azumarill|Knock Off|p2a: Kirby's cousin
|-crit|p2a: Kirby's cousin
|-resisted|p2a: Kirby's cousin
|-damage|p2a: Kirby's cousin|275\/393
|-enditem|p2a: Kirby's cousin|Leftovers|[from] move: Knock Off|[of] p1a: Azumarill
|
|turn|34
|
|move|p2a: Kirby's cousin|Moonblast|p1a: Azumarill
|-damage|p1a: Azumarill|0 fnt
|faint|p1a: Azumarill
|
|
|switch|p1a: Ferrothorn|Ferrothorn, M|238\/352
|-damage|p1a: Ferrothorn|216\/352|[from] Stealth Rock
|-damage|p1a: Ferrothorn|128\/352|[from] Spikes
|turn|35
|
|move|p2a: Kirby's cousin|Moonblast|p1a: Ferrothorn
|-resisted|p1a: Ferrothorn
|-damage|p1a: Ferrothorn|80\/352
|move|p1a: Ferrothorn|Leech Seed|p2a: Kirby's cousin|[miss]
|-miss|p1a: Ferrothorn|p2a: Kirby's cousin
|
|-heal|p1a: Ferrothorn|102\/352|[from] item: Leftovers
|turn|36
|
|move|p2a: Kirby's cousin|Moonblast|p1a: Ferrothorn
|-resisted|p1a: Ferrothorn
|-damage|p1a: Ferrothorn|54\/352
|-unboost|p1a: Ferrothorn|spa|1
|move|p1a: Ferrothorn|Knock Off|p2a: Kirby's cousin
|-resisted|p2a: Kirby's cousin
|-damage|p2a: Kirby's cousin|252\/393
|
|-heal|p1a: Ferrothorn|76\/352|[from] item: Leftovers
|turn|37
|
|switch|p2a: Onee-Chan|Latias, F|301\/301
|-damage|p2a: Onee-Chan|264\/301|[from] Stealth Rock
|move|p1a: Ferrothorn|Leech Seed|p2a: Onee-Chan|[miss]
|-miss|p1a: Ferrothorn|p2a: Onee-Chan
|
|-heal|p1a: Ferrothorn|98\/352|[from] item: Leftovers
|turn|38
|
|move|p2a: Onee-Chan|Draco Meteor|p1a: Ferrothorn
|-resisted|p1a: Ferrothorn
|-damage|p1a: Ferrothorn|0 fnt
|-unboost|p2a: Onee-Chan|spa|2
|-damage|p2a: Onee-Chan|234\/301|[from] item: Life Orb
|faint|p1a: Ferrothorn
|
|
|switch|p1a: Gliscor|Gliscor, M|352\/352
|-damage|p1a: Gliscor|308\/352|[from] Stealth Rock
|turn|39
|
|switch|p2a: Johnny Storm|Heatran, M|84\/324
|-damage|p2a: Johnny Storm|44\/324|[from] Stealth Rock
|move|p1a: Gliscor|Earthquake|p2a: Johnny Storm
|-supereffective|p2a: Johnny Storm
|-damage|p2a: Johnny Storm|0 fnt
|faint|p2a: Johnny Storm
|
|-status|p1a: Gliscor|tox|[from] item: Toxic Orb
|
|switch|p2a: G. Lightning|Raikou|281\/321
|-damage|p2a: G. Lightning|241\/321|[from] Stealth Rock
|-ability|p2a: G. Lightning|Pressure
|turn|40
|
|switch|p1a: Gastrodon|Gastrodon, F|426\/426
|-damage|p1a: Gastrodon|320\/426|[from] Spikes
|-damage|p1a: Gastrodon|294\/426|[from] Stealth Rock
|move|p2a: G. Lightning|Hidden Power|p1a: Gastrodon
|-damage|p1a: Gastrodon|222\/426
|
|-heal|p1a: Gastrodon|248\/426|[from] item: Leftovers
|turn|41
|
|switch|p2a: Kirby's cousin|Clefable, F|252\/393
|-damage|p2a: Kirby's cousin|203\/393|[from] Stealth Rock
|move|p1a: Gastrodon|Recover|p1a: Gastrodon
|-heal|p1a: Gastrodon|426\/426
|
|turn|42
|
|move|p2a: Kirby's cousin|Moonlight|p2a: Kirby's cousin
|-heal|p2a: Kirby's cousin|393\/393
|move|p1a: Gastrodon|Scald|p2a: Kirby's cousin
|-damage|p2a: Kirby's cousin|299\/393
|
|turn|43
|
|move|p2a: Kirby's cousin|Moonblast|p1a: Gastrodon
|-damage|p1a: Gastrodon|290\/426
|move|p1a: Gastrodon|Scald|p2a: Kirby's cousin
|-damage|p2a: Kirby's cousin|203\/393
|
|-heal|p1a: Gastrodon|316\/426|[from] item: Leftovers
|turn|44
|
|move|p2a: Kirby's cousin|Moonlight|p2a: Kirby's cousin
|-heal|p2a: Kirby's cousin|393\/393
|move|p1a: Gastrodon|Scald|p2a: Kirby's cousin
|-damage|p2a: Kirby's cousin|305\/393
|-status|p2a: Kirby's cousin|brn
|
|-heal|p1a: Gastrodon|342\/426|[from] item: Leftovers
|-damage|p2a: Kirby's cousin|256\/393 brn|[from] brn
|turn|45
|
|move|p2a: Kirby's cousin|Heal Bell|p2a: Kirby's cousin
|-cureteam|p2a: Kirby's cousin|[from] move: HealBell
|move|p1a: Gastrodon|Scald|p2a: Kirby's cousin
|-damage|p2a: Kirby's cousin|163\/393
|
|-heal|p1a: Gastrodon|368\/426|[from] item: Leftovers
|turn|46
|
|move|p2a: Kirby's cousin|Moonblast|p1a: Gastrodon
|-damage|p1a: Gastrodon|236\/426
|move|p1a: Gastrodon|Scald|p2a: Kirby's cousin
|-damage|p2a: Kirby's cousin|73\/393
|
|-heal|p1a: Gastrodon|262\/426|[from] item: Leftovers
|turn|47
|
|move|p2a: Kirby's cousin|Moonblast|p1a: Gastrodon
|-damage|p1a: Gastrodon|124\/426
|-unboost|p1a: Gastrodon|spa|1
|move|p1a: Gastrodon|Scald|p2a: Kirby's cousin
|-damage|p2a: Kirby's cousin|0 fnt
|faint|p2a: Kirby's cousin
|
|-heal|p1a: Gastrodon|150\/426|[from] item: Leftovers
|
|switch|p2a: G. Lightning|Raikou|241\/321
|-damage|p2a: G. Lightning|201\/321|[from] Stealth Rock
|-ability|p2a: G. Lightning|Pressure
|turn|48
|
|move|p2a: G. Lightning|Shadow Ball|p1a: Gastrodon
|-damage|p1a: Gastrodon|51\/426
|move|p1a: Gastrodon|Recover|p1a: Gastrodon
|-heal|p1a: Gastrodon|264\/426
|
|-heal|p1a: Gastrodon|290\/426|[from] item: Leftovers
|turn|49
|
|switch|p2a: Onee-Chan|Latias, F|234\/301
|-damage|p2a: Onee-Chan|197\/301|[from] Stealth Rock
|move|p1a: Gastrodon|Earth Power|p2a: Onee-Chan
|-immune|p2a: Onee-Chan|[msg]
|
|-heal|p1a: Gastrodon|316\/426|[from] item: Leftovers
|turn|50
|
|move|p2a: Onee-Chan|Roost|p2a: Onee-Chan
|-heal|p2a: Onee-Chan|301\/301
|move|p1a: Gastrodon|Recover|p1a: Gastrodon
|-heal|p1a: Gastrodon|426\/426
|
|turn|51
|
|move|p2a: Onee-Chan|Psyshock|p1a: Gastrodon
|-damage|p1a: Gastrodon|284\/426
|-damage|p2a: Onee-Chan|271\/301|[from] item: Life Orb
|move|p1a: Gastrodon|Recover|p1a: Gastrodon
|-heal|p1a: Gastrodon|426\/426
|
|turn|52
|
|move|p2a: Onee-Chan|Psyshock|p1a: Gastrodon
|-damage|p1a: Gastrodon|286\/426
|-damage|p2a: Onee-Chan|241\/301|[from] item: Life Orb
|move|p1a: Gastrodon|Scald|p2a: Onee-Chan
|-resisted|p2a: Onee-Chan
|-damage|p2a: Onee-Chan|216\/301
|
|-heal|p1a: Gastrodon|312\/426|[from] item: Leftovers
|turn|53
|
|move|p2a: Onee-Chan|Psyshock|p1a: Gastrodon
|-damage|p1a: Gastrodon|148\/426
|-damage|p2a: Onee-Chan|186\/301|[from] item: Life Orb
|move|p1a: Gastrodon|Recover|p1a: Gastrodon
|-heal|p1a: Gastrodon|361\/426
|
|-heal|p1a: Gastrodon|387\/426|[from] item: Leftovers
|turn|54
|
|move|p2a: Onee-Chan|Psyshock|p1a: Gastrodon
|-damage|p1a: Gastrodon|234\/426
|-damage|p2a: Onee-Chan|156\/301|[from] item: Life Orb
|move|p1a: Gastrodon|Scald|p2a: Onee-Chan
|-resisted|p2a: Onee-Chan
|-damage|p2a: Onee-Chan|133\/301
|
|-heal|p1a: Gastrodon|260\/426|[from] item: Leftovers
|turn|55
|
|switch|p1a: Gliscor|Gliscor, M|308\/352 tox
|-damage|p1a: Gliscor|264\/352 tox|[from] Stealth Rock
|move|p2a: Onee-Chan|Roost|p2a: Onee-Chan
|-heal|p2a: Onee-Chan|284\/301
|
|-heal|p1a: Gliscor|308\/352 tox|[from] ability: Poison Heal
|turn|56
|
|move|p2a: Onee-Chan|Draco Meteor|p1a: Gliscor
|-damage|p1a: Gliscor|0 fnt
|-unboost|p2a: Onee-Chan|spa|2
|-damage|p2a: Onee-Chan|254\/301|[from] item: Life Orb
|faint|p1a: Gliscor
|
|
|switch|p1a: Gastrodon|Gastrodon, F|260\/426
|-damage|p1a: Gastrodon|154\/426|[from] Spikes
|-damage|p1a: Gastrodon|128\/426|[from] Stealth Rock
|turn|57
|
|move|p2a: Onee-Chan|Draco Meteor|p1a: Gastrodon
|-damage|p1a: Gastrodon|0 fnt
|-unboost|p2a: Onee-Chan|spa|2
|-damage|p2a: Onee-Chan|224\/301|[from] item: Life Orb
|faint|p1a: Gastrodon
|
|
|switch|p1a: Scolipede|Scolipede, F|139\/269
|-damage|p1a: Scolipede|72\/269|[from] Stealth Rock
|-damage|p1a: Scolipede|5\/269|[from] Spikes
|turn|58
|
|move|p2a: Onee-Chan|Psyshock|p1a: Scolipede
|-supereffective|p1a: Scolipede
|-damage|p1a: Scolipede|0 fnt
|-damage|p2a: Onee-Chan|194\/301|[from] item: Life Orb
|faint|p1a: Scolipede
|
|win|Derro
|raw|Ladder updating...
|raw|Mudla's rating: 1683 &rarr; <strong>1657<\/strong><br \/>(-26 for losing)
|raw|Derro's rating: 1572 &rarr; <strong>1598<\/strong><br \/>(+26 for winning)
|leave|Mudla
|player|p1