|join|bossboss
|join|Test06111825
|player|p1|bossboss|170
|player|p2|Test06111825|102
|gametype|singles
|gen|6
|tier|OU
|rated
|clearpoke
|poke|p1|Tyranitar, F
|poke|p1|Excadrill, F
|poke|p1|Gyarados, M
|poke|p1|Keldeo
|poke|p1|Greninja, F
|poke|p1|Gengar, F
|poke|p2|Tornadus-Therian, M
|poke|p2|Amoonguss, M
|poke|p2|Slowbro, M
|poke|p2|Gliscor, M
|poke|p2|Lanturn, F
|poke|p2|Tentacruel, F
|rule|Swagger Clause: Swagger is banned
|rule|Baton Pass Clause: Limit one Pokémon knowing Baton Pass
|rule|Sleep Clause Mod: Limit one foe put to sleep
|rule|Species Clause: Limit one of each Pokémon
|rule|OHKO Clause: OHKO moves are banned
|rule|Moody Clause: Moody is banned
|rule|Evasion Moves Clause: Evasion moves are banned
|rule|Endless Battle Clause: Forcing endless battles is banned
|rule|HP Percentage Mod: HP is shown in percentages
|teampreview
|
|start
|switch|p1a: Gengar|Gengar, F|262\/262
|switch|p2a: Slowbro|Slowbro, M|394\/394
|turn|1
|
|switch|p2a: Tornadus-Therian|Tornadus-Therian, M|361\/361
|move|p1a: Gengar|Shadow Ball|p2a: Tornadus-Therian
|-damage|p2a: Tornadus-Therian|279\/361
|
|turn|2
|
|switch|p1a: Tyranitar|Tyranitar, F|404\/404
|-weather|Sandstorm
|move|p2a: Tornadus-Therian|Knock Off|p1a: Tyranitar
|-resisted|p1a: Tyranitar
|-damage|p1a: Tyranitar|379\/404
|-enditem|p1a: Tyranitar|Smooth Rock|[from] move: Knock Off|[of] p2a: Tornadus-Therian
|
|-weather|Sandstorm|[upkeep]
|-damage|p2a: Tornadus-Therian|257\/361|[from] sandstorm
|turn|3
|
|move|p2a: Tornadus-Therian|U-turn|p1a: Tyranitar
|-supereffective|p1a: Tyranitar
|-damage|p1a: Tyranitar|297\/404
|
|switch|p2a: Gliscor|Gliscor, M|353\/353
|move|p1a: Tyranitar|Stealth Rock|p2a: Gliscor
|-sidestart|p2: Test06111825|move: Stealth Rock
|
|-weather|Sandstorm|[upkeep]
|-status|p2a: Gliscor|tox|[from] item: Toxic Orb
|turn|4
|
|move|p2a: Gliscor|Stealth Rock|p1a: Tyranitar
|-sidestart|p1: bossboss|move: Stealth Rock
|move|p1a: Tyranitar|Ice Beam|p2a: Gliscor
|-supereffective|p2a: Gliscor
|-damage|p2a: Gliscor|109\/353 tox
|
|-weather|Sandstorm|[upkeep]
|-heal|p2a: Gliscor|153\/353 tox|[from] ability: Poison Heal
|turn|5
|
|move|p2a: Gliscor|Protect|p2a: Gliscor
|-singleturn|p2a: Gliscor|Protect
|move|p1a: Tyranitar|Ice Beam|p2a: Gliscor
|-activate|p2a: Gliscor|Protect
|
|-weather|Sandstorm|[upkeep]
|-heal|p2a: Gliscor|197\/353 tox|[from] ability: Poison Heal
|turn|6
|
|switch|p2a: Tornadus-Therian|Tornadus-Therian, M|361\/361
|-damage|p2a: Tornadus-Therian|271\/361|[from] Stealth Rock
|move|p1a: Tyranitar|Ice Beam|p2a: Tornadus-Therian
|-supereffective|p2a: Tornadus-Therian
|-damage|p2a: Tornadus-Therian|203\/361
|
|-weather|Sandstorm|[upkeep]
|-damage|p2a: Tornadus-Therian|181\/361|[from] sandstorm
|turn|7
|
|move|p2a: Tornadus-Therian|U-turn|p1a: Tyranitar
|-supereffective|p1a: Tyranitar
|-damage|p1a: Tyranitar|219\/404
|
|switch|p2a: Slowbro|Slowbro, M|394\/394
|-damage|p2a: Slowbro|345\/394|[from] Stealth Rock
|move|p1a: Tyranitar|Ice Beam|p2a: Slowbro
|-resisted|p2a: Slowbro
|-damage|p2a: Slowbro|301\/394
|
|-weather|Sandstorm|[upkeep]
|-damage|p2a: Slowbro|277\/394|[from] sandstorm
|turn|8
|
|move|p1a: Tyranitar|Toxic|p2a: Slowbro
|-status|p2a: Slowbro|tox
|move|p2a: Slowbro|Thunder Wave|p1a: Tyranitar
|-status|p1a: Tyranitar|par
|
|-weather|Sandstorm|[upkeep]
|-damage|p2a: Slowbro|253\/394 tox|[from] sandstorm
|-damage|p2a: Slowbro|229\/394 tox|[from] psn
|turn|9
|
|switch|p2a: Tornadus-Therian|Tornadus-Therian, M|301\/361
|-damage|p2a: Tornadus-Therian|211\/361|[from] Stealth Rock
|move|p1a: Tyranitar|Ice Beam|p2a: Tornadus-Therian
|-supereffective|p2a: Tornadus-Therian
|-damage|p2a: Tornadus-Therian|139\/361
|
|-weather|none
|turn|10
|
|move|p2a: Tornadus-Therian|U-turn|p1a: Tyranitar
|-supereffective|p1a: Tyranitar
|-damage|p1a: Tyranitar|141\/404 par
|
|switch|p2a: Slowbro|Slowbro, M|360\/394 tox
|-damage|p2a: Slowbro|311\/394 tox|[from] Stealth Rock
|cant|p1a: Tyranitar|par
|
|-damage|p2a: Slowbro|287\/394 tox|[from] psn
|turn|11
|
|switch|p1a: Excadrill|Excadrill, F|362\/362
|-damage|p1a: Excadrill|351\/362|[from] Stealth Rock
|move|p2a: Slowbro|Scald|p1a: Excadrill
|-supereffective|p1a: Excadrill
|-damage|p1a: Excadrill|61\/362
|
|-damage|p2a: Slowbro|239\/394 tox|[from] psn
|turn|12
|
|move|p1a: Excadrill|Rapid Spin|p2a: Slowbro
|-damage|p2a: Slowbro|214\/394 tox
|-sideend|p1: bossboss|Stealth Rock|[from] move: Rapid Spin|[of] p1a: Excadrill
|-damage|p1a: Excadrill|25\/362|[from] item: Life Orb
|move|p2a: Slowbro|Scald|p1a: Excadrill
|-supereffective|p1a: Excadrill
|-damage|p1a: Excadrill|0 fnt
|faint|p1a: Excadrill
|
|-damage|p2a: Slowbro|142\/394 tox|[from] psn
|
|switch|p1a: Keldeo|Keldeo|323\/323
|turn|13
|
|switch|p1a: Tyranitar|Tyranitar, F|141\/404 par
|-weather|Sandstorm
|switch|p2a: Amoonguss|Amoonguss, M|432\/432
|-damage|p2a: Amoonguss|378\/432|[from] Stealth Rock
|
|-weather|Sandstorm|[upkeep]
|-damage|p2a: Amoonguss|351\/432|[from] sandstorm
|-heal|p2a: Amoonguss|378\/432|[from] item: Black Sludge
|turn|14
|
|switch|p1a: Gengar|Gengar, F|262\/262
|move|p2a: Amoonguss|Giga Drain|p1a: Gengar
|-resisted|p1a: Gengar
|-damage|p1a: Gengar|209\/262
|-heal|p2a: Amoonguss|405\/432|[from] drain|[of] p1a: Gengar
|
|-weather|Sandstorm|[upkeep]
|-damage|p1a: Gengar|193\/262|[from] sandstorm
|-damage|p2a: Amoonguss|378\/432|[from] sandstorm
|-heal|p1a: Gengar|209\/262|[from] item: Black Sludge
|-heal|p2a: Amoonguss|405\/432|[from] item: Black Sludge
|turn|15
|
|switch|p1a: Tyranitar|Tyranitar, F|141\/404 par
|move|p2a: Amoonguss|Spore|p1a: Tyranitar
|-fail|p1a: Tyranitar
|
|-weather|Sandstorm|[upkeep]
|-damage|p2a: Amoonguss|378\/432|[from] sandstorm
|-heal|p2a: Amoonguss|405\/432|[from] item: Black Sludge
|turn|16
|
|move|p2a: Amoonguss|Giga Drain|p1a: Tyranitar
|-supereffective|p1a: Tyranitar
|-damage|p1a: Tyranitar|27\/404 par
|-heal|p2a: Amoonguss|432\/432|[from] drain|[of] p1a: Tyranitar
|move|p1a: Tyranitar|Fire Blast|p2a: Amoonguss|[miss]
|-miss|p1a: Tyranitar|p2a: Amoonguss
|
|-weather|Sandstorm|[upkeep]
|-damage|p2a: Amoonguss|405\/432|[from] sandstorm
|-heal|p2a: Amoonguss|432\/432|[from] item: Black Sludge
|turn|17
|
|move|p2a: Amoonguss|Giga Drain|p1a: Tyranitar
|-supereffective|p1a: Tyranitar
|-damage|p1a: Tyranitar|0 fnt
|faint|p1a: Tyranitar
|
|-weather|none
|
|switch|p1a: Gengar|Gengar, F|209\/262
|turn|18
|
|move|p1a: Gengar|Taunt|p2a: Amoonguss
|-start|p2a: Amoonguss|move: Taunt
|cant|p2a: Amoonguss|move: Taunt|Spore
|
|-heal|p1a: Gengar|225\/262|[from] item: Black Sludge
|turn|19
|
|switch|p2a: Lanturn|Lanturn, F|417\/417
|-damage|p2a: Lanturn|365\/417|[from] Stealth Rock
|move|p1a: Gengar|Sludge Wave|p2a: Lanturn
|-crit|p2a: Lanturn
|-damage|p2a: Lanturn|142\/417
|
|-heal|p1a: Gengar|241\/262|[from] item: Black Sludge
|-heal|p2a: Lanturn|168\/417|[from] item: Leftovers
|turn|20
|
|move|p1a: Gengar|Taunt|p2a: Lanturn
|-start|p2a: Lanturn|move: Taunt
|move|p2a: Lanturn|Scald|p1a: Gengar
|-damage|p1a: Gengar|147\/262
|
|-heal|p1a: Gengar|163\/262|[from] item: Black Sludge
|-heal|p2a: Lanturn|194\/417|[from] item: Leftovers
|turn|21
|
|move|p1a: Gengar|Sludge Wave|p2a: Lanturn
|-damage|p2a: Lanturn|29\/417
|move|p2a: Lanturn|Scald|p1a: Gengar
|-damage|p1a: Gengar|66\/262
|-status|p1a: Gengar|brn
|
|-heal|p1a: Gengar|82\/262 brn|[from] item: Black Sludge
|-heal|p2a: Lanturn|55\/417|[from] item: Leftovers
|-damage|p1a: Gengar|50\/262 brn|[from] brn
|turn|22
|
|switch|p2a: Gliscor|Gliscor, M|197\/353 tox
|-damage|p2a: Gliscor|153\/353 tox|[from] Stealth Rock
|move|p1a: Gengar|Shadow Ball|p2a: Gliscor
|-crit|p2a: Gliscor
|-damage|p2a: Gliscor|0 fnt
|faint|p2a: Gliscor
|
|-heal|p1a: Gengar|66\/262 brn|[from] item: Black Sludge
|-damage|p1a: Gengar|34\/262 brn|[from] brn
|
|switch|p2a: Lanturn|Lanturn, F|55\/417
|-damage|p2a: Lanturn|3\/417|[from] Stealth Rock
|turn|23
|
|move|p1a: Gengar|Shadow Ball|p2a: Lanturn
|-damage|p2a: Lanturn|0 fnt
|faint|p2a: Lanturn
|
|-heal|p1a: Gengar|50\/262 brn|[from] item: Black Sludge
|-damage|p1a: Gengar|18\/262 brn|[from] brn
|
|switch|p2a: Tornadus-Therian|Tornadus-Therian, M|259\/361
|-damage|p2a: Tornadus-Therian|169\/361|[from] Stealth Rock
|turn|24
|
|move|p1a: Gengar|Shadow Ball|p2a: Tornadus-Therian
|-damage|p2a: Tornadus-Therian|94\/361
|-unboost|p2a: Tornadus-Therian|spd|1
|move|p2a: Tornadus-Therian|U-turn|p1a: Gengar
|-resisted|p1a: Gengar
|-damage|p1a: Gengar|0 fnt
|faint|p1a: Gengar
|
|switch|p2a: Tentacruel|Tentacruel, F|364\/364
|-damage|p2a: Tentacruel|319\/364|[from] Stealth Rock
|
|-heal|p2a: Tentacruel|341\/364|[from] item: Black Sludge
|
|switch|p1a: Gyarados|Gyarados, M|335\/335
|-ability|p1a: Gyarados|Intimidate|[of] p2a: Tentacruel
|-unboost|p2a: Tentacruel|atk|1
|turn|25
|
|move|p1a: Gyarados|Dragon Dance|p1a: Gyarados
|-boost|p1a: Gyarados|atk|1
|-boost|p1a: Gyarados|spe|1
|move|p2a: Tentacruel|Rapid Spin|p1a: Gyarados
|-damage|p1a: Gyarados|326\/335
|-sideend|p2: Test06111825|Stealth Rock|[from] move: Rapid Spin|[of] p2a: Tentacruel
|
|-heal|p2a: Tentacruel|363\/364|[from] item: Black Sludge
|turn|26
|
|detailschange|p1a: Gyarados|Gyarados-Mega, M
|message|Gyarados has Mega Evolved into Mega Gyarados!
|-ability|p1a: Gyarados|Mold Breaker
|move|p1a: Gyarados|Earthquake|p2a: Tentacruel
|-supereffective|p2a: Tentacruel
|-damage|p2a: Tentacruel|0 fnt
|faint|p2a: Tentacruel
|
|
|switch|p2a: Amoonguss|Amoonguss, M|432\/432
|turn|27
|
|switch|p1a: Keldeo|Keldeo|323\/323
|move|p2a: Amoonguss|Spore|p1a: Keldeo
|-status|p1a: Keldeo|slp
|
|turn|28
|
|switch|p1a: Greninja|Greninja, F|285\/285
|move|p2a: Amoonguss|Giga Drain|p1a: Greninja
|-supereffective|p1a: Greninja
|-damage|p1a: Greninja|69\/285
|
|turn|29
|
|switch|p2a: Slowbro|Slowbro, M|273\/394 tox
|move|p1a: Greninja|Gunk Shot|p2a: Slowbro
|-start|p1a: Greninja|typechange|Poison|[from] Protean
|-damage|p2a: Slowbro|177\/394 tox
|
|-damage|p2a: Slowbro|153\/394 tox|[from] psn
|turn|30
|
|move|p1a: Greninja|Dark Pulse|p2a: Slowbro
|-start|p1a: Greninja|typechange|Dark|[from] Protean
|-supereffective|p2a: Slowbro
|-damage|p2a: Slowbro|0 fnt
|faint|p2a: Slowbro
|
|
|switch|p2a: Tornadus-Therian|Tornadus-Therian, M|214\/361
|turn|31
|
|move|p1a: Greninja|Gunk Shot|p2a: Tornadus-Therian|[miss]
|-start|p1a: Greninja|typechange|Poison|[from] Protean
|-miss|p1a: Greninja|p2a: Tornadus-Therian
|move|p2a: Tornadus-Therian|Heat Wave|p1a: Greninja
|-damage|p1a: Greninja|0 fnt
|faint|p1a: Greninja
|
|
|switch|p1a: Gyarados|Gyarados-Mega, M|326\/335
|-ability|p1a: Gyarados|Mold Breaker
|turn|32
|
|move|p2a: Tornadus-Therian|U-turn|p1a: Gyarados
|-crit|p1a: Gyarados
|-supereffective|p1a: Gyarados
|-damage|p1a: Gyarados|174\/335
|c|★bossboss|lol
|
|switch|p2a: Amoonguss|Amoonguss, M|432\/432
|move|p1a: Gyarados|Dragon Dance|p1a: Gyarados
|-boost|p1a: Gyarados|atk|1
|-boost|p1a: Gyarados|spe|1
|
|turn|33
|
|move|p1a: Gyarados|Crunch|p2a: Amoonguss
|-damage|p2a: Amoonguss|203\/432
|-unboost|p2a: Amoonguss|def|1
|move|p2a: Amoonguss|Giga Drain|p1a: Gyarados
|-crit|p1a: Gyarados
|-supereffective|p1a: Gyarados
|-damage|p1a: Gyarados|0 fnt
|-heal|p2a: Amoonguss|290\/432|[from] drain|[of] p1a: Gyarados
|faint|p1a: Gyarados
|
|-heal|p2a: Amoonguss|317\/432|[from] item: Black Sludge
|-message|bossboss forfeited.
|
|win|Test06111825
|raw|Ladder updating...
|leave|bossboss
|player|p1
|raw|bossboss's rating: 1649 &rarr; <strong>1626<\/strong><br \/>(-23 for losing)
|raw|Test06111825's rating: 1597 &rarr; <strong>1620<\/strong><br \/>(+23 for winning)