|join|New Light
|join|Cocote-
|player|p1|New Light|156
|player|p2|Cocote-|200
|gametype|singles
|gen|6
|tier|OU
|rated
|clearpoke
|poke|p1|Noivern, F
|poke|p1|Sylveon, F
|poke|p1|Klefki, F
|poke|p1|Chesnaught, M
|poke|p1|Talonflame, M
|poke|p1|Blastoise, M
|poke|p2|Ferrothorn, M
|poke|p2|Excadrill, F
|poke|p2|Landorus, M
|poke|p2|Pinsir, F
|poke|p2|Keldeo-Resolute
|poke|p2|Latias, F
|rule|Swagger Clause: Swagger is banned
|rule|Baton Pass Clause: Limit one Pokémon knowing Baton Pass
|rule|Sleep Clause Mod: Limit one foe put to sleep
|rule|Species Clause: Limit one of each Pokémon
|rule|OHKO Clause: OHKO moves are banned
|rule|Moody Clause: Moody is banned
|rule|Evasion Moves Clause: Evasion moves are banned
|rule|Endless Battle Clause: Forcing endless battles is banned
|rule|HP Percentage Mod: HP is shown in percentages
|teampreview
|
|start
|switch|p1a: Max|Blastoise, M|362\/362
|switch|p2a: thu|Landorus, M|320\/320
|turn|1
|
|detailschange|p1a: Max|Blastoise-Mega, M
|message|Blastoise has Mega Evolved into Mega Blastoise!
|move|p2a: thu|Earth Power|p1a: Max
|-damage|p1a: Max|127\/362
|move|p1a: Max|Water Pulse|p2a: thu
|-supereffective|p2a: thu
|-damage|p2a: thu|0 fnt
|faint|p2a: thu
|
|
|switch|p2a: Pinsir|Pinsir, F|272\/272
|-ability|p2a: Pinsir|Mold Breaker
|turn|2
|
|switch|p1a: Klefki|Klefki, F|318\/318
|detailschange|p2a: Pinsir|Pinsir-Mega, F
|message|Pinsir has Mega Evolved into Mega Pinsir!
|move|p2a: Pinsir|Return|p1a: Klefki
|-resisted|p1a: Klefki
|-damage|p1a: Klefki|210\/318
|
|-heal|p1a: Klefki|229\/318|[from] item: Leftovers
|turn|3
|
|move|p2a: Pinsir|Return|p1a: Klefki
|-resisted|p1a: Klefki
|-damage|p1a: Klefki|120\/318
|move|p1a: Klefki|Foul Play|p2a: Pinsir
|-damage|p2a: Pinsir|155\/272
|
|-heal|p1a: Klefki|139\/318|[from] item: Leftovers
|turn|4
|
|move|p1a: Klefki|Thunder Wave|p2a: Pinsir
|-status|p2a: Pinsir|par
|move|p2a: Pinsir|Earthquake|p1a: Klefki
|-crit|p1a: Klefki
|-supereffective|p1a: Klefki
|-damage|p1a: Klefki|0 fnt
|faint|p1a: Klefki
|
|
|switch|p1a: Max|Blastoise-Mega, M|127\/362
|turn|5
|
|move|p2a: Pinsir|Quick Attack|p1a: Max
|-damage|p1a: Max|40\/362
|move|p1a: Max|Water Pulse|p2a: Pinsir
|-damage|p2a: Pinsir|0 fnt
|faint|p2a: Pinsir
|
|
|switch|p2a: Latias|Latias, F|319\/319
|turn|6
|
|switch|p1a: Sylveon|Sylveon, F|394\/394
|move|p2a: Latias|Thunderbolt|p1a: Sylveon
|-damage|p1a: Sylveon|329\/394
|-damage|p2a: Latias|288\/319|[from] item: Life Orb
|
|-heal|p1a: Sylveon|353\/394|[from] item: Leftovers
|turn|7
|
|switch|p2a: Ferrothorn|Ferrothorn, M|352\/352
|move|p1a: Sylveon|Wish|p1a: Sylveon
|
|-heal|p1a: Sylveon|377\/394|[from] item: Leftovers
|turn|8
|
|switch|p1a: Max|Blastoise-Mega, M|40\/362
|move|p2a: Ferrothorn|Gyro Ball|p1a: Max
|-resisted|p1a: Max
|-damage|p1a: Max|7\/362
|
|-heal|p1a: Max|204\/362|[from] move: Wish|[wisher] Sylveon
|turn|9
|
|move|p1a: Max|Aura Sphere|p2a: Ferrothorn
|-supereffective|p2a: Ferrothorn
|-damage|p2a: Ferrothorn|96\/352
|move|p2a: Ferrothorn|Leech Seed|p1a: Max
|-start|p1a: Max|move: Leech Seed
|
|-heal|p2a: Ferrothorn|118\/352|[from] item: Leftovers
|-damage|p1a: Max|159\/362|[from] Leech Seed|[of] p2a: Ferrothorn
|-heal|p2a: Ferrothorn|163\/352|[silent]
|turn|10
|
|switch|p1a: Owain|Chesnaught, M|380\/380
|move|p2a: Ferrothorn|Protect|p2a: Ferrothorn
|-fail|p2a: Ferrothorn
|
|-heal|p2a: Ferrothorn|185\/352|[from] item: Leftovers
|turn|11
|
|move|p1a: Owain|Substitute|p1a: Owain
|-start|p1a: Owain|Substitute
|-damage|p1a: Owain|285\/380
|move|p2a: Ferrothorn|Stealth Rock|p1a: Owain
|-sidestart|p1: New Light|move: Stealth Rock
|
|-heal|p1a: Owain|308\/380|[from] item: Leftovers
|-heal|p2a: Ferrothorn|207\/352|[from] item: Leftovers
|turn|12
|
|move|p1a: Owain|Hammer Arm|p2a: Ferrothorn|[miss]
|-miss|p1a: Owain|p2a: Ferrothorn
|move|p2a: Ferrothorn|Gyro Ball|p1a: Owain
|-immune|p1a: Owain|[msg]|[from] Bulletproof
|
|-heal|p1a: Owain|331\/380|[from] item: Leftovers
|-heal|p2a: Ferrothorn|229\/352|[from] item: Leftovers
|turn|13
|
|switch|p2a: Latias|Latias, F|288\/319
|move|p1a: Owain|Leech Seed|p2a: Latias
|-start|p2a: Latias|move: Leech Seed
|
|-heal|p1a: Owain|354\/380|[from] item: Leftovers
|-damage|p2a: Latias|249\/319|[from] Leech Seed|[of] p1a: Owain
|-heal|p1a: Owain|380\/380|[silent]
|turn|14
|
|switch|p2a: Ferrothorn|Ferrothorn, M|229\/352
|move|p1a: Owain|Spiky Shield|p1a: Owain
|-fail|p1a: Owain
|
|-heal|p2a: Ferrothorn|251\/352|[from] item: Leftovers
|turn|15
|
|move|p2a: Ferrothorn|Protect|p2a: Ferrothorn
|-singleturn|p2a: Ferrothorn|Protect
|move|p1a: Owain|Hammer Arm|p2a: Ferrothorn
|-activate|p2a: Ferrothorn|Protect
|
|-heal|p2a: Ferrothorn|273\/352|[from] item: Leftovers
|turn|16
|
|move|p1a: Owain|Leech Seed|p2a: Ferrothorn|[miss]
|-miss|p1a: Owain|p2a: Ferrothorn
|move|p2a: Ferrothorn|Gyro Ball|p1a: Owain
|-immune|p1a: Owain|[msg]|[from] Bulletproof
|
|-heal|p2a: Ferrothorn|295\/352|[from] item: Leftovers
|turn|17
|
|switch|p2a: Latias|Latias, F|249\/319
|move|p1a: Owain|Hammer Arm|p2a: Latias
|-resisted|p2a: Latias
|-damage|p2a: Latias|186\/319
|-unboost|p1a: Owain|spe|1
|
|turn|18
|
|move|p2a: Latias|Thunderbolt|p1a: Owain
|-resisted|p1a: Owain
|-activate|p1a: Owain|Substitute|[damage]
|-damage|p2a: Latias|155\/319|[from] item: Life Orb
|move|p1a: Owain|Leech Seed|p2a: Latias
|-start|p2a: Latias|move: Leech Seed
|
|-damage|p2a: Latias|116\/319|[from] Leech Seed|[of] p1a: Owain
|turn|19
|
|move|p2a: Latias|Thunderbolt|p1a: Owain
|-resisted|p1a: Owain
|-end|p1a: Owain|Substitute
|-damage|p2a: Latias|85\/319|[from] item: Life Orb
|move|p1a: Owain|Hammer Arm|p2a: Latias|[miss]
|-miss|p1a: Owain|p2a: Latias
|
|-damage|p2a: Latias|46\/319|[from] Leech Seed|[of] p1a: Owain
|turn|20
|
|move|p2a: Latias|Thunderbolt|p1a: Owain
|-resisted|p1a: Owain
|-damage|p1a: Owain|302\/380
|-damage|p2a: Latias|15\/319|[from] item: Life Orb
|move|p1a: Owain|Hammer Arm|p2a: Latias|[miss]
|-miss|p1a: Owain|p2a: Latias
|
|-heal|p1a: Owain|325\/380|[from] item: Leftovers
|-damage|p2a: Latias|0 fnt|[from] Leech Seed|[of] p1a: Owain
|-heal|p1a: Owain|340\/380|[silent]
|faint|p2a: Latias
|
|switch|p2a: Keldeo-Resolute|Keldeo-Resolute|324\/324
|turn|21
|
|move|p1a: Owain|Spiky Shield|p1a: Owain
|-singleturn|p1a: Owain|move: Protect
|move|p2a: Keldeo-Resolute|Icy Wind|p1a: Owain
|-activate|p1a: Owain|move: Protect
|
|-heal|p1a: Owain|363\/380|[from] item: Leftovers
|turn|22
|
|switch|p2a: Ferrothorn|Ferrothorn, M|295\/352
|move|p1a: Owain|Leech Seed|p2a: Ferrothorn
|-immune|p2a: Ferrothorn|[msg]
|
|-heal|p1a: Owain|380\/380|[from] item: Leftovers
|-heal|p2a: Ferrothorn|317\/352|[from] item: Leftovers
|turn|23
|-message|Cocote- forfeited.
|
|win|New Light
|raw|Ladder updating...
|leave|Cocote-
|player|p2
|raw|New Light's rating: 1803 &rarr; <strong>1821<\/strong><br \/>(+18 for winning)
|raw|Cocote-'s rating: 1772 &rarr; <strong>1754<\/strong><br \/>(-18 for losing)