|join|New Light
|join|PikachuCandy
|c|★PikachuCandy|mfw
|player|p1|New Light|156
|player|p2|PikachuCandy|155
|gametype|singles
|gen|6
|tier|OU
|rated
|clearpoke
|poke|p1|Keldeo
|poke|p1|Metagross
|poke|p1|Entei, shiny
|poke|p1|Tyranitar, F
|poke|p1|Chesnaught, F
|poke|p1|Excadrill, F
|poke|p2|Landorus-Therian, M
|poke|p2|Mandibuzz, F
|poke|p2|Wobbuffet, M, shiny
|poke|p2|Garchomp, M, shiny
|poke|p2|Kyurem-Black, shiny
|poke|p2|Gardevoir, F, shiny
|rule|Swagger Clause: Swagger is banned
|rule|Baton Pass Clause: Limit one Pokémon knowing Baton Pass
|rule|Sleep Clause Mod: Limit one foe put to sleep
|rule|Species Clause: Limit one of each Pokémon
|rule|OHKO Clause: OHKO moves are banned
|rule|Moody Clause: Moody is banned
|rule|Evasion Moves Clause: Evasion moves are banned
|rule|Endless Battle Clause: Forcing endless battles is banned
|rule|HP Percentage Mod: HP is shown in percentages
|teampreview
|join|FrozenCold
|c|★PikachuCandy|What
|c| FrozenCold|Sacred
|c|★PikachuCandy|Why do i keep battling
|join|DarkPixel
|c|★PikachuCandy|you high ranked
|
|start
|switch|p1a: Keldeo|Keldeo|323\/323
|switch|p2a: Teriyaki|Kyurem-Black, shiny|453\/453
|-ability|p2a: Teriyaki|Teravolt
|turn|1
|
|switch|p1a: Tyranitar|Tyranitar, F|403\/403
|-weather|Sandstorm
|switch|p2a: BubbleTea|Wobbuffet, M, shiny|584\/584
|
|-weather|Sandstorm|[upkeep]
|-damage|p2a: BubbleTea|548\/584|[from] sandstorm
|-heal|p2a: BubbleTea|584\/584|[from] item: Leftovers
|turn|2
|
|move|p1a: Tyranitar|Stealth Rock|p2a: BubbleTea
|-sidestart|p2: PikachuCandy|move: Stealth Rock
|move|p2a: BubbleTea|Counter|p1a: Tyranitar
|-fail|p1a: Tyranitar
|
|-weather|Sandstorm|[upkeep]
|-damage|p2a: BubbleTea|548\/584|[from] sandstorm
|-heal|p2a: BubbleTea|584\/584|[from] item: Leftovers
|turn|3
|leave|DarkPixel
|
|move|p1a: Tyranitar|Fire Blast|p2a: BubbleTea
|-damage|p2a: BubbleTea|498\/584
|move|p2a: BubbleTea|Counter|p1a: Tyranitar
|-fail|p1a: Tyranitar
|
|-weather|Sandstorm|[upkeep]
|-damage|p2a: BubbleTea|462\/584|[from] sandstorm
|-heal|p2a: BubbleTea|498\/584|[from] item: Leftovers
|turn|4
|
|move|p1a: Tyranitar|Stone Edge|p2a: BubbleTea
|-damage|p2a: BubbleTea|213\/584
|move|p2a: BubbleTea|Counter|p1a: Tyranitar
|-damage|p1a: Tyranitar|0 fnt
|faint|p1a: Tyranitar
|
|-weather|Sandstorm|[upkeep]
|-damage|p2a: BubbleTea|177\/584|[from] sandstorm
|-heal|p2a: BubbleTea|213\/584|[from] item: Leftovers
|
|switch|p1a: Entei|Entei, shiny|371\/371
|-ability|p1a: Entei|Pressure
|turn|5
|
|move|p1a: Entei|Sacred Fire|p2a: BubbleTea
|-damage|p2a: BubbleTea|0 fnt
|-damage|p1a: Entei|334\/371|[from] item: Life Orb
|faint|p2a: BubbleTea
|
|-weather|Sandstorm|[upkeep]
|-damage|p1a: Entei|311\/371|[from] sandstorm
|
|switch|p2a: WishTail|Landorus-Therian, M|319\/319
|-damage|p2a: WishTail|280\/319|[from] Stealth Rock
|-ability|p2a: WishTail|Intimidate|[of] p1a: Entei
|-unboost|p1a: Entei|atk|1
|turn|6
|
|move|p2a: WishTail|U-turn|p1a: Entei
|-crit|p1a: Entei
|-resisted|p1a: Entei
|-damage|p1a: Entei|230\/371
|
|switch|p2a: Wiz BITG|Mandibuzz, F|424\/424
|-damage|p2a: Wiz BITG|318\/424|[from] Stealth Rock
|move|p1a: Entei|Sacred Fire|p2a: Wiz BITG
|-damage|p2a: Wiz BITG|204\/424
|-status|p2a: Wiz BITG|brn
|-damage|p1a: Entei|193\/371|[from] item: Life Orb
|
|-weather|Sandstorm|[upkeep]
|-damage|p1a: Entei|170\/371|[from] sandstorm
|-heal|p2a: Wiz BITG|230\/424 brn|[from] item: Leftovers
|-damage|p2a: Wiz BITG|177\/424 brn|[from] brn
|turn|7
|
|move|p1a: Entei|Stone Edge|p2a: Wiz BITG|[miss]
|-miss|p1a: Entei|p2a: Wiz BITG
|move|p2a: Wiz BITG|Defog|p1a: Entei
|-unboost|p1a: Entei|evasion|1
|-sideend|p2: PikachuCandy|Stealth Rock|[from] move: Defog|[of] p2a: Wiz BITG
|
|-weather|Sandstorm|[upkeep]
|-damage|p1a: Entei|147\/371|[from] sandstorm
|-heal|p2a: Wiz BITG|203\/424 brn|[from] item: Leftovers
|-damage|p2a: Wiz BITG|150\/424 brn|[from] brn
|turn|8
|
|move|p1a: Entei|Stone Edge|p2a: Wiz BITG
|-supereffective|p2a: Wiz BITG
|-damage|p2a: Wiz BITG|10\/424 brn
|-damage|p1a: Entei|110\/371|[from] item: Life Orb
|move|p2a: Wiz BITG|Roost|p2a: Wiz BITG
|-heal|p2a: Wiz BITG|222\/424 brn
|
|-weather|none
|-heal|p2a: Wiz BITG|248\/424 brn|[from] item: Leftovers
|-damage|p2a: Wiz BITG|195\/424 brn|[from] brn
|turn|9
|
|switch|p1a: Chesnaught|Chesnaught, F|379\/379
|move|p2a: Wiz BITG|Roost|p2a: Wiz BITG
|-heal|p2a: Wiz BITG|407\/424 brn
|
|-heal|p2a: Wiz BITG|424\/424 brn|[from] item: Leftovers
|-damage|p2a: Wiz BITG|371\/424 brn|[from] brn
|turn|10
|
|move|p2a: Wiz BITG|Taunt|p1a: Chesnaught
|-start|p1a: Chesnaught|move: Taunt
|cant|p1a: Chesnaught|move: Taunt|Leech Seed
|
|-heal|p2a: Wiz BITG|397\/424 brn|[from] item: Leftovers
|-damage|p2a: Wiz BITG|344\/424 brn|[from] brn
|turn|11
|
|switch|p2a: Teriyaki|Kyurem-Black, shiny|453\/453
|-ability|p2a: Teriyaki|Teravolt
|switch|p1a: Keldeo|Keldeo|323\/323
|
|turn|12
|
|move|p1a: Keldeo|Secret Sword|p2a: Teriyaki
|-supereffective|p2a: Teriyaki
|-damage|p2a: Teriyaki|169\/453
|move|p2a: Teriyaki|Earth Power|p1a: Keldeo
|-damage|p1a: Keldeo|202\/323
|
|-heal|p1a: Keldeo|222\/323|[from] item: Leftovers
|-heal|p2a: Teriyaki|197\/453|[from] item: Leftovers
|turn|13
|
|switch|p2a: WishTail|Landorus-Therian, M|280\/319
|-ability|p2a: WishTail|Intimidate|[of] p1a: Keldeo
|-unboost|p1a: Keldeo|atk|1
|move|p1a: Keldeo|Scald|p2a: WishTail
|-supereffective|p2a: WishTail
|-damage|p2a: WishTail|0 fnt
|faint|p2a: WishTail
|
|-heal|p1a: Keldeo|242\/323|[from] item: Leftovers
|c|★PikachuCandy|hmm
|c|★PikachuCandy|scarf?
|c|★PikachuCandy|no.
|
|switch|p2a: DustFairy|Gardevoir, F, shiny|301\/301
|turn|14
|
|switch|p1a: Excadrill|Excadrill, F|361\/361
|-item|p1a: Excadrill|Air Balloon
|detailschange|p2a: DustFairy|Gardevoir-Mega, F, shiny
|-mega|p2a: DustFairy|Gardevoir|Gardevoirite
|move|p2a: DustFairy|Substitute|p2a: DustFairy
|-start|p2a: DustFairy|Substitute
|-damage|p2a: DustFairy|226\/301
|
|turn|15
|
|move|p2a: DustFairy|Hyper Voice|p1a: Excadrill
|-resisted|p1a: Excadrill
|-damage|p1a: Excadrill|174\/361
|-enditem|p1a: Excadrill|Air Balloon
|move|p1a: Excadrill|Iron Head|p2a: DustFairy
|-supereffective|p2a: DustFairy
|-end|p2a: DustFairy|Substitute
|
|turn|16
|
|move|p2a: DustFairy|Substitute|p2a: DustFairy
|-start|p2a: DustFairy|Substitute
|-damage|p2a: DustFairy|151\/301
|move|p1a: Excadrill|Iron Head|p2a: DustFairy
|-supereffective|p2a: DustFairy
|-end|p2a: DustFairy|Substitute
|
|turn|17
|
|move|p2a: DustFairy|Hidden Power|p1a: Excadrill
|-supereffective|p1a: Excadrill
|-damage|p1a: Excadrill|0 fnt
|faint|p1a: Excadrill
|
|
|switch|p1a: Entei|Entei, shiny|110\/371
|-ability|p1a: Entei|Pressure
|turn|18
|c| FrozenCold|risk the tie
|
|switch|p2a: Wiz BITG|Mandibuzz, F|344\/424 brn
|move|p1a: Entei|Extreme Speed|p2a: Wiz BITG
|-damage|p2a: Wiz BITG|263\/424 brn
|-damage|p1a: Entei|73\/371|[from] item: Life Orb
|
|-heal|p2a: Wiz BITG|289\/424 brn|[from] item: Leftovers
|-damage|p2a: Wiz BITG|236\/424 brn|[from] brn
|turn|19
|
|move|p1a: Entei|Stone Edge|p2a: Wiz BITG
|-supereffective|p2a: Wiz BITG
|-damage|p2a: Wiz BITG|28\/424 brn
|-damage|p1a: Entei|36\/371|[from] item: Life Orb
|move|p2a: Wiz BITG|Roost|p2a: Wiz BITG
|-heal|p2a: Wiz BITG|240\/424 brn
|
|-heal|p2a: Wiz BITG|266\/424 brn|[from] item: Leftovers
|-damage|p2a: Wiz BITG|213\/424 brn|[from] brn
|turn|20
|
|move|p1a: Entei|Stone Edge|p2a: Wiz BITG
|-supereffective|p2a: Wiz BITG
|-damage|p2a: Wiz BITG|0 fnt
|-damage|p1a: Entei|0 fnt|[from] item: Life Orb
|faint|p2a: Wiz BITG
|faint|p1a: Entei
|
|
|switch|p1a: Keldeo|Keldeo|242\/323
|switch|p2a: Torpedo|Garchomp, M, shiny|357\/357
|turn|21
|
|move|p1a: Keldeo|Scald|p2a: Torpedo
|-damage|p2a: Torpedo|189\/357
|move|p2a: Torpedo|Earthquake|p1a: Keldeo
|-damage|p1a: Keldeo|50\/323
|
|-heal|p1a: Keldeo|70\/323|[from] item: Leftovers
|turn|22
|
|switch|p1a: Chesnaught|Chesnaught, F|379\/379
|move|p2a: Torpedo|Dragon Claw|p1a: Chesnaught
|-damage|p1a: Chesnaught|291\/379
|
|-heal|p1a: Chesnaught|314\/379|[from] item: Leftovers
|turn|23
|
|switch|p2a: Teriyaki|Kyurem-Black, shiny|197\/453
|-ability|p2a: Teriyaki|Teravolt
|move|p1a: Chesnaught|Leech Seed|p2a: Teriyaki
|-start|p2a: Teriyaki|move: Leech Seed
|
|-heal|p2a: Teriyaki|225\/453|[from] item: Leftovers
|-heal|p1a: Chesnaught|337\/379|[from] item: Leftovers
|-damage|p2a: Teriyaki|169\/453|[from] Leech Seed|[of] p1a: Chesnaught
|-heal|p1a: Chesnaught|379\/379|[silent]
|turn|24
|
|switch|p2a: DustFairy|Gardevoir-Mega, F, shiny|151\/301
|move|p1a: Chesnaught|Drain Punch|p2a: DustFairy
|-resisted|p2a: DustFairy
|-damage|p2a: DustFairy|120\/301
|
|turn|25
|
|switch|p1a: Keldeo|Keldeo|70\/323
|move|p2a: DustFairy|Hyper Voice|p1a: Keldeo
|-supereffective|p1a: Keldeo
|-damage|p1a: Keldeo|0 fnt
|faint|p1a: Keldeo
|
|
|switch|p1a: Metagross|Metagross|301\/301
|turn|26
|c|★PikachuCandy|god.
|
|detailschange|p1a: Metagross|Metagross-Mega
|-mega|p1a: Metagross|Metagross|Metagrossite
|move|p2a: DustFairy|Hidden Power|p1a: Metagross
|-supereffective|p1a: Metagross
|-damage|p1a: Metagross|125\/301
|move|p1a: Metagross|Meteor Mash|p2a: DustFairy
|-supereffective|p2a: DustFairy
|-damage|p2a: DustFairy|0 fnt
|faint|p2a: DustFairy
|
|c|★PikachuCandy|gg
|
|switch|p2a: Torpedo|Garchomp, M, shiny|189\/357
|turn|27
|
|move|p1a: Metagross|Meteor Mash|p2a: Torpedo
|-damage|p2a: Torpedo|0 fnt
|-damage|p1a: Metagross|88\/301|[from] ability: Rough Skin|[of] p2a: Torpedo
|faint|p2a: Torpedo
|
|-message|PikachuCandy forfeited.
|leave|PikachuCandy
|
|win|New Light
|raw|Ladder updating...
|player|p2
|raw|New Light's rating: 1719 &rarr; <strong>1731<\/strong><br \/>(+12 for winning)
|raw|PikachuCandy's rating: 1556 &rarr; <strong>1545<\/strong><br \/>(-11 for losing)
|leave|FrozenCold