|join|Zartres10
|join|jiajin32
|player|p1|Zartres10|52
|player|p2|jiajin32|169
|gametype|singles
|gen|6
|tier|UU
|rated
|rule|Sleep Clause Mod: Limit one foe put to sleep
|rule|Species Clause: Limit one of each Pokémon
|rule|OHKO Clause: OHKO moves are banned
|rule|Moody Clause: Moody is banned
|rule|Evasion Moves Clause: Evasion moves are banned
|rule|Endless Battle Clause: Forcing endless battles is banned
|rule|HP Percentage Mod: HP is shown in percentages
|clearpoke
|poke|p1|Galvantula, F
|poke|p1|Zygarde
|poke|p1|Darmanitan, M
|poke|p1|Empoleon, M
|poke|p1|Pidgeot, M
|poke|p1|Mienshao, M
|poke|p2|Darmanitan, F
|poke|p2|Hydreigon, F
|poke|p2|Forretress, F
|poke|p2|Blastoise, F
|poke|p2|Roserade, M
|poke|p2|Toxicroak, M
|rule|Swagger Clause: Swagger is banned
|rule|Baton Pass Clause: Limit one Pokémon knowing Baton Pass
|teampreview
|
|start
|switch|p1a: Galvantula|Galvantula, F|281\/281
|switch|p2a: Roserade|Roserade, M|323\/323
|turn|1
|
|move|p1a: Galvantula|Bug Buzz|p2a: Roserade
|-damage|p2a: Roserade|221\/323
|move|p2a: Roserade|Sludge Bomb|p1a: Galvantula
|-damage|p1a: Galvantula|77\/281
|
|-heal|p2a: Roserade|241\/323|[from] item: Black Sludge
|turn|2
|
|switch|p1a: Empoleon|Empoleon, M|371\/371
|move|p2a: Roserade|Spikes|p1a: Empoleon
|-sidestart|p1: Zartres10|Spikes
|
|-heal|p2a: Roserade|261\/323|[from] item: Black Sludge
|turn|3
|
|move|p2a: Roserade|Sleep Powder|p1a: Empoleon
|-status|p1a: Empoleon|slp
|cant|p1a: Empoleon|slp
|
|-heal|p2a: Roserade|281\/323|[from] item: Black Sludge
|turn|4
|
|switch|p2a: Toxicroak|Toxicroak, M|307\/307
|cant|p1a: Empoleon|slp
|
|turn|5
|
|move|p2a: Toxicroak|Drain Punch|p1a: Empoleon
|-supereffective|p1a: Empoleon
|-damage|p1a: Empoleon|51\/371 slp
|-damage|p2a: Toxicroak|277\/307|[from] item: Life Orb
|cant|p1a: Empoleon|slp
|
|turn|6
|c|★Zartres10|....
|
|move|p2a: Toxicroak|Drain Punch|p1a: Empoleon
|-supereffective|p1a: Empoleon
|-damage|p1a: Empoleon|0 fnt
|-heal|p2a: Toxicroak|303\/307|[from] drain|[of] p1a: Empoleon
|-damage|p2a: Toxicroak|273\/307|[from] item: Life Orb
|faint|p1a: Empoleon
|
|
|switch|p1a: Pidgeot|Pidgeot, M|307\/307
|turn|7
|
|detailschange|p1a: Pidgeot|Pidgeot-Mega, M
|-mega|p1a: Pidgeot|Pidgeot|Pidgeotite
|move|p2a: Toxicroak|Sucker Punch|p1a: Pidgeot
|-crit|p1a: Pidgeot
|-damage|p1a: Pidgeot|109\/307
|-damage|p2a: Toxicroak|243\/307|[from] item: Life Orb
|move|p1a: Pidgeot|Hurricane|p2a: Toxicroak
|-supereffective|p2a: Toxicroak
|-damage|p2a: Toxicroak|0 fnt
|faint|p2a: Toxicroak
|
|
|switch|p2a: Hydreigon|Hydreigon, F|325\/325
|turn|8
|
|move|p2a: Hydreigon|Draco Meteor|p1a: Pidgeot
|-damage|p1a: Pidgeot|0 fnt
|-unboost|p2a: Hydreigon|spa|2
|faint|p1a: Pidgeot
|
|
|switch|p1a: Zygarde|Zygarde|419\/419
|-damage|p1a: Zygarde|367\/419|[from] Spikes
|-ability|p1a: Zygarde|Aura Break
|turn|9
|
|move|p2a: Hydreigon|Draco Meteor|p1a: Zygarde
|-supereffective|p1a: Zygarde
|-damage|p1a: Zygarde|101\/419
|-unboost|p2a: Hydreigon|spa|2
|move|p1a: Zygarde|Substitute|p1a: Zygarde
|-fail|p1a: Zygarde|move: Substitute|[weak]
|
|-heal|p1a: Zygarde|127\/419|[from] item: Leftovers
|turn|10
|
|move|p2a: Hydreigon|Draco Meteor|p1a: Zygarde
|-supereffective|p1a: Zygarde
|-damage|p1a: Zygarde|0 fnt
|-unboost|p2a: Hydreigon|spa|2
|faint|p1a: Zygarde
|
|
|switch|p1a: Galvantula|Galvantula, F|77\/281
|-damage|p1a: Galvantula|42\/281|[from] Spikes
|turn|11
|
|move|p2a: Hydreigon|Draco Meteor|p1a: Galvantula
|-damage|p1a: Galvantula|0 fnt
|faint|p1a: Galvantula
|
|
|switch|p1a: Mienshao|Mienshao, M|271\/271
|-damage|p1a: Mienshao|238\/271|[from] Spikes
|turn|12
|
|switch|p2a: Forretress|Forretress, F|353\/353
|move|p1a: Mienshao|High Jump Kick|p2a: Forretress
|-damage|p2a: Forretress|181\/353
|-damage|p1a: Mienshao|211\/271|[from] item: Life Orb
|
|-heal|p2a: Forretress|203\/353|[from] item: Leftovers
|turn|13
|
|move|p1a: Mienshao|Knock Off|p2a: Forretress
|-damage|p2a: Forretress|117\/353
|-enditem|p2a: Forretress|Leftovers|[from] move: Knock Off|[of] p1a: Mienshao
|-damage|p1a: Mienshao|184\/271|[from] item: Life Orb
|move|p2a: Forretress|Volt Switch|p1a: Mienshao
|-damage|p1a: Mienshao|133\/271
|-message|Zartres10 forfeited.
|
|win|jiajin32
|raw|Ladder updating...
|leave|Zartres10
|player|p1
|raw|Zartres10's rating: 1530 &rarr; <strong>1501<\/strong><br \/>(-29 for losing)
|raw|jiajin32's rating: 1351 &rarr; <strong>1380<\/strong><br \/>(+29 for winning)