|join|ChaosZXD
|join|jiajin32
|player|p1|ChaosZXD|238
|player|p2|jiajin32|1
|gametype|singles
|gen|6
|tier|UU
|rated
|rule|Sleep Clause Mod: Limit one foe put to sleep
|rule|Species Clause: Limit one of each Pokémon
|rule|OHKO Clause: OHKO moves are banned
|rule|Moody Clause: Moody is banned
|rule|Evasion Moves Clause: Evasion moves are banned
|rule|Endless Battle Clause: Forcing endless battles is banned
|rule|HP Percentage Mod: HP is shown in percentages
|clearpoke
|poke|p1|Jirachi
|poke|p1|Hydreigon, M
|poke|p1|Swampert, M
|poke|p1|Beedrill, M
|poke|p1|Donphan, M
|poke|p1|Mienshao, F
|poke|p2|Toxicroak, F
|poke|p2|Darmanitan, F
|poke|p2|Blastoise, F
|poke|p2|Hydreigon, M
|poke|p2|Forretress, F
|poke|p2|Roserade, M
|rule|Swagger Clause: Swagger is banned
|rule|Baton Pass Clause: Limit one Pokémon knowing Baton Pass
|teampreview
|
|start
|switch|p1a: Beedrill|Beedrill, M|271\/271
|switch|p2a: Roserade|Roserade, M|323\/323
|turn|1
|
|switch|p2a: Forretress|Forretress, F|353\/353
|detailschange|p1a: Beedrill|Beedrill-Mega, M
|-mega|p1a: Beedrill|Beedrill|Beedrillite
|move|p1a: Beedrill|Protect|p1a: Beedrill
|-fail|p1a: Beedrill
|
|turn|2
|
|move|p1a: Beedrill|U-turn|p2a: Forretress
|-resisted|p2a: Forretress
|-damage|p2a: Forretress|303\/353
|
|switch|p1a: Hydreigon|Hydreigon, M|325\/325
|move|p2a: Forretress|Stealth Rock|p1a: Hydreigon
|-sidestart|p1: ChaosZXD|move: Stealth Rock
|
|-heal|p2a: Forretress|325\/353|[from] item: Leftovers
|turn|3
|
|switch|p2a: Blastoise|Blastoise, F|361\/361
|move|p1a: Hydreigon|Draco Meteor|p2a: Blastoise
|-damage|p2a: Blastoise|0 fnt
|-unboost|p1a: Hydreigon|spa|2
|faint|p2a: Blastoise
|
|
|switch|p2a: Darmanitan|Darmanitan, F|351\/351
|turn|4
|
|switch|p1a: Swampert|Swampert, M|404\/404
|-damage|p1a: Swampert|379\/404|[from] Stealth Rock
|move|p2a: Darmanitan|U-turn|p1a: Swampert
|-damage|p1a: Swampert|314\/404
|
|switch|p2a: Roserade|Roserade, M|323\/323
|
|-heal|p1a: Swampert|339\/404|[from] item: Leftovers
|turn|5
|
|switch|p1a: Jirachi|Jirachi|341\/341
|-damage|p1a: Jirachi|320\/341|[from] Stealth Rock
|move|p2a: Roserade|Sleep Powder|p1a: Jirachi|[miss]
|-miss|p2a: Roserade|p1a: Jirachi
|
|turn|6
|
|move|p1a: Jirachi|Thunder Wave|p2a: Roserade
|-status|p2a: Roserade|par
|move|p2a: Roserade|Sleep Powder|p1a: Jirachi
|-status|p1a: Jirachi|slp
|
|turn|7
|
|switch|p1a: Hydreigon|Hydreigon, M|325\/325
|-damage|p1a: Hydreigon|285\/325|[from] Stealth Rock
|switch|p2a: Hydreigon|Hydreigon, M|325\/325
|
|turn|8
|
|switch|p1a: Jirachi|Jirachi|320\/341 slp
|-damage|p1a: Jirachi|299\/341 slp|[from] Stealth Rock
|move|p2a: Hydreigon|Draco Meteor|p1a: Jirachi
|-resisted|p1a: Jirachi
|-damage|p1a: Jirachi|173\/341 slp
|-unboost|p2a: Hydreigon|spa|2
|
|turn|9
|
|switch|p1a: Donphan|Donphan, M|383\/383
|-damage|p1a: Donphan|360\/383|[from] Stealth Rock
|switch|p2a: Darmanitan|Darmanitan, F|351\/351
|
|turn|10
|
|move|p2a: Darmanitan|U-turn|p1a: Donphan
|-damage|p1a: Donphan|283\/383
|
|switch|p2a: Roserade|Roserade, M|323\/323
|move|p1a: Donphan|Knock Off|p2a: Roserade
|-damage|p2a: Roserade|173\/323
|-enditem|p2a: Roserade|Black Sludge|[from] move: Knock Off|[of] p1a: Donphan
|
|turn|11
|
|switch|p2a: Darmanitan|Darmanitan, F|351\/351
|switch|p1a: Hydreigon|Hydreigon, M|285\/325
|-damage|p1a: Hydreigon|245\/325|[from] Stealth Rock
|
|turn|12
|
|switch|p1a: Swampert|Swampert, M|339\/404
|-damage|p1a: Swampert|314\/404|[from] Stealth Rock
|move|p2a: Darmanitan|U-turn|p1a: Swampert
|-damage|p1a: Swampert|243\/404
|
|switch|p2a: Roserade|Roserade, M|173\/323
|
|-heal|p1a: Swampert|268\/404|[from] item: Leftovers
|turn|13
|
|switch|p1a: Beedrill|Beedrill-Mega, M|271\/271
|-damage|p1a: Beedrill|204\/271|[from] Stealth Rock
|move|p2a: Roserade|Giga Drain|p1a: Beedrill
|-resisted|p1a: Beedrill
|-damage|p1a: Beedrill|174\/271
|-heal|p2a: Roserade|188\/323|[from] drain|[of] p1a: Beedrill
|
|turn|14
|
|switch|p2a: Forretress|Forretress, F|325\/353
|move|p1a: Beedrill|U-turn|p2a: Forretress
|-resisted|p2a: Forretress
|-damage|p2a: Forretress|268\/353
|
|switch|p1a: Hydreigon|Hydreigon, M|245\/325
|-damage|p1a: Hydreigon|205\/325|[from] Stealth Rock
|
|-heal|p2a: Forretress|290\/353|[from] item: Leftovers
|turn|15
|
|move|p1a: Hydreigon|Dark Pulse|p2a: Forretress
|-damage|p2a: Forretress|0 fnt
|faint|p2a: Forretress
|
|
|switch|p2a: Hydreigon|Hydreigon, M|325\/325
|turn|16
|
|switch|p1a: Jirachi|Jirachi|173\/341 slp
|-damage|p1a: Jirachi|152\/341 slp|[from] Stealth Rock
|move|p2a: Hydreigon|Dark Pulse|p1a: Jirachi
|-supereffective|p1a: Jirachi
|-damage|p1a: Jirachi|0 fnt
|faint|p1a: Jirachi
|
|
|switch|p1a: Hydreigon|Hydreigon, M|205\/325
|-damage|p1a: Hydreigon|165\/325|[from] Stealth Rock
|turn|17
|
|move|p2a: Hydreigon|Dark Pulse|p1a: Hydreigon
|-resisted|p1a: Hydreigon
|-damage|p1a: Hydreigon|78\/325
|move|p1a: Hydreigon|Draco Meteor|p2a: Hydreigon
|-supereffective|p2a: Hydreigon
|-damage|p2a: Hydreigon|0 fnt
|-unboost|p1a: Hydreigon|spa|2
|faint|p2a: Hydreigon
|
|
|switch|p2a: Toxicroak|Toxicroak, F|307\/307
|turn|18
|
|switch|p2a: Roserade|Roserade, M|188\/323
|switch|p1a: Donphan|Donphan, M|283\/383
|-damage|p1a: Donphan|260\/383|[from] Stealth Rock
|
|turn|19
|
|switch|p1a: Beedrill|Beedrill-Mega, M|174\/271
|-damage|p1a: Beedrill|107\/271|[from] Stealth Rock
|move|p2a: Roserade|Sleep Powder|p1a: Beedrill|[miss]
|-miss|p2a: Roserade|p1a: Beedrill
|
|turn|20
|
|switch|p2a: Toxicroak|Toxicroak, F|307\/307
|move|p1a: Beedrill|Poison Jab|p2a: Toxicroak
|-crit|p2a: Toxicroak
|-resisted|p2a: Toxicroak
|-damage|p2a: Toxicroak|71\/307
|
|turn|21
|
|move|p2a: Toxicroak|Sucker Punch|p1a: Beedrill
|-damage|p1a: Beedrill|0 fnt
|-damage|p2a: Toxicroak|41\/307|[from] item: Life Orb
|faint|p1a: Beedrill
|
|
|switch|p1a: Mienshao|Mienshao, F|271\/271
|-damage|p1a: Mienshao|255\/271|[from] Stealth Rock
|turn|22
|
|move|p2a: Toxicroak|Sucker Punch|p1a: Mienshao
|-resisted|p1a: Mienshao
|-damage|p1a: Mienshao|177\/271
|-damage|p2a: Toxicroak|11\/307|[from] item: Life Orb
|move|p1a: Mienshao|High Jump Kick|p2a: Toxicroak
|-resisted|p2a: Toxicroak
|-damage|p2a: Toxicroak|0 fnt
|-damage|p1a: Mienshao|150\/271|[from] item: Life Orb
|faint|p2a: Toxicroak
|
|
|switch|p2a: Darmanitan|Darmanitan, F|351\/351
|turn|23
|
|move|p2a: Darmanitan|Flare Blitz|p1a: Mienshao
|-crit|p1a: Mienshao
|-damage|p1a: Mienshao|0 fnt
|-damage|p2a: Darmanitan|301\/351|[from] recoil|[of] p1a: Mienshao
|faint|p1a: Mienshao
|
|
|switch|p1a: Donphan|Donphan, M|260\/383
|-damage|p1a: Donphan|237\/383|[from] Stealth Rock
|turn|24
|
|move|p2a: Darmanitan|Flare Blitz|p1a: Donphan
|-damage|p1a: Donphan|0 fnt
|-damage|p2a: Darmanitan|223\/351|[from] recoil|[of] p1a: Donphan
|faint|p1a: Donphan
|
|
|switch|p1a: Swampert|Swampert, M|268\/404
|-damage|p1a: Swampert|243\/404|[from] Stealth Rock
|turn|25
|
|switch|p2a: Roserade|Roserade, M|188\/323
|move|p1a: Swampert|Earthquake|p2a: Roserade
|-damage|p2a: Roserade|25\/323
|
|-heal|p1a: Swampert|268\/404|[from] item: Leftovers
|turn|26
|
|switch|p2a: Darmanitan|Darmanitan, F|223\/351
|switch|p1a: Hydreigon|Hydreigon, M|78\/325
|-damage|p1a: Hydreigon|38\/325|[from] Stealth Rock
|
|turn|27
|
|move|p2a: Darmanitan|U-turn|p1a: Hydreigon
|-supereffective|p1a: Hydreigon
|-damage|p1a: Hydreigon|0 fnt
|faint|p1a: Hydreigon
|
|switch|p2a: Roserade|Roserade, M|25\/323
|
|
|switch|p1a: Swampert|Swampert, M|268\/404
|-damage|p1a: Swampert|243\/404|[from] Stealth Rock
|turn|28
|
|move|p2a: Roserade|Giga Drain|p1a: Swampert
|-supereffective|p1a: Swampert
|-damage|p1a: Swampert|0 fnt
|-heal|p2a: Roserade|147\/323|[from] drain|[of] p1a: Swampert
|faint|p1a: Swampert
|
|win|jiajin32
|raw|Ladder updating...
|raw|ChaosZXD's rating: 1484 &rarr; <strong>1456<\/strong><br \/>(-28 for losing)
|raw|jiajin32's rating: 1340 &rarr; <strong>1368<\/strong><br \/>(+28 for winning)