|join|EliteMaster975
|join|jiajin32
|player|p1|EliteMaster975|1
|player|p2|jiajin32|1
|gametype|singles
|gen|6
|tier|UU
|rated
|rule|Sleep Clause Mod: Limit one foe put to sleep
|rule|Species Clause: Limit one of each Pokémon
|rule|OHKO Clause: OHKO moves are banned
|rule|Moody Clause: Moody is banned
|rule|Evasion Moves Clause: Evasion moves are banned
|rule|Endless Battle Clause: Forcing endless battles is banned
|rule|HP Percentage Mod: HP is shown in percentages
|clearpoke
|poke|p1|Ampharos, M
|poke|p1|Chandelure, F
|poke|p1|Togetic, M
|poke|p1|Starmie
|poke|p1|Cobalion
|poke|p1|Krookodile, F
|poke|p2|Abomasnow, M
|poke|p2|Infernape, F
|poke|p2|Jirachi
|poke|p2|Starmie
|poke|p2|Nidoqueen, F
|poke|p2|Hydreigon, F
|rule|Swagger Clause: Swagger is banned
|rule|Baton Pass Clause: Limit one Pokémon knowing Baton Pass
|teampreview
|
|start
|switch|p1a: Ampharos|Ampharos, M|384\/384
|switch|p2a: Nidoqueen|Nidoqueen, F|321\/321
|turn|1
|
|detailschange|p1a: Ampharos|Ampharos-Mega, M
|-mega|p1a: Ampharos|Ampharos|Ampharosite
|-ability|p1a: Ampharos|Mold Breaker
|move|p2a: Nidoqueen|Sludge Wave|p1a: Ampharos
|-crit|p1a: Ampharos
|-damage|p1a: Ampharos|119\/384
|move|p1a: Ampharos|Dragon Pulse|p2a: Nidoqueen
|-crit|p2a: Nidoqueen
|-damage|p2a: Nidoqueen|2\/321
|
|turn|2
|
|move|p2a: Nidoqueen|Earth Power|p1a: Ampharos
|-supereffective|p1a: Ampharos
|-damage|p1a: Ampharos|0 fnt
|faint|p1a: Ampharos
|
|
|switch|p1a: Cobalion|Cobalion|324\/324
|turn|3
|
|move|p1a: Cobalion|Iron Head|p2a: Nidoqueen
|-damage|p2a: Nidoqueen|0 fnt
|-damage|p1a: Cobalion|292\/324|[from] item: Life Orb
|faint|p2a: Nidoqueen
|
|
|switch|p2a: Jirachi|Jirachi|404\/404
|turn|4
|
|move|p1a: Cobalion|Close Combat|p2a: Jirachi
|-damage|p2a: Jirachi|182\/404
|-unboost|p1a: Cobalion|def|1
|-unboost|p1a: Cobalion|spd|1
|-damage|p1a: Cobalion|260\/324|[from] item: Life Orb
|move|p2a: Jirachi|Substitute|p2a: Jirachi
|-start|p2a: Jirachi|Substitute
|-damage|p2a: Jirachi|81\/404
|
|-heal|p2a: Jirachi|106\/404|[from] item: Leftovers
|turn|5
|
|move|p1a: Cobalion|Close Combat|p2a: Jirachi
|-end|p2a: Jirachi|Substitute
|-unboost|p1a: Cobalion|def|1
|-unboost|p1a: Cobalion|spd|1
|-damage|p1a: Cobalion|228\/324|[from] item: Life Orb
|move|p2a: Jirachi|Fire Punch|p1a: Cobalion
|-supereffective|p1a: Cobalion
|-damage|p1a: Cobalion|34\/324
|
|-heal|p2a: Jirachi|131\/404|[from] item: Leftovers
|turn|6
|
|switch|p2a: Starmie|Starmie|323\/323
|move|p1a: Cobalion|Close Combat|p2a: Starmie
|-resisted|p2a: Starmie
|-damage|p2a: Starmie|205\/323
|-unboost|p1a: Cobalion|def|1
|-unboost|p1a: Cobalion|spd|1
|-damage|p1a: Cobalion|2\/324|[from] item: Life Orb
|
|-heal|p2a: Starmie|225\/323|[from] item: Leftovers
|turn|7
|
|move|p2a: Starmie|Scald|p1a: Cobalion
|-damage|p1a: Cobalion|0 fnt
|faint|p1a: Cobalion
|
|-heal|p2a: Starmie|245\/323|[from] item: Leftovers
|
|switch|p1a: Chandelure|Chandelure, F|262\/262
|turn|8
|
|switch|p2a: Hydreigon|Hydreigon, F|325\/325
|move|p1a: Chandelure|Shadow Ball|p2a: Hydreigon
|-resisted|p2a: Hydreigon
|-damage|p2a: Hydreigon|227\/325
|-unboost|p2a: Hydreigon|spd|1
|
|turn|9
|
|move|p2a: Hydreigon|U-turn|p1a: Chandelure
|-crit|p1a: Chandelure
|-resisted|p1a: Chandelure
|-damage|p1a: Chandelure|242\/262
|
|switch|p2a: Jirachi|Jirachi|131\/404
|move|p1a: Chandelure|Shadow Ball|p2a: Jirachi
|-supereffective|p2a: Jirachi
|-damage|p2a: Jirachi|0 fnt
|faint|p2a: Jirachi
|
|
|switch|p2a: Hydreigon|Hydreigon, F|227\/325
|turn|10
|
|switch|p1a: Togetic|Togetic, M|314\/314
|move|p2a: Hydreigon|U-turn|p1a: Togetic
|-resisted|p1a: Togetic
|-damage|p1a: Togetic|308\/314
|
|switch|p2a: Abomasnow|Abomasnow, M|383\/383
|
|turn|11
|
|switch|p1a: Chandelure|Chandelure, F|242\/262
|detailschange|p2a: Abomasnow|Abomasnow-Mega, M
|-mega|p2a: Abomasnow|Abomasnow|Abomasite
|-weather|Hail
|move|p2a: Abomasnow|Earthquake|p1a: Chandelure
|-crit|p1a: Chandelure
|-supereffective|p1a: Chandelure
|-damage|p1a: Chandelure|0 fnt
|faint|p1a: Chandelure
|
|-weather|Hail|[upkeep]
|
|switch|p1a: Krookodile|Krookodile, F|374\/374
|-ability|p1a: Krookodile|Intimidate|[of] p2a: Abomasnow
|-unboost|p2a: Abomasnow|atk|1
|turn|12
|
|switch|p2a: Starmie|Starmie|245\/323
|move|p1a: Krookodile|Stone Edge|p2a: Starmie
|-damage|p2a: Starmie|20\/323
|
|-weather|Hail|[upkeep]
|-damage|p2a: Starmie|0 fnt|[from] hail
|-damage|p1a: Krookodile|351\/374|[from] hail
|faint|p2a: Starmie
|
|switch|p2a: Infernape|Infernape, F|293\/293
|turn|13
|
|move|p2a: Infernape|Grass Knot|p1a: Krookodile
|-supereffective|p1a: Krookodile
|-damage|p1a: Krookodile|62\/374
|-damage|p2a: Infernape|264\/293|[from] item: Life Orb
|move|p1a: Krookodile|Stone Edge|p2a: Infernape
|-damage|p2a: Infernape|30\/293
|
|-weather|Hail|[upkeep]
|-damage|p2a: Infernape|12\/293|[from] hail
|-damage|p1a: Krookodile|39\/374|[from] hail
|turn|14
|
|switch|p1a: Togetic|Togetic, M|308\/314
|move|p2a: Infernape|Vacuum Wave|p1a: Togetic
|-resisted|p1a: Togetic
|-damage|p1a: Togetic|296\/314
|-damage|p2a: Infernape|0 fnt|[from] item: Life Orb
|faint|p2a: Infernape
|
|-weather|Hail|[upkeep]
|-damage|p1a: Togetic|277\/314|[from] hail
|
|switch|p2a: Abomasnow|Abomasnow-Mega, M|383\/383
|turn|15
|
|move|p1a: Togetic|Roost|p1a: Togetic
|-heal|p1a: Togetic|314\/314
|move|p2a: Abomasnow|Swords Dance|p2a: Abomasnow
|-boost|p2a: Abomasnow|atk|2
|
|-weather|none
|turn|16
|
|move|p2a: Abomasnow|Ice Shard|p1a: Togetic
|-supereffective|p1a: Togetic
|-damage|p1a: Togetic|120\/314
|move|p1a: Togetic|Toxic|p2a: Abomasnow
|-status|p2a: Abomasnow|tox
|
|-damage|p2a: Abomasnow|360\/383 tox|[from] psn
|turn|17
|
|switch|p1a: Starmie|Starmie|262\/262
|move|p2a: Abomasnow|Ice Shard|p1a: Starmie
|-resisted|p1a: Starmie
|-damage|p1a: Starmie|171\/262
|
|-damage|p2a: Abomasnow|314\/383 tox|[from] psn
|turn|18
|
|move|p1a: Starmie|Psyshock|p2a: Abomasnow
|-damage|p2a: Abomasnow|162\/383 tox
|-damage|p1a: Starmie|145\/262|[from] item: Life Orb
|move|p2a: Abomasnow|Seed Bomb|p1a: Starmie
|-supereffective|p1a: Starmie
|-damage|p1a: Starmie|0 fnt
|faint|p1a: Starmie
|
|-damage|p2a: Abomasnow|93\/383 tox|[from] psn
|
|switch|p1a: Togetic|Togetic, M|120\/314
|turn|19
|
|move|p2a: Abomasnow|Ice Shard|p1a: Togetic
|-supereffective|p1a: Togetic
|-damage|p1a: Togetic|0 fnt
|faint|p1a: Togetic
|
|-damage|p2a: Abomasnow|1\/383 tox|[from] psn
|
|switch|p1a: Krookodile|Krookodile, F|39\/374
|-ability|p1a: Krookodile|Intimidate|[of] p2a: Abomasnow
|-unboost|p2a: Abomasnow|atk|1
|turn|20
|
|move|p2a: Abomasnow|Ice Shard|p1a: Krookodile
|-supereffective|p1a: Krookodile
|-damage|p1a: Krookodile|0 fnt
|faint|p1a: Krookodile
|
|win|jiajin32
|raw|Ladder updating...
|raw|EliteMaster975's rating: 1318 &rarr; <strong>1306<\/strong><br \/>(-12 for losing)
|raw|jiajin32's rating: 1460 &rarr; <strong>1472<\/strong><br \/>(+12 for winning)
|leave|EliteMaster975
|player|p1