|join|jiajin32
|join|thientoan341
|player|p1|jiajin32|1
|player|p2|thientoan341|170
|gametype|singles
|gen|6
|tier|UU
|rated
|rule|Sleep Clause Mod: Limit one foe put to sleep
|rule|Species Clause: Limit one of each Pokémon
|rule|OHKO Clause: OHKO moves are banned
|rule|Moody Clause: Moody is banned
|rule|Evasion Moves Clause: Evasion moves are banned
|rule|Endless Battle Clause: Forcing endless battles is banned
|rule|HP Percentage Mod: HP is shown in percentages
|clearpoke
|poke|p1|Abomasnow, F
|poke|p1|Infernape, M
|poke|p1|Jirachi
|poke|p1|Starmie
|poke|p1|Nidoqueen, F
|poke|p1|Hydreigon, M
|poke|p2|Entei
|poke|p2|Blissey, F
|poke|p2|Lucario, F
|poke|p2|Donphan, M
|poke|p2|Alakazam, F
|poke|p2|Raikou, shiny
|rule|Swagger Clause: Swagger is banned
|rule|Baton Pass Clause: Limit one Pokémon knowing Baton Pass
|teampreview
|
|start
|switch|p1a: Starmie|Starmie|323\/323
|switch|p2a: Donphan|Donphan, M|384\/384
|turn|1
|
|move|p1a: Starmie|Scald|p2a: Donphan
|-supereffective|p2a: Donphan
|-damage|p2a: Donphan|106\/384
|move|p2a: Donphan|Knock Off|p1a: Starmie
|-supereffective|p1a: Starmie
|-damage|p1a: Starmie|47\/323
|-enditem|p1a: Starmie|Leftovers|[from] move: Knock Off|[of] p2a: Donphan
|
|-heal|p2a: Donphan|130\/384|[from] item: Leftovers
|turn|2
|
|switch|p2a: Blissey|Blissey, F|652\/652
|move|p1a: Starmie|Scald|p2a: Blissey
|-damage|p2a: Blissey|588\/652
|
|-heal|p2a: Blissey|628\/652|[from] item: Leftovers
|turn|3
|
|switch|p1a: Jirachi|Jirachi|404\/404
|move|p2a: Blissey|Stealth Rock|p1a: Jirachi
|-sidestart|p1: jiajin32|move: Stealth Rock
|
|-heal|p2a: Blissey|652\/652|[from] item: Leftovers
|turn|4
|
|move|p1a: Jirachi|Substitute|p1a: Jirachi
|-start|p1a: Jirachi|Substitute
|-damage|p1a: Jirachi|303\/404
|move|p2a: Blissey|Counter|p1a: Jirachi
|-fail|p1a: Jirachi
|
|-heal|p1a: Jirachi|328\/404|[from] item: Leftovers
|turn|5
|
|move|p1a: Jirachi|Toxic|p2a: Blissey
|-status|p2a: Blissey|tox
|move|p2a: Blissey|Seismic Toss|p1a: Jirachi
|-activate|p1a: Jirachi|Substitute|[damage]
|
|-heal|p1a: Jirachi|353\/404|[from] item: Leftovers
|-damage|p2a: Blissey|612\/652 tox|[from] psn
|turn|6
|
|switch|p2a: Raikou|Raikou, shiny|321\/321
|-ability|p2a: Raikou|Pressure
|move|p1a: Jirachi|Iron Head|p2a: Raikou
|-resisted|p2a: Raikou
|-damage|p2a: Raikou|260\/321
|
|-heal|p1a: Jirachi|378\/404|[from] item: Leftovers
|turn|7
|
|move|p2a: Raikou|Volt Switch|p1a: Jirachi
|-end|p1a: Jirachi|Substitute
|
|switch|p2a: Lucario|Lucario, F|281\/281
|move|p1a: Jirachi|Fire Punch|p2a: Lucario
|-supereffective|p2a: Lucario
|-damage|p2a: Lucario|115\/281
|
|-heal|p1a: Jirachi|403\/404|[from] item: Leftovers
|turn|8
|
|move|p1a: Jirachi|Fire Punch|p2a: Lucario
|-supereffective|p2a: Lucario
|-damage|p2a: Lucario|0 fnt
|faint|p2a: Lucario
|
|-heal|p1a: Jirachi|404\/404|[from] item: Leftovers
|
|switch|p2a: Entei|Entei|434\/434
|-ability|p2a: Entei|Pressure
|turn|9
|
|switch|p1a: Starmie|Starmie|47\/323
|-damage|p1a: Starmie|7\/323|[from] Stealth Rock
|move|p2a: Entei|Sacred Fire|p1a: Starmie
|-resisted|p1a: Starmie
|-damage|p1a: Starmie|0 fnt
|faint|p1a: Starmie
|
|
|switch|p1a: Nidoqueen|Nidoqueen, F|321\/321
|-damage|p1a: Nidoqueen|301\/321|[from] Stealth Rock
|turn|10
|
|switch|p2a: Blissey|Blissey, F|612\/652
|move|p1a: Nidoqueen|Stealth Rock|p2a: Blissey
|-sidestart|p2: thientoan341|move: Stealth Rock
|
|-heal|p2a: Blissey|652\/652|[from] item: Leftovers
|turn|11
|
|switch|p1a: Jirachi|Jirachi|404\/404
|-damage|p1a: Jirachi|379\/404|[from] Stealth Rock
|move|p2a: Blissey|Seismic Toss|p1a: Jirachi
|-damage|p1a: Jirachi|279\/404
|
|-heal|p1a: Jirachi|304\/404|[from] item: Leftovers
|turn|12
|
|switch|p2a: Entei|Entei|434\/434
|-damage|p2a: Entei|326\/434|[from] Stealth Rock
|-ability|p2a: Entei|Pressure
|move|p1a: Jirachi|Toxic|p2a: Entei
|-status|p2a: Entei|tox
|
|-heal|p1a: Jirachi|329\/404|[from] item: Leftovers
|-heal|p2a: Entei|353\/434 tox|[from] item: Leftovers
|-damage|p2a: Entei|326\/434 tox|[from] psn
|turn|13
|
|move|p1a: Jirachi|Substitute|p1a: Jirachi
|-start|p1a: Jirachi|Substitute
|-damage|p1a: Jirachi|228\/404
|move|p2a: Entei|Sacred Fire|p1a: Jirachi
|-supereffective|p1a: Jirachi
|-end|p1a: Jirachi|Substitute
|
|-heal|p1a: Jirachi|253\/404|[from] item: Leftovers
|-heal|p2a: Entei|353\/434 tox|[from] item: Leftovers
|-damage|p2a: Entei|299\/434 tox|[from] psn
|turn|14
|
|move|p1a: Jirachi|Iron Head|p2a: Entei
|-resisted|p2a: Entei
|-damage|p2a: Entei|263\/434 tox
|cant|p2a: Entei|flinch
|
|-heal|p1a: Jirachi|278\/404|[from] item: Leftovers
|-heal|p2a: Entei|290\/434 tox|[from] item: Leftovers
|-damage|p2a: Entei|209\/434 tox|[from] psn
|turn|15
|
|switch|p1a: Hydreigon|Hydreigon, M|325\/325
|-damage|p1a: Hydreigon|285\/325|[from] Stealth Rock
|move|p2a: Entei|Sacred Fire|p1a: Hydreigon
|-resisted|p1a: Hydreigon
|-damage|p1a: Hydreigon|208\/325
|-status|p1a: Hydreigon|brn
|
|-heal|p2a: Entei|236\/434 tox|[from] item: Leftovers
|-damage|p1a: Hydreigon|168\/325 brn|[from] brn
|-damage|p2a: Entei|128\/434 tox|[from] psn
|turn|16
|
|move|p2a: Entei|Protect|p2a: Entei
|-singleturn|p2a: Entei|Protect
|move|p1a: Hydreigon|U-turn|p2a: Entei
|-activate|p2a: Entei|Protect
|
|-heal|p2a: Entei|155\/434 tox|[from] item: Leftovers
|-damage|p1a: Hydreigon|128\/325 brn|[from] brn
|-damage|p2a: Entei|20\/434 tox|[from] psn
|turn|17
|
|move|p2a: Entei|Protect|p2a: Entei
|-fail|p2a: Entei
|move|p1a: Hydreigon|U-turn|p2a: Entei
|-resisted|p2a: Entei
|-damage|p2a: Entei|11\/434 tox
|
|switch|p1a: Jirachi|Jirachi|278\/404
|-damage|p1a: Jirachi|253\/404|[from] Stealth Rock
|
|-heal|p1a: Jirachi|278\/404|[from] item: Leftovers
|-heal|p2a: Entei|38\/434 tox|[from] item: Leftovers
|-damage|p2a: Entei|0 fnt|[from] psn
|faint|p2a: Entei
|
|switch|p2a: Donphan|Donphan, M|130\/384
|-damage|p2a: Donphan|106\/384|[from] Stealth Rock
|turn|18
|
|move|p1a: Jirachi|Fire Punch|p2a: Donphan
|-damage|p2a: Donphan|53\/384
|move|p2a: Donphan|Knock Off|p1a: Jirachi
|-supereffective|p1a: Jirachi
|-damage|p1a: Jirachi|52\/404
|-enditem|p1a: Jirachi|Leftovers|[from] move: Knock Off|[of] p2a: Donphan
|
|-heal|p2a: Donphan|77\/384|[from] item: Leftovers
|turn|19
|
|move|p2a: Donphan|Ice Shard|p1a: Jirachi
|-resisted|p1a: Jirachi
|-damage|p1a: Jirachi|27\/404
|move|p1a: Jirachi|Fire Punch|p2a: Donphan
|-damage|p2a: Donphan|27\/384
|
|-heal|p2a: Donphan|51\/384|[from] item: Leftovers
|turn|20
|
|move|p1a: Jirachi|Iron Head|p2a: Donphan
|-damage|p2a: Donphan|0 fnt
|faint|p2a: Donphan
|
|
|switch|p2a: Alakazam|Alakazam, F|251\/251
|turn|21
|
|move|p2a: Alakazam|Dazzling Gleam|p1a: Jirachi
|-resisted|p1a: Jirachi
|-damage|p1a: Jirachi|0 fnt
|faint|p1a: Jirachi
|
|
|switch|p1a: Nidoqueen|Nidoqueen, F|301\/321
|-damage|p1a: Nidoqueen|281\/321|[from] Stealth Rock
|turn|22
|
|move|p2a: Alakazam|Psyshock|p1a: Nidoqueen
|-supereffective|p1a: Nidoqueen
|-damage|p1a: Nidoqueen|0 fnt
|faint|p1a: Nidoqueen
|
|
|switch|p1a: Hydreigon|Hydreigon, M|128\/325 brn
|-damage|p1a: Hydreigon|88\/325 brn|[from] Stealth Rock
|turn|23
|
|move|p1a: Hydreigon|Dark Pulse|p2a: Alakazam
|-supereffective|p2a: Alakazam
|-enditem|p2a: Alakazam|Focus Sash
|-damage|p2a: Alakazam|1\/251
|move|p2a: Alakazam|Dazzling Gleam|p1a: Hydreigon
|-supereffective|p1a: Hydreigon
|-damage|p1a: Hydreigon|0 fnt
|faint|p1a: Hydreigon
|
|
|switch|p1a: Infernape|Infernape, M|293\/293
|-damage|p1a: Infernape|257\/293|[from] Stealth Rock
|turn|24
|
|move|p1a: Infernape|Vacuum Wave|p2a: Alakazam
|-resisted|p2a: Alakazam
|-damage|p2a: Alakazam|0 fnt
|-damage|p1a: Infernape|228\/293|[from] item: Life Orb
|faint|p2a: Alakazam
|
|
|switch|p2a: Blissey|Blissey, F|652\/652
|-damage|p2a: Blissey|571\/652|[from] Stealth Rock
|turn|25
|
|move|p1a: Infernape|Nasty Plot|p1a: Infernape
|-boost|p1a: Infernape|spa|2
|move|p2a: Blissey|Seismic Toss|p1a: Infernape
|-damage|p1a: Infernape|128\/293
|
|-heal|p2a: Blissey|611\/652|[from] item: Leftovers
|turn|26
|
|move|p1a: Infernape|Nasty Plot|p1a: Infernape
|-boost|p1a: Infernape|spa|2
|move|p2a: Blissey|Seismic Toss|p1a: Infernape
|-damage|p1a: Infernape|28\/293
|
|-heal|p2a: Blissey|651\/652|[from] item: Leftovers
|turn|27
|
|move|p1a: Infernape|Fire Blast|p2a: Blissey
|-damage|p2a: Blissey|23\/652
|-damage|p1a: Infernape|0 fnt|[from] item: Life Orb
|faint|p1a: Infernape
|move|p2a: Blissey|Seismic Toss|p1: Infernape|[notarget]
|-notarget
|
|-heal|p2a: Blissey|63\/652|[from] item: Leftovers
|
|switch|p1a: Abomasnow|Abomasnow, F|383\/383
|-damage|p1a: Abomasnow|288\/383|[from] Stealth Rock
|turn|28
|
|detailschange|p1a: Abomasnow|Abomasnow-Mega, F
|-mega|p1a: Abomasnow|Abomasnow|Abomasite
|-weather|Hail
|move|p1a: Abomasnow|Earthquake|p2a: Blissey
|-damage|p2a: Blissey|0 fnt
|faint|p2a: Blissey
|
|-weather|Hail|[upkeep]
|
|switch|p2a: Raikou|Raikou, shiny|260\/321
|-damage|p2a: Raikou|220\/321|[from] Stealth Rock
|-ability|p2a: Raikou|Pressure
|turn|29
|
|move|p2a: Raikou|Signal Beam|p1a: Abomasnow
|-supereffective|p1a: Abomasnow
|-damage|p1a: Abomasnow|110\/383
|move|p1a: Abomasnow|Earthquake|p2a: Raikou
|-supereffective|p2a: Raikou
|-damage|p2a: Raikou|0 fnt
|faint|p2a: Raikou
|
|win|jiajin32
|raw|Ladder updating...
|raw|jiajin32's rating: 1471 &rarr; <strong>1492<\/strong><br \/>(+21 for winning)
|raw|thientoan341's rating: 1482 &rarr; <strong>1461<\/strong><br \/>(-21 for losing)
|leave|thientoan341
|player|p2