|join|miasmata
|join|lil manaphy
|player|p1|miasmata|170
|player|p2|lil manaphy|9
|gametype|singles
|gen|6
|tier|OU
|rated
|clearpoke
|poke|p1|Diancie
|poke|p1|Landorus, M
|poke|p1|Scizor, M
|poke|p1|Keldeo
|poke|p1|Celebi
|poke|p1|Heatran, F
|poke|p2|Lopunny, F
|poke|p2|Manaphy
|poke|p2|Celebi
|poke|p2|Heatran, M
|poke|p2|Mandibuzz, F
|poke|p2|Kyurem-Black
|rule|Swagger Clause: Swagger is banned
|rule|Baton Pass Clause: Limit one Pokémon knowing Baton Pass
|rule|Sleep Clause Mod: Limit one foe put to sleep
|rule|Species Clause: Limit one of each Pokémon
|rule|OHKO Clause: OHKO moves are banned
|rule|Moody Clause: Moody is banned
|rule|Evasion Moves Clause: Evasion moves are banned
|rule|Endless Battle Clause: Forcing endless battles is banned
|rule|HP Percentage Mod: HP is shown in percentages
|teampreview
|
|start
|switch|p1a: Celebi|Celebi|402\/402
|switch|p2a: Lopunny|Lopunny, F|271\/271
|turn|1
|
|detailschange|p2a: Lopunny|Lopunny-Mega, F
|-mega|p2a: Lopunny|Lopunny|Lopunnite
|move|p2a: Lopunny|Fake Out|p1a: Celebi
|-damage|p1a: Celebi|341\/402
|cant|p1a: Celebi|flinch
|
|-heal|p1a: Celebi|366\/402|[from] item: Leftovers
|turn|2
|
|move|p2a: Lopunny|Power-Up Punch|p1a: Celebi
|-resisted|p1a: Celebi
|-damage|p1a: Celebi|337\/402
|-boost|p2a: Lopunny|atk|1
|move|p1a: Celebi|Stealth Rock|p2a: Lopunny
|-sidestart|p2: lil manaphy|move: Stealth Rock
|
|-heal|p1a: Celebi|362\/402|[from] item: Leftovers
|turn|3
|
|move|p2a: Lopunny|Return|p1a: Celebi
|-damage|p1a: Celebi|146\/402
|move|p1a: Celebi|Psychic|p2a: Lopunny
|-supereffective|p2a: Lopunny
|-damage|p2a: Lopunny|55\/271
|
|-heal|p1a: Celebi|171\/402|[from] item: Leftovers
|turn|4
|
|move|p2a: Lopunny|Return|p1a: Celebi
|-damage|p1a: Celebi|0 fnt
|faint|p1a: Celebi
|
|
|switch|p1a: Heatran|Heatran, F|323\/323
|turn|5
|
|move|p1a: Heatran|Fire Blast|p2a: Lopunny
|-damage|p2a: Lopunny|0 fnt
|faint|p2a: Lopunny
|
|
|switch|p2a: Heatran|Heatran, M|386\/386
|-damage|p2a: Heatran|338\/386|[from] Stealth Rock
|turn|6
|
|switch|p1a: Landorus|Landorus, M|319\/319
|move|p2a: Heatran|Stealth Rock|p1a: Landorus
|-sidestart|p1: miasmata|move: Stealth Rock
|
|-heal|p2a: Heatran|362\/386|[from] item: Leftovers
|turn|7
|
|switch|p2a: Celebi|Celebi|404\/404
|-damage|p2a: Celebi|354\/404|[from] Stealth Rock
|move|p1a: Landorus|Sludge Wave|p2a: Celebi
|-crit|p2a: Celebi
|-supereffective|p2a: Celebi
|-damage|p2a: Celebi|0 fnt
|faint|p2a: Celebi
|
|
|switch|p2a: Manaphy|Manaphy|341\/341
|-damage|p2a: Manaphy|299\/341|[from] Stealth Rock
|turn|8
|
|move|p1a: Landorus|Earth Power|p2a: Manaphy
|-damage|p2a: Manaphy|18\/341
|move|p2a: Manaphy|Scald|p1a: Landorus
|-supereffective|p1a: Landorus
|-damage|p1a: Landorus|29\/319
|
|-heal|p2a: Manaphy|39\/341|[from] item: Leftovers
|turn|9
|
|move|p1a: Landorus|Sludge Wave|p2a: Manaphy
|-crit|p2a: Manaphy
|-damage|p2a: Manaphy|0 fnt
|faint|p2a: Manaphy
|
|
|switch|p2a: Mandibuzz|Mandibuzz, F|423\/423
|-damage|p2a: Mandibuzz|318\/423|[from] Stealth Rock
|turn|10
|
|switch|p1a: Diancie|Diancie|243\/243
|-damage|p1a: Diancie|213\/243|[from] Stealth Rock
|move|p2a: Mandibuzz|Foul Play|p1a: Diancie
|-resisted|p1a: Diancie
|-damage|p1a: Diancie|177\/243
|
|turn|11
|-message|lil manaphy forfeited.
|leave|lil manaphy
|
|win|miasmata
|raw|Ladder updating...
|raw|miasmata's rating: 1707 &rarr; <strong>1725<\/strong><br \/>(+18 for winning)
|raw|lil manaphy's rating: 1667 &rarr; <strong>1649<\/strong><br \/>(-18 for losing)
|player|p2