|join|MajinYoshi
|join|Toreutic
|player|p1|MajinYoshi|33
|player|p2|Toreutic|126
|gametype|singles
|gen|6
|tier|UU
|rated
|rule|Sleep Clause Mod: Limit one foe put to sleep
|rule|Species Clause: Limit one of each Pokémon
|rule|OHKO Clause: OHKO moves are banned
|rule|Moody Clause: Moody is banned
|rule|Evasion Moves Clause: Evasion moves are banned
|rule|Endless Battle Clause: Forcing endless battles is banned
|rule|HP Percentage Mod: HP is shown in percentages
|clearpoke
|poke|p1|Meloetta
|poke|p1|Roserade, F
|poke|p1|Toxicroak, M
|poke|p1|Flygon, M
|poke|p1|Jirachi, shiny
|poke|p1|Rotom-Heat
|poke|p2|Machamp, F
|poke|p2|Zoroark, F
|poke|p2|Espeon, M
|poke|p2|Mienshao, M
|poke|p2|Nidoking, M
|poke|p2|Infernape, F
|rule|Swagger Clause: Swagger is banned
|rule|Baton Pass Clause: Limit one Pokémon knowing Baton Pass
|teampreview
|
|start
|switch|p1a: Baxter|Rotom-Heat|241\/241
|switch|p2a: Machamp|Machamp, F|373\/373
|turn|1
|
|move|p1a: Baxter|Volt Switch|p2a: Machamp
|-crit|p2a: Machamp
|-damage|p2a: Machamp|252\/373
|
|switch|p1a: Juliet|Roserade, F|262\/262
|move|p2a: Machamp|Knock Off|p1a: Juliet
|-crit|p1a: Juliet
|-damage|p1a: Juliet|0 fnt
|-enditem|p1a: Juliet|Life Orb|[from] move: Knock Off|[of] p2a: Machamp
|faint|p1a: Juliet
|
|
|switch|p1a: Zoe|Meloetta|382\/382
|turn|2
|
|move|p1a: Zoe|Hyper Voice|p2a: Machamp
|-damage|p2a: Machamp|123\/373
|move|p2a: Machamp|Knock Off|p1a: Zoe
|-supereffective|p1a: Zoe
|-damage|p1a: Zoe|94\/382
|-enditem|p1a: Zoe|Assault Vest|[from] move: Knock Off|[of] p2a: Machamp
|
|turn|3
|
|move|p2a: Machamp|Bullet Punch|p1a: Zoe
|-damage|p1a: Zoe|34\/382
|move|p1a: Zoe|Hyper Voice|p2a: Machamp
|-crit|p2a: Machamp
|-damage|p2a: Machamp|0 fnt
|faint|p2a: Machamp
|
|
|switch|p2a: Infernape|Infernape, F|293\/293
|turn|4
|
|move|p2a: Infernape|Vacuum Wave|p1a: Zoe
|-damage|p1a: Zoe|0 fnt
|-damage|p2a: Infernape|264\/293|[from] item: Life Orb
|faint|p1a: Zoe
|
|
|switch|p1a: Dex|Flygon, M|341\/341
|turn|5
|
|move|p2a: Infernape|Vacuum Wave|p1a: Dex
|-damage|p1a: Dex|240\/341
|-damage|p2a: Infernape|235\/293|[from] item: Life Orb
|move|p1a: Dex|Earthquake|p2a: Infernape
|-supereffective|p2a: Infernape
|-damage|p2a: Infernape|0 fnt
|faint|p2a: Infernape
|
|-heal|p1a: Dex|261\/341|[from] item: Leftovers
|
|switch|p2a: Espeon|Espeon, M|261\/261
|turn|6
|
|switch|p1a: Melissa|Jirachi, shiny|404\/404
|move|p2a: Espeon|Knock Off|p1a: Melissa
|-crit|p1a: Melissa
|-supereffective|p1a: Melissa
|-damage|p1a: Melissa|0 fnt
|-enditem|p1a: Melissa|Leftovers|[from] move: Knock Off|[of] p2a: Espeon
|faint|p1a: Melissa
|
|
|switch|p1a: Zed|Toxicroak, M|307\/307
|turn|7
|
|switch|p2a: Nidoking|Nidoking, M|304\/304
|move|p1a: Zed|Swords Dance|p1a: Zed
|-boost|p1a: Zed|atk|2
|
|turn|8
|
|move|p2a: Nidoking|Earth Power|p1a: Zed
|-crit|p1a: Zed
|-supereffective|p1a: Zed
|-enditem|p1a: Zed|Focus Sash
|-damage|p1a: Zed|1\/307
|move|p1a: Zed|Drain Punch|p2a: Nidoking
|-resisted|p2a: Nidoking
|-damage|p2a: Nidoking|133\/304
|-heal|p1a: Zed|87\/307|[from] drain|[of] p2a: Nidoking
|
|turn|9
|
|move|p1a: Zed|Sucker Punch|p2a: Nidoking
|-damage|p2a: Nidoking|0 fnt
|faint|p2a: Nidoking
|
|
|switch|p2a: Espeon|Espeon, M|272\/272
|turn|10
|
|move|p2a: Espeon|Psyshock|p1a: Zed
|-supereffective|p1a: Zed
|-damage|p1a: Zed|0 fnt
|faint|p1a: Zed
|
|
|switch|p1a: Baxter|Rotom-Heat|241\/241
|turn|11
|c|★MajinYoshi|this lag
|
|move|p1a: Baxter|Thunderbolt|p2a: Espeon
|-damage|p2a: Espeon|137\/272
|move|p2a: Espeon|Psyshock|p1a: Baxter
|-damage|p1a: Baxter|96\/241
|
|turn|12
|
|move|p1a: Baxter|Thunderbolt|p2a: Espeon
|-damage|p2a: Espeon|2\/272
|move|p2a: Espeon|Psyshock|p1a: Baxter
|-damage|p1a: Baxter|0 fnt
|faint|p1a: Baxter
|
|
|switch|p1a: Dex|Flygon, M|261\/341
|turn|13
|
|move|p2a: Espeon|Psyshock|p1a: Dex
|-damage|p1a: Dex|96\/341
|move|p1a: Dex|Earthquake|p2a: Espeon
|-damage|p2a: Espeon|0 fnt
|faint|p2a: Espeon
|
|-heal|p1a: Dex|117\/341|[from] item: Leftovers
|
|switch|p2a: Mienshao|Mienshao, M|271\/271
|turn|14
|
|move|p2a: Mienshao|Knock Off|p1a: Dex
|-damage|p1a: Dex|0 fnt
|-enditem|p1a: Dex|Leftovers|[from] move: Knock Off|[of] p2a: Mienshao
|faint|p1a: Dex
|
|win|Toreutic
|raw|Ladder updating...
|raw|MajinYoshi's rating: 1392 &rarr; <strong>1378<\/strong><br \/>(-14 for losing)
|raw|Toreutic's rating: 1500 &rarr; <strong>1514<\/strong><br \/>(+14 for winning)