|join|Emblema de Fuego
|join|Toreutic
|player|p1|Emblema de Fuego|283
|player|p2|Toreutic|126
|gametype|singles
|gen|6
|tier|UU
|rated
|rule|Sleep Clause Mod: Limit one foe put to sleep
|rule|Species Clause: Limit one of each Pokémon
|rule|OHKO Clause: OHKO moves are banned
|rule|Moody Clause: Moody is banned
|rule|Evasion Moves Clause: Evasion moves are banned
|rule|Endless Battle Clause: Forcing endless battles is banned
|rule|HP Percentage Mod: HP is shown in percentages
|clearpoke
|poke|p1|Fletchinder, F, shiny
|poke|p1|Raikou, shiny
|poke|p1|Absol, M
|poke|p1|Donphan, M
|poke|p1|Zygarde
|poke|p1|Uxie
|poke|p2|Mienshao, M
|poke|p2|Bronzong
|poke|p2|Reuniclus, F
|poke|p2|Ursaring, F
|poke|p2|Ampharos, M
|poke|p2|Ambipom, F
|rule|Swagger Clause: Swagger is banned
|rule|Baton Pass Clause: Limit one Pokémon knowing Baton Pass
|teampreview
|
|start
|switch|p1a: D-Angelo|Absol, M|271\/271
|switch|p2a: Bronzong|Bronzong|338\/338
|turn|1
|
|switch|p2a: Ampharos|Ampharos, M|384\/384
|detailschange|p1a: D-Angelo|Absol-Mega, M
|message|Absol has Mega Evolved into Mega Absol!
|move|p1a: D-Angelo|Will-O-Wisp|p2a: Ampharos|[miss]
|-miss|p1a: D-Angelo|p2a: Ampharos
|
|turn|2
|
|switch|p1a: Uzzi|Uxie|353\/353
|detailschange|p2a: Ampharos|Ampharos-Mega, M
|message|Ampharos has Mega Evolved into Mega Ampharos!
|-ability|p2a: Ampharos|Mold Breaker
|move|p2a: Ampharos|Dragon Pulse|p1a: Uzzi
|-damage|p1a: Uzzi|214\/353
|
|-heal|p1a: Uzzi|236\/353|[from] item: Leftovers
|turn|3
|
|move|p1a: Uzzi|Yawn|p2a: Ampharos
|-start|p2a: Ampharos|move: Yawn|[of] p1a: Uzzi
|move|p2a: Ampharos|Volt Switch|p1a: Uzzi
|-damage|p1a: Uzzi|130\/353
|
|switch|p2a: Mienshao|Mienshao, M|271\/271
|
|-heal|p1a: Uzzi|152\/353|[from] item: Leftovers
|turn|4
|
|switch|p1a: Rodolfo|Donphan, M|383\/383
|move|p2a: Mienshao|U-turn|p1a: Rodolfo
|-damage|p1a: Rodolfo|324\/383
|
|switch|p2a: Reuniclus|Reuniclus, F|424\/424
|
|-heal|p1a: Rodolfo|347\/383|[from] item: Leftovers
|turn|5
|
|switch|p1a: Uzzi|Uxie|152\/353
|move|p2a: Reuniclus|Energy Ball|p1a: Uzzi
|-damage|p1a: Uzzi|51\/353
|-damage|p2a: Reuniclus|382\/424|[from] item: Life Orb
|
|-heal|p1a: Uzzi|73\/353|[from] item: Leftovers
|turn|6
|
|move|p1a: Uzzi|Stealth Rock|p2a: Reuniclus
|-sidestart|p2: Toreutic|move: Stealth Rock
|move|p2a: Reuniclus|Energy Ball|p1a: Uzzi
|-damage|p1a: Uzzi|0 fnt
|-damage|p2a: Reuniclus|340\/424|[from] item: Life Orb
|faint|p1a: Uzzi
|
|
|switch|p1a: Lagarton|Zygarde|419\/419
|-ability|p1a: Lagarton|Aura Break
|turn|7
|
|move|p1a: Lagarton|Substitute|p1a: Lagarton
|-start|p1a: Lagarton|Substitute
|-damage|p1a: Lagarton|315\/419
|move|p2a: Reuniclus|Trick Room|p2a: Reuniclus
|-fieldstart|move: Trick Room|[of] p2a: Reuniclus
|
|-heal|p1a: Lagarton|341\/419|[from] item: Leftovers
|turn|8
|
|move|p2a: Reuniclus|Psyshock|p1a: Lagarton
|-end|p1a: Lagarton|Substitute
|-damage|p2a: Reuniclus|298\/424|[from] item: Life Orb
|move|p1a: Lagarton|Coil|p1a: Lagarton
|-boost|p1a: Lagarton|atk|1
|-boost|p1a: Lagarton|def|1
|-boost|p1a: Lagarton|accuracy|1
|
|-heal|p1a: Lagarton|367\/419|[from] item: Leftovers
|turn|9
|
|move|p2a: Reuniclus|Psyshock|p1a: Lagarton
|-damage|p1a: Lagarton|257\/419
|-damage|p2a: Reuniclus|256\/424|[from] item: Life Orb
|move|p1a: Lagarton|Substitute|p1a: Lagarton
|-start|p1a: Lagarton|Substitute
|-damage|p1a: Lagarton|153\/419
|
|-heal|p1a: Lagarton|179\/419|[from] item: Leftovers
|turn|10
|
|move|p2a: Reuniclus|Energy Ball|p1a: Lagarton
|-crit|p1a: Lagarton
|-end|p1a: Lagarton|Substitute
|-damage|p2a: Reuniclus|214\/424|[from] item: Life Orb
|move|p1a: Lagarton|Coil|p1a: Lagarton
|-boost|p1a: Lagarton|atk|1
|-boost|p1a: Lagarton|def|1
|-boost|p1a: Lagarton|accuracy|1
|
|-heal|p1a: Lagarton|205\/419|[from] item: Leftovers
|turn|11
|c|★Emblema de Fuego|uuu another hax?
|
|move|p2a: Reuniclus|Energy Ball|p1a: Lagarton
|-damage|p1a: Lagarton|83\/419
|-damage|p2a: Reuniclus|172\/424|[from] item: Life Orb
|move|p1a: Lagarton|Substitute|p1a: Lagarton
|-fail|p1a: Lagarton|move: Substitute|[weak]
|
|-heal|p1a: Lagarton|109\/419|[from] item: Leftovers
|-fieldend|move: Trick Room
|turn|12
|c|★Toreutic|where's the hax
|
|move|p1a: Lagarton|Earthquake|p2a: Reuniclus
|-crit|p2a: Reuniclus
|-damage|p2a: Reuniclus|0 fnt
|faint|p2a: Reuniclus
|
|-heal|p1a: Lagarton|135\/419|[from] item: Leftovers
|
|switch|p2a: Mienshao|Mienshao, M|271\/271
|-damage|p2a: Mienshao|255\/271|[from] Stealth Rock
|turn|13
|
|move|p2a: Mienshao|High Jump Kick|p1a: Lagarton
|-damage|p1a: Lagarton|42\/419
|move|p1a: Lagarton|Earthquake|p2a: Mienshao
|-damage|p2a: Mienshao|0 fnt
|faint|p2a: Mienshao
|
|-heal|p1a: Lagarton|68\/419|[from] item: Leftovers
|
|switch|p2a: Ambipom|Ambipom, F|291\/291
|-damage|p2a: Ambipom|255\/291|[from] Stealth Rock
|turn|14
|
|switch|p1a: Rodolfo|Donphan, M|347\/383
|move|p2a: Ambipom|Fake Out|p1a: Rodolfo
|-damage|p1a: Rodolfo|272\/383
|
|-heal|p1a: Rodolfo|295\/383|[from] item: Leftovers
|turn|15
|
|move|p2a: Ambipom|U-turn|p1a: Rodolfo
|-damage|p1a: Rodolfo|250\/383
|
|switch|p2a: Bronzong|Bronzong|338\/338
|-damage|p2a: Bronzong|317\/338|[from] Stealth Rock
|move|p1a: Rodolfo|Earthquake|p2a: Bronzong
|-immune|p2a: Bronzong|[msg]
|
|-heal|p1a: Rodolfo|273\/383|[from] item: Leftovers
|turn|16
|
|switch|p1a: D-Angelo|Absol-Mega, M|271\/271
|move|p2a: Bronzong|Trick Room|p2a: Bronzong
|-fieldstart|move: Trick Room|[of] p2a: Bronzong
|
|turn|17
|
|move|p1a: D-Angelo|Sucker Punch|p2a: Bronzong
|-supereffective|p2a: Bronzong
|-damage|p2a: Bronzong|125\/338
|move|p2a: Bronzong|Explosion|p1a: D-Angelo
|-damage|p1a: D-Angelo|18\/271
|faint|p2a: Bronzong
|
|
|switch|p2a: Ampharos|Ampharos-Mega, M|384\/384
|-damage|p2a: Ampharos|336\/384|[from] Stealth Rock
|-ability|p2a: Ampharos|Mold Breaker
|turn|18
|
|move|p1a: D-Angelo|Protect|p1a: D-Angelo
|-singleturn|p1a: D-Angelo|Protect
|move|p2a: Ampharos|Dragon Pulse|p1a: D-Angelo
|-activate|p1a: D-Angelo|Protect
|
|turn|19
|
|move|p1a: D-Angelo|Sucker Punch|p2a: Ampharos
|-damage|p2a: Ampharos|170\/384
|move|p2a: Ampharos|Dragon Pulse|p1a: D-Angelo
|-damage|p1a: D-Angelo|0 fnt
|faint|p1a: D-Angelo
|
|
|switch|p1a: Rodolfo|Donphan, M|273\/383
|turn|20
|
|move|p1a: Rodolfo|Ice Shard|p2a: Ampharos
|-supereffective|p2a: Ampharos
|-damage|p2a: Ampharos|102\/384
|move|p2a: Ampharos|Dragon Pulse|p1a: Rodolfo
|-damage|p1a: Rodolfo|23\/383
|
|-heal|p1a: Rodolfo|46\/383|[from] item: Leftovers
|-fieldend|move: Trick Room
|turn|21
|
|move|p1a: Rodolfo|Earthquake|p2a: Ampharos
|-supereffective|p2a: Ampharos
|-damage|p2a: Ampharos|0 fnt
|faint|p2a: Ampharos
|
|-heal|p1a: Rodolfo|69\/383|[from] item: Leftovers
|
|switch|p2a: Ambipom|Ambipom, F|255\/291
|-damage|p2a: Ambipom|219\/291|[from] Stealth Rock
|turn|22
|
|move|p2a: Ambipom|Fake Out|p1a: Rodolfo
|-crit|p1a: Rodolfo
|-damage|p1a: Rodolfo|0 fnt
|faint|p1a: Rodolfo
|
|
|switch|p1a: 5|Fletchinder, F, shiny|327\/327
|turn|23
|
|move|p1a: 5|Acrobatics|p2a: Ambipom
|-damage|p2a: Ambipom|21\/291
|move|p2a: Ambipom|Return|p1a: 5
|-damage|p1a: 5|33\/327
|
|turn|24
|
|move|p1a: 5|Acrobatics|p2a: Ambipom
|-damage|p2a: Ambipom|0 fnt
|faint|p2a: Ambipom
|
|
|switch|p2a: Ursaring|Ursaring, F|384\/384
|-damage|p2a: Ursaring|336\/384|[from] Stealth Rock
|turn|25
|
|move|p1a: 5|Acrobatics|p2a: Ursaring
|-damage|p2a: Ursaring|165\/384
|move|p2a: Ursaring|Facade|p1a: 5
|-damage|p1a: 5|0 fnt
|faint|p1a: 5
|
|-status|p2a: Ursaring|brn|[from] item: Flame Orb
|
|switch|p1a: Lagarton|Zygarde|68\/419
|-ability|p1a: Lagarton|Aura Break
|turn|26
|
|move|p1a: Lagarton|Earthquake|p2a: Ursaring
|-damage|p2a: Ursaring|2\/384 brn
|move|p2a: Ursaring|Facade|p1a: Lagarton
|-damage|p1a: Lagarton|0 fnt
|faint|p1a: Lagarton
|
|-damage|p2a: Ursaring|0 fnt|[from] brn
|faint|p2a: Ursaring
|
|win|Emblema de Fuego
|raw|Ladder updating...
|c|★Emblema de Fuego|gg
|c|★Toreutic|gg
|leave|Toreutic
|player|p2
|raw|Ladder (probably) updated, but score could not be retrieved (timeout).
|raw|Ladder (probably) updated, but score could not be retrieved (Error: socket hang up).