|join|Toreutic
|join|jesseboy
|player|p1|Toreutic|126
|player|p2|jesseboy|2
|gametype|singles
|gen|6
|tier|UU
|rated
|rule|Sleep Clause Mod: Limit one foe put to sleep
|rule|Species Clause: Limit one of each Pokémon
|rule|OHKO Clause: OHKO moves are banned
|rule|Moody Clause: Moody is banned
|rule|Evasion Moves Clause: Evasion moves are banned
|rule|Endless Battle Clause: Forcing endless battles is banned
|rule|HP Percentage Mod: HP is shown in percentages
|clearpoke
|poke|p1|Toxicroak, F
|poke|p1|Kabutops, M
|poke|p1|Noivern, M
|poke|p1|Forretress, F
|poke|p1|Raikou
|poke|p1|Florges, F
|poke|p2|Cresselia, F
|poke|p2|Raikou
|poke|p2|Crobat, F
|poke|p2|Swampert, F
|poke|p2|Krookodile, M
|poke|p2|Umbreon, M
|rule|Swagger Clause: Swagger is banned
|rule|Baton Pass Clause: Limit one Pokémon knowing Baton Pass
|teampreview
|
|start
|switch|p1a: Noivern|Noivern, M|311\/311
|switch|p2a: Raikou|Raikou|321\/321
|-item|p2a: Raikou|Choice Specs|[from] ability: Frisk|[of] p1a: Noivern|[identify]
|-ability|p2a: Raikou|Pressure
|turn|1
|
|switch|p2a: Umbreon|Umbreon, M|394\/394
|move|p1a: Noivern|U-turn|p2a: Umbreon
|-supereffective|p2a: Umbreon
|-damage|p2a: Umbreon|322\/394
|
|switch|p1a: Toxicroak|Toxicroak, F|307\/307
|-item|p1a: Toxicroak|Air Balloon
|
|-heal|p2a: Umbreon|346\/394|[from] item: Leftovers
|turn|2
|
|switch|p2a: Cresselia|Cresselia, F|444\/444
|move|p1a: Toxicroak|Drain Punch|p2a: Cresselia
|-resisted|p2a: Cresselia
|-damage|p2a: Cresselia|404\/444
|
|-heal|p2a: Cresselia|431\/444|[from] item: Leftovers
|turn|3
|
|switch|p1a: Forretress|Forretress, F|354\/354
|move|p2a: Cresselia|Psyshock|p1a: Forretress
|-resisted|p1a: Forretress
|-damage|p1a: Forretress|330\/354
|
|-heal|p2a: Cresselia|444\/444|[from] item: Leftovers
|-heal|p1a: Forretress|352\/354|[from] item: Leftovers
|turn|4
|
|switch|p2a: Swampert|Swampert, F|404\/404
|move|p1a: Forretress|Toxic|p2a: Swampert
|-status|p2a: Swampert|tox
|
|-heal|p1a: Forretress|354\/354|[from] item: Leftovers
|-damage|p2a: Swampert|379\/404 tox|[from] psn
|turn|5
|
|move|p2a: Swampert|Stealth Rock|p1a: Forretress
|-sidestart|p1: Toreutic|move: Stealth Rock
|move|p1a: Forretress|Stealth Rock|p2a: Swampert
|-sidestart|p2: jesseboy|move: Stealth Rock
|
|-heal|p2a: Swampert|404\/404 tox|[from] item: Leftovers
|-damage|p2a: Swampert|354\/404 tox|[from] psn
|turn|6
|
|move|p2a: Swampert|Scald|p1a: Forretress
|-damage|p1a: Forretress|239\/354
|-status|p1a: Forretress|brn
|move|p1a: Forretress|Rapid Spin|p2a: Swampert
|-damage|p2a: Swampert|348\/404 tox
|-sideend|p1: Toreutic|Stealth Rock|[from] move: Rapid Spin|[of] p1a: Forretress
|
|-heal|p2a: Swampert|373\/404 tox|[from] item: Leftovers
|-heal|p1a: Forretress|261\/354 brn|[from] item: Leftovers
|-damage|p2a: Swampert|298\/404 tox|[from] psn
|-damage|p1a: Forretress|217\/354 brn|[from] brn
|turn|7
|
|switch|p2a: Umbreon|Umbreon, M|346\/394
|-damage|p2a: Umbreon|297\/394|[from] Stealth Rock
|move|p1a: Forretress|Rapid Spin|p2a: Umbreon
|-damage|p2a: Umbreon|290\/394
|
|-heal|p2a: Umbreon|314\/394|[from] item: Leftovers
|-heal|p1a: Forretress|239\/354 brn|[from] item: Leftovers
|-damage|p1a: Forretress|195\/354 brn|[from] brn
|turn|8
|
|move|p2a: Umbreon|Foul Play|p1a: Forretress
|-crit|p1a: Forretress
|-damage|p1a: Forretress|114\/354 brn
|move|p1a: Forretress|Volt Switch|p2a: Umbreon
|-damage|p2a: Umbreon|289\/394
|
|switch|p1a: Toxicroak|Toxicroak, F|307\/307
|-item|p1a: Toxicroak|Air Balloon
|
|-heal|p2a: Umbreon|313\/394|[from] item: Leftovers
|turn|9
|
|switch|p2a: Cresselia|Cresselia, F|444\/444
|-damage|p2a: Cresselia|389\/444|[from] Stealth Rock
|move|p1a: Toxicroak|Drain Punch|p2a: Cresselia
|-resisted|p2a: Cresselia
|-damage|p2a: Cresselia|348\/444
|
|-heal|p2a: Cresselia|375\/444|[from] item: Leftovers
|turn|10
|
|switch|p1a: Forretress|Forretress, F|114\/354 brn
|move|p2a: Cresselia|Psyshock|p1a: Forretress
|-resisted|p1a: Forretress
|-damage|p1a: Forretress|93\/354 brn
|
|-heal|p2a: Cresselia|402\/444|[from] item: Leftovers
|-heal|p1a: Forretress|115\/354 brn|[from] item: Leftovers
|-damage|p1a: Forretress|71\/354 brn|[from] brn
|turn|11
|
|switch|p1a: Noivern|Noivern, M|311\/311
|-item|p2a: Cresselia|Leftovers|[from] ability: Frisk|[of] p1a: Noivern|[identify]
|move|p2a: Cresselia|Moonblast|p1a: Noivern
|-supereffective|p1a: Noivern
|-damage|p1a: Noivern|159\/311
|-unboost|p1a: Noivern|spa|1
|
|-heal|p2a: Cresselia|429\/444|[from] item: Leftovers
|turn|12
|
|move|p1a: Noivern|U-turn|p2a: Cresselia
|-crit|p2a: Cresselia
|-supereffective|p2a: Cresselia
|-damage|p2a: Cresselia|359\/444
|
|switch|p1a: Florges|Florges, F|360\/360
|move|p2a: Cresselia|Moonblast|p1a: Florges
|-damage|p1a: Florges|328\/360
|
|-heal|p2a: Cresselia|386\/444|[from] item: Leftovers
|-heal|p1a: Florges|350\/360|[from] item: Leftovers
|turn|13
|
|switch|p2a: Crobat|Crobat, F|373\/373
|-damage|p2a: Crobat|280\/373|[from] Stealth Rock
|move|p1a: Florges|Moonblast|p2a: Crobat
|-resisted|p2a: Crobat
|-damage|p2a: Crobat|199\/373
|-unboost|p2a: Crobat|spa|1
|
|-heal|p2a: Crobat|222\/373|[from] item: Black Sludge
|-heal|p1a: Florges|360\/360|[from] item: Leftovers
|turn|14
|
|switch|p1a: Kabutops|Kabutops, M|262\/262
|move|p2a: Crobat|Defog|p1a: Kabutops
|-unboost|p1a: Kabutops|evasion|1
|-sideend|p2: jesseboy|Stealth Rock|[from] move: Defog|[of] p2a: Crobat
|
|-heal|p2a: Crobat|245\/373|[from] item: Black Sludge
|turn|15
|
|move|p2a: Crobat|U-turn|p1a: Kabutops
|-damage|p1a: Kabutops|210\/262
|-boost|p1a: Kabutops|spe|1|[from] ability: Weak Armor
|-unboost|p1a: Kabutops|def|1|[from] ability: Weak Armor
|
|switch|p2a: Cresselia|Cresselia, F|386\/444
|move|p1a: Kabutops|Waterfall|p2a: Cresselia
|-damage|p2a: Cresselia|278\/444
|
|-heal|p2a: Cresselia|305\/444|[from] item: Leftovers
|turn|16
|
|switch|p1a: Noivern|Noivern, M|159\/311
|-item|p2a: Cresselia|Leftovers|[from] ability: Frisk|[of] p1a: Noivern|[identify]
|move|p2a: Cresselia|Psyshock|p1a: Noivern
|-damage|p1a: Noivern|63\/311
|
|-heal|p2a: Cresselia|332\/444|[from] item: Leftovers
|turn|17
|
|move|p1a: Noivern|Draco Meteor|p2a: Cresselia
|-damage|p2a: Cresselia|95\/444
|-unboost|p1a: Noivern|spa|2
|move|p2a: Cresselia|Moonlight|p2a: Cresselia
|-heal|p2a: Cresselia|317\/444
|
|-heal|p2a: Cresselia|344\/444|[from] item: Leftovers
|turn|18
|
|switch|p2a: Krookodile|Krookodile, M|331\/331
|-ability|p2a: Krookodile|Intimidate|[of] p1a: Noivern
|-unboost|p1a: Noivern|atk|1
|move|p1a: Noivern|Draco Meteor|p2a: Krookodile
|-damage|p2a: Krookodile|145\/331
|-unboost|p1a: Noivern|spa|2
|
|turn|19
|
|move|p2a: Krookodile|Pursuit|p1a: Noivern
|-crit|p1a: Noivern
|-damage|p1a: Noivern|0 fnt
|faint|p1a: Noivern
|
|
|switch|p1a: Kabutops|Kabutops, M|210\/262
|turn|20
|
|switch|p2a: Cresselia|Cresselia, F|344\/444
|move|p1a: Kabutops|Swords Dance|p1a: Kabutops
|-boost|p1a: Kabutops|atk|2
|
|-heal|p2a: Cresselia|371\/444|[from] item: Leftovers
|turn|21
|
|move|p1a: Kabutops|Swords Dance|p1a: Kabutops
|-boost|p1a: Kabutops|atk|2
|move|p2a: Cresselia|Psyshock|p1a: Kabutops
|-damage|p1a: Kabutops|138\/262
|
|-heal|p2a: Cresselia|398\/444|[from] item: Leftovers
|turn|22
|
|move|p1a: Kabutops|Waterfall|p2a: Cresselia
|-damage|p2a: Cresselia|49\/444
|move|p2a: Cresselia|Moonblast|p1a: Kabutops
|-damage|p1a: Kabutops|58\/262
|-unboost|p1a: Kabutops|spa|1
|
|-heal|p2a: Cresselia|76\/444|[from] item: Leftovers
|turn|23
|
|switch|p2a: Swampert|Swampert, F|298\/404 tox
|move|p1a: Kabutops|Waterfall|p2a: Swampert
|-damage|p2a: Swampert|0 fnt
|faint|p2a: Swampert
|
|
|switch|p2a: Crobat|Crobat, F|245\/373
|turn|24
|
|move|p1a: Kabutops|Aqua Jet|p2a: Crobat
|-damage|p2a: Crobat|0 fnt
|faint|p2a: Crobat
|
|
|switch|p2a: Umbreon|Umbreon, M|313\/394
|turn|25
|
|move|p1a: Kabutops|Waterfall|p2a: Umbreon
|-damage|p2a: Umbreon|0 fnt
|faint|p2a: Umbreon
|
|
|switch|p2a: Raikou|Raikou|321\/321
|-ability|p2a: Raikou|Pressure
|turn|26
|
|move|p1a: Kabutops|Aqua Jet|p2a: Raikou
|-damage|p2a: Raikou|0 fnt
|faint|p2a: Raikou
|
|
|switch|p2a: Krookodile|Krookodile, M|145\/331
|-ability|p2a: Krookodile|Intimidate|[of] p1a: Kabutops
|-unboost|p1a: Kabutops|atk|1
|turn|27
|
|move|p1a: Kabutops|Aqua Jet|p2a: Krookodile
|-supereffective|p2a: Krookodile
|-damage|p2a: Krookodile|0 fnt
|faint|p2a: Krookodile
|
|
|switch|p2a: Cresselia|Cresselia, F|76\/444
|turn|28
|
|move|p1a: Kabutops|Aqua Jet|p2a: Cresselia
|-damage|p2a: Cresselia|0 fnt
|faint|p2a: Cresselia
|
|win|Toreutic
|raw|Ladder updating...
|raw|Toreutic's rating: 1425 &rarr; <strong>1435<\/strong><br \/>(+10 for winning)
|raw|jesseboy's rating: 1249 &rarr; <strong>1235<\/strong><br \/>(-14 for losing)
|leave|jesseboy
|player|p2