|join|blueyoshi101
|join|Toreutic
|player|p1|blueyoshi101|1
|player|p2|Toreutic|126
|gametype|singles
|gen|6
|tier|UU
|rated
|rule|Sleep Clause Mod: Limit one foe put to sleep
|rule|Species Clause: Limit one of each Pokémon
|rule|OHKO Clause: OHKO moves are banned
|rule|Moody Clause: Moody is banned
|rule|Evasion Moves Clause: Evasion moves are banned
|rule|Endless Battle Clause: Forcing endless battles is banned
|rule|HP Percentage Mod: HP is shown in percentages
|clearpoke
|poke|p1|Haxorus, M, shiny
|poke|p1|Chandelure, F
|poke|p1|Honchkrow, M
|poke|p1|Chesnaught, M
|poke|p1|Forretress, M
|poke|p1|Sharpedo, M
|poke|p2|Whimsicott, F
|poke|p2|Chandelure, F
|poke|p2|Mienshao, F
|poke|p2|Starmie
|poke|p2|Hippowdon, F
|poke|p2|Dugtrio, M
|rule|Swagger Clause: Swagger is banned
|rule|Baton Pass Clause: Limit one Pokémon knowing Baton Pass
|teampreview
|
|start
|switch|p1a: Chesnaught|Chesnaught, M|380\/380
|switch|p2a: Chandelure|Chandelure, F|261\/261
|turn|1
|
|move|p1a: Chesnaught|Spiky Shield|p1a: Chesnaught
|-singleturn|p1a: Chesnaught|move: Protect
|move|p2a: Chandelure|Trick|p1a: Chesnaught
|-activate|p1a: Chesnaught|move: Protect
|
|turn|2
|
|switch|p1a: Haxorus|Haxorus, M, shiny|294\/294
|-ability|p1a: Haxorus|Mold Breaker
|move|p2a: Chandelure|Trick|p1a: Haxorus
|-activate|p2a: Chandelure|move: Trick|[of] p1a: Haxorus
|-item|p1a: Haxorus|Choice Specs|[from] move: Trick
|-item|p2a: Chandelure|Choice Scarf|[from] move: Trick
|
|turn|3
|
|switch|p2a: Hippowdon|Hippowdon, F|420\/420
|move|p1a: Haxorus|Earthquake|p2a: Hippowdon
|-damage|p2a: Hippowdon|329\/420
|
|turn|4
|
|switch|p1a: Forretress|Forretress, M|354\/354
|switch|p2a: Whimsicott|Whimsicott, F|324\/324
|
|turn|5
|
|move|p2a: Whimsicott|U-turn|p1a: Forretress
|-resisted|p1a: Forretress
|-damage|p1a: Forretress|343\/354
|
|switch|p2a: Starmie|Starmie|261\/261
|move|p1a: Forretress|Gyro Ball|p2a: Starmie
|-resisted|p2a: Starmie
|-damage|p2a: Starmie|188\/261
|
|-heal|p1a: Forretress|354\/354|[from] item: Leftovers
|turn|6
|
|move|p2a: Starmie|Hydro Pump|p1a: Forretress
|-damage|p1a: Forretress|54\/354
|-damage|p2a: Starmie|162\/261|[from] item: Life Orb
|move|p1a: Forretress|Stealth Rock|p2a: Starmie
|-sidestart|p2: Toreutic|move: Stealth Rock
|
|-heal|p1a: Forretress|76\/354|[from] item: Leftovers
|turn|7
|
|switch|p1a: Haxorus|Haxorus, M, shiny|294\/294
|-ability|p1a: Haxorus|Mold Breaker
|move|p2a: Starmie|Recover|p2a: Starmie
|-heal|p2a: Starmie|261\/261
|
|turn|8
|
|switch|p2a: Hippowdon|Hippowdon, F|329\/420
|-damage|p2a: Hippowdon|303\/420|[from] Stealth Rock
|move|p1a: Haxorus|Poison Jab|p2a: Hippowdon
|-resisted|p2a: Hippowdon
|-damage|p2a: Hippowdon|272\/420
|-damage|p1a: Haxorus|245\/294|[from] item: Rocky Helmet|[of] p2a: Hippowdon
|-status|p2a: Hippowdon|psn
|
|-damage|p2a: Hippowdon|220\/420 psn|[from] psn
|turn|9
|
|switch|p1a: Chesnaught|Chesnaught, M|380\/380
|move|p2a: Hippowdon|Stealth Rock|p1a: Chesnaught
|-sidestart|p1: blueyoshi101|move: Stealth Rock
|
|-damage|p2a: Hippowdon|168\/420 psn|[from] psn
|turn|10
|
|switch|p2a: Starmie|Starmie|261\/261
|-damage|p2a: Starmie|229\/261|[from] Stealth Rock
|move|p1a: Chesnaught|Spikes|p2a: Starmie
|-sidestart|p2: Toreutic|Spikes
|
|turn|11
|
|switch|p1a: Sharpedo|Sharpedo, M|281\/281
|-damage|p1a: Sharpedo|246\/281|[from] Stealth Rock
|move|p2a: Starmie|Hydro Pump|p1a: Sharpedo
|-resisted|p1a: Sharpedo
|-damage|p1a: Sharpedo|0 fnt
|-damage|p2a: Starmie|203\/261|[from] item: Life Orb
|faint|p1a: Sharpedo
|
|
|switch|p1a: Honchkrow|Honchkrow, M|341\/341
|-damage|p1a: Honchkrow|256\/341|[from] Stealth Rock
|turn|12
|
|move|p2a: Starmie|Rapid Spin|p1a: Honchkrow
|-crit|p1a: Honchkrow
|-damage|p1a: Honchkrow|218\/341
|-sideend|p2: Toreutic|Spikes|[from] move: Rapid Spin|[of] p2a: Starmie
|-sideend|p2: Toreutic|Stealth Rock|[from] move: Rapid Spin|[of] p2a: Starmie
|-damage|p2a: Starmie|177\/261|[from] item: Life Orb
|move|p1a: Honchkrow|Pursuit|p2a: Starmie
|-supereffective|p2a: Starmie
|-damage|p2a: Starmie|0 fnt
|-damage|p1a: Honchkrow|184\/341|[from] item: Life Orb
|faint|p2a: Starmie
|-boost|p1a: Honchkrow|atk|1|[from] ability: Moxie
|
|
|switch|p2a: Mienshao|Mienshao, F|271\/271
|turn|13
|
|move|p1a: Honchkrow|Sucker Punch|p2a: Mienshao
|-resisted|p2a: Mienshao
|-damage|p2a: Mienshao|49\/271
|-damage|p1a: Honchkrow|150\/341|[from] item: Life Orb
|move|p2a: Mienshao|Stone Edge|p1a: Honchkrow|[miss]
|-miss|p2a: Mienshao|p1a: Honchkrow
|
|turn|14
|c|★blueyoshi101|lol
|c|★Toreutic|wai
|
|move|p1a: Honchkrow|Pursuit|p2a: Mienshao|[from]Pursuit
|-resisted|p2a: Mienshao
|-damage|p2a: Mienshao|0 fnt
|-damage|p1a: Honchkrow|116\/341|[from] item: Life Orb
|faint|p2a: Mienshao
|-boost|p1a: Honchkrow|atk|1|[from] ability: Moxie
|
|
|switch|p2a: Whimsicott|Whimsicott, F|324\/324
|turn|15
|
|move|p2a: Whimsicott|Encore|p1a: Honchkrow
|-start|p1a: Honchkrow|Encore
|move|p1a: Honchkrow|Pursuit|p2a: Whimsicott
|-resisted|p2a: Whimsicott
|-damage|p2a: Whimsicott|207\/324
|-damage|p1a: Honchkrow|82\/341|[from] item: Life Orb
|
|-heal|p2a: Whimsicott|227\/324|[from] item: Leftovers
|turn|16
|
|move|p2a: Whimsicott|Leech Seed|p1a: Honchkrow
|-start|p1a: Honchkrow|move: Leech Seed
|move|p1a: Honchkrow|Pursuit|p2a: Whimsicott
|-resisted|p2a: Whimsicott
|-damage|p2a: Whimsicott|106\/324
|-damage|p1a: Honchkrow|48\/341|[from] item: Life Orb
|
|-heal|p2a: Whimsicott|126\/324|[from] item: Leftovers
|-damage|p1a: Honchkrow|6\/341|[from] Leech Seed|[of] p2a: Whimsicott
|-heal|p2a: Whimsicott|168\/324|[silent]
|turn|17
|
|move|p2a: Whimsicott|U-turn|p1a: Honchkrow
|-damage|p1a: Honchkrow|0 fnt
|faint|p1a: Honchkrow
|
|switch|p2a: Chandelure|Chandelure, F|261\/261
|
|
|switch|p1a: Haxorus|Haxorus, M, shiny|245\/294
|-damage|p1a: Haxorus|209\/294|[from] Stealth Rock
|-ability|p1a: Haxorus|Mold Breaker
|turn|18
|
|switch|p2a: Hippowdon|Hippowdon, F|168\/420 psn
|move|p1a: Haxorus|Outrage|p2a: Hippowdon
|-damage|p2a: Hippowdon|5\/420 psn
|-damage|p1a: Haxorus|160\/294|[from] item: Rocky Helmet|[of] p2a: Hippowdon
|
|-damage|p2a: Hippowdon|0 fnt|[from] psn
|faint|p2a: Hippowdon
|
|switch|p2a: Whimsicott|Whimsicott, F|168\/324
|turn|19
|
|move|p2a: Whimsicott|Leech Seed|p1a: Haxorus
|-start|p1a: Haxorus|move: Leech Seed
|move|p1a: Haxorus|Outrage|p2a: Whimsicott
|-immune|p2a: Whimsicott|[msg]
|
|-end|p1a: Haxorus|rampage
|-start|p1a: Haxorus|confusion
|-heal|p2a: Whimsicott|188\/324|[from] item: Leftovers
|-damage|p1a: Haxorus|124\/294|[from] Leech Seed|[of] p2a: Whimsicott
|-heal|p2a: Whimsicott|224\/324|[silent]
|turn|20
|
|switch|p1a: Forretress|Forretress, M|76\/354
|-damage|p1a: Forretress|32\/354|[from] Stealth Rock
|move|p2a: Whimsicott|U-turn|p1a: Forretress
|-resisted|p1a: Forretress
|-damage|p1a: Forretress|20\/354
|
|switch|p2a: Chandelure|Chandelure, F|261\/261
|
|-heal|p1a: Forretress|42\/354|[from] item: Leftovers
|turn|21
|
|move|p2a: Chandelure|Shadow Ball|p1a: Forretress
|-damage|p1a: Forretress|0 fnt
|faint|p1a: Forretress
|
|
|switch|p1a: Chandelure|Chandelure, F|261\/261
|-damage|p1a: Chandelure|196\/261|[from] Stealth Rock
|turn|22
|
|switch|p2a: Whimsicott|Whimsicott, F|224\/324
|move|p1a: Chandelure|Trick|p2a: Whimsicott
|-activate|p1a: Chandelure|move: Trick|[of] p2a: Whimsicott
|-item|p2a: Whimsicott|Choice Scarf|[from] move: Trick
|-item|p1a: Chandelure|Leftovers|[from] move: Trick
|
|-heal|p1a: Chandelure|212\/261|[from] item: Leftovers
|turn|23
|
|move|p2a: Whimsicott|Encore|p1a: Chandelure
|-start|p1a: Chandelure|Encore
|move|p1a: Chandelure|Trick|p2a: Whimsicott
|-activate|p1a: Chandelure|move: Trick|[of] p2a: Whimsicott
|-item|p2a: Whimsicott|Leftovers|[from] move: Trick
|-item|p1a: Chandelure|Choice Scarf|[from] move: Trick
|
|-heal|p2a: Whimsicott|244\/324|[from] item: Leftovers
|turn|24
|c|★Toreutic|the plays
|
|switch|p1a: Haxorus|Haxorus, M, shiny|124\/294
|-damage|p1a: Haxorus|88\/294|[from] Stealth Rock
|-ability|p1a: Haxorus|Mold Breaker
|move|p2a: Whimsicott|U-turn|p1a: Haxorus
|-damage|p1a: Haxorus|45\/294
|
|switch|p2a: Chandelure|Chandelure, F|261\/261
|
|turn|25
|
|move|p2a: Chandelure|Shadow Ball|p1a: Haxorus
|-damage|p1a: Haxorus|0 fnt
|faint|p1a: Haxorus
|
|
|switch|p1a: Chandelure|Chandelure, F|212\/261
|-damage|p1a: Chandelure|147\/261|[from] Stealth Rock
|turn|26
|
|switch|p2a: Whimsicott|Whimsicott, F|244\/324
|move|p1a: Chandelure|Shadow Ball|p2a: Whimsicott
|-damage|p2a: Whimsicott|111\/324
|
|-heal|p2a: Whimsicott|131\/324|[from] item: Leftovers
|turn|27
|
|move|p2a: Whimsicott|Leech Seed|p1a: Chandelure
|-start|p1a: Chandelure|move: Leech Seed
|move|p1a: Chandelure|Shadow Ball|p2a: Whimsicott
|-damage|p2a: Whimsicott|1\/324
|
|-heal|p2a: Whimsicott|21\/324|[from] item: Leftovers
|-damage|p1a: Chandelure|115\/261|[from] Leech Seed|[of] p2a: Whimsicott
|-heal|p2a: Whimsicott|53\/324|[silent]
|turn|28
|
|switch|p2a: Dugtrio|Dugtrio, M|212\/212
|move|p1a: Chandelure|Shadow Ball|p2a: Dugtrio
|-damage|p2a: Dugtrio|14\/212
|-unboost|p2a: Dugtrio|spd|1
|
|-damage|p1a: Chandelure|83\/261|[from] Leech Seed|[of] p2a: Dugtrio
|-heal|p2a: Dugtrio|46\/212|[silent]
|turn|29
|
|move|p2a: Dugtrio|Sucker Punch|p1a: Chandelure
|-supereffective|p1a: Chandelure
|-damage|p1a: Chandelure|0 fnt
|faint|p1a: Chandelure
|
|
|switch|p1a: Chesnaught|Chesnaught, M|380\/380
|-damage|p1a: Chesnaught|357\/380|[from] Stealth Rock
|turn|30
|
|switch|p2a: Whimsicott|Whimsicott, F|53\/324
|move|p1a: Chesnaught|Spikes|p2a: Whimsicott
|-sidestart|p2: Toreutic|Spikes
|
|-heal|p2a: Whimsicott|73\/324|[from] item: Leftovers
|turn|31
|
|move|p1a: Chesnaught|Spiky Shield|p1a: Chesnaught
|-singleturn|p1a: Chesnaught|move: Protect
|move|p2a: Whimsicott|Taunt|p1a: Chesnaught
|-activate|p1a: Chesnaught|move: Protect
|
|-heal|p2a: Whimsicott|93\/324|[from] item: Leftovers
|turn|32
|
|move|p2a: Whimsicott|Taunt|p1a: Chesnaught
|-start|p1a: Chesnaught|move: Taunt
|move|p1a: Chesnaught|Drain Punch|p2a: Whimsicott
|-resisted|p2a: Whimsicott
|-damage|p2a: Whimsicott|37\/324
|-heal|p1a: Chesnaught|380\/380|[from] drain|[of] p2a: Whimsicott
|
|-heal|p2a: Whimsicott|57\/324|[from] item: Leftovers
|turn|33
|
|move|p2a: Whimsicott|Encore|p1a: Chesnaught
|-start|p1a: Chesnaught|Encore
|move|p1a: Chesnaught|Drain Punch|p2a: Whimsicott
|-crit|p2a: Whimsicott
|-resisted|p2a: Whimsicott
|-damage|p2a: Whimsicott|0 fnt
|faint|p2a: Whimsicott
|
|
|switch|p2a: Chandelure|Chandelure, F|261\/261
|-damage|p2a: Chandelure|229\/261|[from] Spikes
|turn|34
|
|move|p2a: Chandelure|Trick|p1a: Chesnaught
|-activate|p2a: Chandelure|move: Trick|[of] p1a: Chesnaught
|-item|p1a: Chesnaught|Choice Scarf|[from] move: Trick
|-item|p2a: Chandelure|Rocky Helmet|[from] move: Trick
|move|p1a: Chesnaught|Drain Punch|p2a: Chandelure
|-immune|p2a: Chandelure|[msg]
|
|-end|p1a: Chesnaught|move: Taunt
|turn|35
|
|move|p2a: Chandelure|Fire Blast|p1a: Chesnaught
|-supereffective|p1a: Chesnaught
|-damage|p1a: Chesnaught|0 fnt
|faint|p1a: Chesnaught
|
|win|Toreutic
|raw|Ladder updating...
|raw|blueyoshi101's rating: 1317 &rarr; <strong>1298<\/strong><br \/>(-19 for losing)
|raw|Toreutic's rating: 1326 &rarr; <strong>1345<\/strong><br \/>(+19 for winning)
|c|★blueyoshi101|gg
|c|★Toreutic|gg
|leave|blueyoshi101