|join|toreutic
|join|chimpact
|player|p1|toreutic|126
|player|p2|chimpact|238
|gametype|singles
|gen|6
|tier|UU
|rated
|rule|Sleep Clause Mod: Limit one foe put to sleep
|rule|Species Clause: Limit one of each Pokémon
|rule|OHKO Clause: OHKO moves are banned
|rule|Moody Clause: Moody is banned
|rule|Evasion Moves Clause: Evasion moves are banned
|rule|Endless Battle Clause: Forcing endless battles is banned
|rule|HP Percentage Mod: HP is shown in percentages
|clearpoke
|poke|p1|Porygon-Z
|poke|p1|Florges, F
|poke|p1|Hydreigon, F
|poke|p1|Swampert, F
|poke|p1|Crobat, M
|poke|p1|Banette, M
|poke|p2|Victini
|poke|p2|Hydreigon, F
|poke|p2|Krookodile, M
|poke|p2|Swampert, M
|poke|p2|Aromatisse, F
|poke|p2|Crobat, F
|rule|Swagger Clause: Swagger is banned
|rule|Baton Pass Clause: Limit one Pokémon knowing Baton Pass
|teampreview
|
|start
|switch|p1a: Porygon-Z|Porygon-Z|312\/312
|switch|p2a: my hazards.....|Crobat, F|373\/373
|turn|1
|
|switch|p2a: scylla|Hydreigon, F|325\/325
|switch|p1a: Swampert|Swampert, F|404\/404
|
|turn|2
|
|move|p2a: scylla|Draco Meteor|p1a: Swampert
|-damage|p1a: Swampert|87\/404
|-unboost|p2a: scylla|spa|2
|-damage|p2a: scylla|293\/325|[from] item: Life Orb
|move|p1a: Swampert|Scald|p2a: scylla
|-resisted|p2a: scylla
|-damage|p2a: scylla|217\/325
|
|turn|3
|
|switch|p1a: Banette|Banette, M|332\/332
|move|p2a: scylla|Draco Meteor|p1a: Banette
|-damage|p1a: Banette|112\/332
|-unboost|p2a: scylla|spa|2
|-damage|p2a: scylla|185\/325|[from] item: Life Orb
|
|turn|4
|
|switch|p1a: Florges|Florges, F|360\/360
|move|p2a: scylla|Dark Pulse|p1a: Florges
|-resisted|p1a: Florges
|-damage|p1a: Florges|346\/360
|-damage|p2a: scylla|153\/325|[from] item: Life Orb
|
|-heal|p1a: Florges|360\/360|[from] item: Leftovers
|turn|5
|
|switch|p2a: big V|Victini|341\/341
|switch|p1a: Porygon-Z|Porygon-Z|312\/312
|
|turn|6
|
|switch|p1a: Swampert|Swampert, F|87\/404
|move|p2a: big V|V-create|p1a: Swampert
|-resisted|p1a: Swampert
|-damage|p1a: Swampert|0 fnt
|-damage|p2a: big V|285\/341|[from] item: Rocky Helmet|[of] p1a: Swampert
|-unboost|p2a: big V|def|1
|-unboost|p2a: big V|spd|1
|-unboost|p2a: big V|spe|1
|faint|p1a: Swampert
|
|
|switch|p1a: Banette|Banette, M|112\/332
|turn|7
|
|detailschange|p1a: Banette|Banette-Mega, M
|message|Banette has Mega Evolved into Mega Banette!
|move|p1a: Banette|Pursuit|p2a: big V|[from]Pursuit
|-supereffective|p2a: big V
|-damage|p2a: big V|0 fnt
|faint|p2a: big V
|
|
|switch|p2a: charybdis|Krookodile, M|332\/332
|-ability|p2a: charybdis|Intimidate|[of] p1a: Banette
|-unboost|p1a: Banette|atk|1
|turn|8
|
|move|p1a: Banette|Destiny Bond|p1a: Banette
|-singlemove|p1a: Banette|Destiny Bond
|move|p2a: charybdis|Pursuit|p1a: Banette
|-supereffective|p1a: Banette
|-damage|p1a: Banette|0 fnt
|faint|p1a: Banette
|-activate|p1a: Banette|Destiny Bond
|faint|p2a: charybdis
|
|
|switch|p2a: scylla|Hydreigon, F|153\/325
|switch|p1a: Porygon-Z|Porygon-Z|312\/312
|turn|9
|
|switch|p1a: Florges|Florges, F|360\/360
|move|p2a: scylla|Superpower|p1a: Florges
|-resisted|p1a: Florges
|-damage|p1a: Florges|269\/360
|-unboost|p2a: scylla|atk|1
|-unboost|p2a: scylla|def|1
|-damage|p2a: scylla|121\/325|[from] item: Life Orb
|
|-heal|p1a: Florges|291\/360|[from] item: Leftovers
|turn|10
|
|switch|p2a: my hazards.....|Crobat, F|373\/373
|switch|p1a: Crobat|Crobat, M|311\/311
|
|turn|11
|
|move|p1a: Crobat|U-turn|p2a: my hazards.....
|-resisted|p2a: my hazards.....
|-damage|p2a: my hazards.....|354\/373
|
|switch|p1a: Hydreigon|Hydreigon, F|325\/325
|move|p2a: my hazards.....|Brave Bird|p1a: Hydreigon
|-damage|p1a: Hydreigon|154\/325
|-damage|p2a: my hazards.....|298\/373|[from] recoil|[of] p1a: Hydreigon
|
|-heal|p2a: my hazards.....|321\/373|[from] item: Black Sludge
|turn|12
|
|switch|p2a: nosey|Aromatisse, F|406\/406
|move|p1a: Hydreigon|U-turn|p2a: nosey
|-resisted|p2a: nosey
|-damage|p2a: nosey|385\/406
|
|switch|p1a: Porygon-Z|Porygon-Z|312\/312
|
|-heal|p2a: nosey|406\/406|[from] item: Leftovers
|turn|13
|
|move|p1a: Porygon-Z|Tri Attack|p2a: nosey
|-damage|p2a: nosey|74\/406
|move|p2a: nosey|Moonblast|p1a: Porygon-Z
|-damage|p1a: Porygon-Z|180\/312
|
|-heal|p2a: nosey|99\/406|[from] item: Leftovers
|turn|14
|
|move|p2a: nosey|Protect|p2a: nosey
|-singleturn|p2a: nosey|Protect
|move|p1a: Porygon-Z|Tri Attack|p2a: nosey
|-activate|p2a: nosey|Protect
|
|-heal|p2a: nosey|124\/406|[from] item: Leftovers
|turn|15
|
|switch|p2a: scylla|Hydreigon, F|121\/325
|move|p1a: Porygon-Z|Tri Attack|p2a: scylla
|-damage|p2a: scylla|0 fnt
|faint|p2a: scylla
|
|
|switch|p2a: my hazards.....|Crobat, F|321\/373
|turn|16
|
|switch|p1a: Crobat|Crobat, M|311\/311
|move|p2a: my hazards.....|Brave Bird|p1a: Crobat
|-damage|p1a: Crobat|137\/311
|-damage|p2a: my hazards.....|264\/373|[from] recoil|[of] p1a: Crobat
|
|-heal|p1a: Crobat|156\/311|[from] item: Black Sludge
|-heal|p2a: my hazards.....|287\/373|[from] item: Black Sludge
|turn|17
|
|move|p1a: Crobat|Brave Bird|p2a: my hazards.....
|-damage|p2a: my hazards.....|73\/373
|-damage|p1a: Crobat|85\/311|[from] recoil|[of] p2a: my hazards.....
|move|p2a: my hazards.....|Roost|p2a: my hazards.....
|-heal|p2a: my hazards.....|260\/373
|
|-heal|p1a: Crobat|104\/311|[from] item: Black Sludge
|-heal|p2a: my hazards.....|283\/373|[from] item: Black Sludge
|turn|18
|
|switch|p2a: team player|Swampert, M|402\/402
|move|p1a: Crobat|Roost|p1a: Crobat
|-heal|p1a: Crobat|260\/311
|
|-heal|p1a: Crobat|279\/311|[from] item: Black Sludge
|turn|19
|
|move|p1a: Crobat|Brave Bird|p2a: team player
|-damage|p2a: team player|279\/402
|-damage|p1a: Crobat|238\/311|[from] recoil|[of] p2a: team player
|move|p2a: team player|Scald|p1a: Crobat
|-damage|p1a: Crobat|156\/311
|-status|p1a: Crobat|brn
|
|-heal|p1a: Crobat|175\/311 brn|[from] item: Black Sludge
|-heal|p2a: team player|304\/402|[from] item: Leftovers
|-damage|p1a: Crobat|137\/311 brn|[from] brn
|turn|20
|join|Hearthfire
|
|move|p1a: Crobat|Roost|p1a: Crobat
|-heal|p1a: Crobat|293\/311 brn
|move|p2a: team player|Stealth Rock|p1a: Crobat
|-sidestart|p1: toreutic|move: Stealth Rock
|
|-heal|p1a: Crobat|311\/311 brn|[from] item: Black Sludge
|-heal|p2a: team player|329\/402|[from] item: Leftovers
|-damage|p1a: Crobat|273\/311 brn|[from] brn
|turn|21
|
|move|p1a: Crobat|Defog|p2a: team player
|-unboost|p2a: team player|evasion|1
|-sideend|p1: toreutic|Stealth Rock|[from] move: Defog|[of] p1a: Crobat
|move|p2a: team player|Stealth Rock|p1a: Crobat
|-sidestart|p1: toreutic|move: Stealth Rock
|
|-heal|p1a: Crobat|292\/311 brn|[from] item: Black Sludge
|-heal|p2a: team player|354\/402|[from] item: Leftovers
|-damage|p1a: Crobat|254\/311 brn|[from] brn
|turn|22
|
|move|p1a: Crobat|Defog|p2a: team player
|-unboost|p2a: team player|evasion|1
|-sideend|p1: toreutic|Stealth Rock|[from] move: Defog|[of] p1a: Crobat
|move|p2a: team player|Scald|p1a: Crobat
|-damage|p1a: Crobat|166\/311 brn
|
|-heal|p1a: Crobat|185\/311 brn|[from] item: Black Sludge
|-heal|p2a: team player|379\/402|[from] item: Leftovers
|-damage|p1a: Crobat|147\/311 brn|[from] brn
|turn|23
|
|move|p1a: Crobat|U-turn|p2a: team player
|-damage|p2a: team player|356\/402
|
|switch|p1a: Porygon-Z|Porygon-Z|180\/312
|move|p2a: team player|Stealth Rock|p1a: Porygon-Z
|-sidestart|p1: toreutic|move: Stealth Rock
|
|-heal|p2a: team player|381\/402|[from] item: Leftovers
|turn|24
|
|move|p1a: Porygon-Z|Tri Attack|p2a: team player
|-damage|p2a: team player|25\/402
|move|p2a: team player|Scald|p1a: Porygon-Z
|-damage|p1a: Porygon-Z|38\/312
|-status|p1a: Porygon-Z|brn
|
|-heal|p2a: team player|50\/402|[from] item: Leftovers
|-damage|p1a: Porygon-Z|0 fnt|[from] brn
|faint|p1a: Porygon-Z
|
|switch|p1a: Crobat|Crobat, M|147\/311 brn
|-damage|p1a: Crobat|70\/311 brn|[from] Stealth Rock
|turn|25
|
|switch|p2a: my hazards.....|Crobat, F|283\/373
|move|p1a: Crobat|Brave Bird|p2a: my hazards.....
|-damage|p2a: my hazards.....|174\/373
|-damage|p1a: Crobat|34\/311 brn|[from] recoil|[of] p2a: my hazards.....
|
|-heal|p1a: Crobat|53\/311 brn|[from] item: Black Sludge
|-heal|p2a: my hazards.....|197\/373|[from] item: Black Sludge
|-damage|p1a: Crobat|15\/311 brn|[from] brn
|turn|26
|
|move|p1a: Crobat|Brave Bird|p2a: my hazards.....
|-damage|p2a: my hazards.....|89\/373
|-damage|p1a: Crobat|0 fnt|[from] recoil|[of] p2a: my hazards.....
|faint|p1a: Crobat
|move|p2a: my hazards.....|Brave Bird|p1: Crobat|[notarget]
|-notarget
|
|-heal|p2a: my hazards.....|112\/373|[from] item: Black Sludge
|
|switch|p1a: Hydreigon|Hydreigon, F|154\/325
|-damage|p1a: Hydreigon|114\/325|[from] Stealth Rock
|turn|27
|
|switch|p2a: team player|Swampert, M|50\/402
|move|p1a: Hydreigon|Dark Pulse|p2a: team player
|-damage|p2a: team player|0 fnt
|faint|p2a: team player
|
|
|switch|p2a: nosey|Aromatisse, F|124\/406
|turn|28
|
|move|p1a: Hydreigon|Dark Pulse|p2a: nosey
|-resisted|p2a: nosey
|-damage|p2a: nosey|43\/406
|cant|p2a: nosey|flinch
|
|-heal|p2a: nosey|68\/406|[from] item: Leftovers
|turn|29
|
|move|p2a: nosey|Protect|p2a: nosey
|-singleturn|p2a: nosey|Protect
|move|p1a: Hydreigon|Dark Pulse|p2a: nosey
|-activate|p2a: nosey|Protect
|
|-heal|p2a: nosey|93\/406|[from] item: Leftovers
|turn|30
|
|switch|p1a: Florges|Florges, F|291\/360
|-damage|p1a: Florges|246\/360|[from] Stealth Rock
|move|p2a: nosey|Moonblast|p1a: Florges
|-damage|p1a: Florges|192\/360
|
|-heal|p1a: Florges|214\/360|[from] item: Leftovers
|-heal|p2a: nosey|118\/406|[from] item: Leftovers
|turn|31
|
|move|p1a: Florges|Moonblast|p2a: nosey
|-damage|p2a: nosey|0 fnt
|faint|p2a: nosey
|
|-heal|p1a: Florges|236\/360|[from] item: Leftovers
|
|switch|p2a: my hazards.....|Crobat, F|112\/373
|turn|32
|
|move|p2a: my hazards.....|Roost|p2a: my hazards.....
|-heal|p2a: my hazards.....|299\/373
|move|p1a: Florges|Moonblast|p2a: my hazards.....
|-resisted|p2a: my hazards.....
|-damage|p2a: my hazards.....|221\/373
|
|-heal|p2a: my hazards.....|244\/373|[from] item: Black Sludge
|-heal|p1a: Florges|258\/360|[from] item: Leftovers
|turn|33
|
|move|p2a: my hazards.....|Roost|p2a: my hazards.....
|-heal|p2a: my hazards.....|373\/373
|move|p1a: Florges|Moonblast|p2a: my hazards.....
|-resisted|p2a: my hazards.....
|-damage|p2a: my hazards.....|304\/373
|
|-heal|p2a: my hazards.....|327\/373|[from] item: Black Sludge
|-heal|p1a: Florges|280\/360|[from] item: Leftovers
|turn|34
|
|move|p2a: my hazards.....|Toxic|p1a: Florges
|-status|p1a: Florges|tox
|move|p1a: Florges|Wish|p1a: Florges
|
|-heal|p2a: my hazards.....|350\/373|[from] item: Black Sludge
|-heal|p1a: Florges|302\/360 tox|[from] item: Leftovers
|-damage|p1a: Florges|280\/360 tox|[from] psn
|turn|35
|
|move|p2a: my hazards.....|Brave Bird|p1a: Florges
|-damage|p1a: Florges|87\/360 tox
|-damage|p2a: my hazards.....|286\/373|[from] recoil|[of] p1a: Florges
|move|p1a: Florges|Aromatherapy|p1a: Florges
|-cureteam|p1a: Florges|[from] move: Aromatherapy
|
|-heal|p1a: Florges|267\/360|[from] move: Wish|[wisher] Florges
|-heal|p2a: my hazards.....|309\/373|[from] item: Black Sludge
|-heal|p1a: Florges|289\/360|[from] item: Leftovers
|turn|36
|join|dadsdad?
|
|move|p2a: my hazards.....|Toxic|p1a: Florges
|-status|p1a: Florges|tox
|move|p1a: Florges|Moonblast|p2a: my hazards.....
|-resisted|p2a: my hazards.....
|-damage|p2a: my hazards.....|237\/373
|-unboost|p2a: my hazards.....|spa|1
|
|-heal|p2a: my hazards.....|260\/373|[from] item: Black Sludge
|-heal|p1a: Florges|311\/360 tox|[from] item: Leftovers
|-damage|p1a: Florges|289\/360 tox|[from] psn
|turn|37
|c| dadsdad?|CHIIIIIIIIIIIIIIIIIIIIIIMPACT
|c|★toreutic|wait holy shit I just noticed it was chimpact lol
|c| dadsdad?|lol
|
|move|p2a: my hazards.....|Brave Bird|p1a: Florges
|-damage|p1a: Florges|79\/360 tox
|-damage|p2a: my hazards.....|191\/373|[from] recoil|[of] p1a: Florges
|move|p1a: Florges|Aromatherapy|p1a: Florges
|-cureteam|p1a: Florges|[from] move: Aromatherapy
|
|-heal|p2a: my hazards.....|214\/373|[from] item: Black Sludge
|-heal|p1a: Florges|101\/360|[from] item: Leftovers
|turn|38
|
|move|p2a: my hazards.....|Toxic|p1a: Florges
|-status|p1a: Florges|tox
|move|p1a: Florges|Wish|p1a: Florges
|
|-heal|p2a: my hazards.....|237\/373|[from] item: Black Sludge
|-heal|p1a: Florges|123\/360 tox|[from] item: Leftovers
|-damage|p1a: Florges|101\/360 tox|[from] psn
|turn|39
|
|move|p2a: my hazards.....|Roost|p2a: my hazards.....
|-heal|p2a: my hazards.....|373\/373
|move|p1a: Florges|Aromatherapy|p1a: Florges
|-cureteam|p1a: Florges|[from] move: Aromatherapy
|
|-heal|p1a: Florges|281\/360|[from] move: Wish|[wisher] Florges
|-heal|p1a: Florges|303\/360|[from] item: Leftovers
|turn|40
|
|move|p2a: my hazards.....|Defog|p1a: Florges
|-unboost|p1a: Florges|evasion|1
|-sideend|p1: toreutic|Stealth Rock|[from] move: Defog|[of] p1a: Florges
|move|p1a: Florges|Wish|p1a: Florges
|
|-heal|p1a: Florges|325\/360|[from] item: Leftovers
|turn|41
|
|move|p2a: my hazards.....|Toxic|p1a: Florges
|-status|p1a: Florges|tox
|move|p1a: Florges|Moonblast|p2a: my hazards.....
|-resisted|p2a: my hazards.....
|-damage|p2a: my hazards.....|304\/373
|
|-heal|p1a: Florges|360\/360 tox|[from] move: Wish|[wisher] Florges
|-heal|p2a: my hazards.....|327\/373|[from] item: Black Sludge
|-damage|p1a: Florges|338\/360 tox|[from] psn
|turn|42
|
|move|p2a: my hazards.....|Brave Bird|p1a: Florges
|-damage|p1a: Florges|134\/360 tox
|-damage|p2a: my hazards.....|260\/373|[from] recoil|[of] p1a: Florges
|move|p1a: Florges|Aromatherapy|p1a: Florges
|-cureteam|p1a: Florges|[from] move: Aromatherapy
|
|-heal|p2a: my hazards.....|283\/373|[from] item: Black Sludge
|-heal|p1a: Florges|156\/360|[from] item: Leftovers
|turn|43
|join|Vulshok
|
|move|p2a: my hazards.....|Toxic|p1a: Florges
|-status|p1a: Florges|tox
|move|p1a: Florges|Wish|p1a: Florges
|
|-heal|p2a: my hazards.....|306\/373|[from] item: Black Sludge
|-heal|p1a: Florges|178\/360 tox|[from] item: Leftovers
|-damage|p1a: Florges|156\/360 tox|[from] psn
|turn|44
|
|move|p2a: my hazards.....|Roost|p2a: my hazards.....
|-heal|p2a: my hazards.....|373\/373
|move|p1a: Florges|Moonblast|p2a: my hazards.....
|-resisted|p2a: my hazards.....
|-damage|p2a: my hazards.....|302\/373
|
|-heal|p1a: Florges|336\/360 tox|[from] move: Wish|[wisher] Florges
|-heal|p2a: my hazards.....|325\/373|[from] item: Black Sludge
|-heal|p1a: Florges|358\/360 tox|[from] item: Leftovers
|-damage|p1a: Florges|314\/360 tox|[from] psn
|turn|45
|
|move|p2a: my hazards.....|Brave Bird|p1a: Florges
|-damage|p1a: Florges|125\/360 tox
|-damage|p2a: my hazards.....|263\/373|[from] recoil|[of] p1a: Florges
|move|p1a: Florges|Aromatherapy|p1a: Florges
|-cureteam|p1a: Florges|[from] move: Aromatherapy
|
|-heal|p2a: my hazards.....|286\/373|[from] item: Black Sludge
|-heal|p1a: Florges|147\/360|[from] item: Leftovers
|turn|46
|join|Frank Iero
|
|move|p2a: my hazards.....|Toxic|p1a: Florges
|-status|p1a: Florges|tox
|move|p1a: Florges|Wish|p1a: Florges
|
|-heal|p2a: my hazards.....|309\/373|[from] item: Black Sludge
|-heal|p1a: Florges|169\/360 tox|[from] item: Leftovers
|-damage|p1a: Florges|147\/360 tox|[from] psn
|turn|47
|
|move|p2a: my hazards.....|Defog|p1a: Florges
|-unboost|p1a: Florges|evasion|1
|move|p1a: Florges|Moonblast|p2a: my hazards.....
|-resisted|p2a: my hazards.....
|-damage|p2a: my hazards.....|237\/373
|
|-heal|p1a: Florges|327\/360 tox|[from] move: Wish|[wisher] Florges
|-heal|p2a: my hazards.....|260\/373|[from] item: Black Sludge
|-heal|p1a: Florges|349\/360 tox|[from] item: Leftovers
|-damage|p1a: Florges|305\/360 tox|[from] psn
|turn|48
|c| Frank Iero|Sorry dont mind me just watching
|
|move|p2a: my hazards.....|Roost|p2a: my hazards.....
|-heal|p2a: my hazards.....|373\/373
|move|p1a: Florges|Aromatherapy|p1a: Florges
|-cureteam|p1a: Florges|[from] move: Aromatherapy
|
|-heal|p1a: Florges|327\/360|[from] item: Leftovers
|turn|49
|
|move|p2a: my hazards.....|Toxic|p1a: Florges
|-status|p1a: Florges|tox
|move|p1a: Florges|Wish|p1a: Florges
|
|-heal|p1a: Florges|349\/360 tox|[from] item: Leftovers
|-damage|p1a: Florges|327\/360 tox|[from] psn
|turn|50
|
|move|p2a: my hazards.....|Brave Bird|p1a: Florges
|-damage|p1a: Florges|134\/360 tox
|-damage|p2a: my hazards.....|309\/373|[from] recoil|[of] p1a: Florges
|move|p1a: Florges|Moonblast|p2a: my hazards.....
|-crit|p2a: my hazards.....
|-resisted|p2a: my hazards.....
|-damage|p2a: my hazards.....|197\/373
|-unboost|p2a: my hazards.....|spa|1
|
|-heal|p1a: Florges|314\/360 tox|[from] move: Wish|[wisher] Florges
|-heal|p2a: my hazards.....|220\/373|[from] item: Black Sludge
|-heal|p1a: Florges|336\/360 tox|[from] item: Leftovers
|-damage|p1a: Florges|292\/360 tox|[from] psn
|turn|51
|
|move|p2a: my hazards.....|Defog|p1a: Florges
|-unboost|p1a: Florges|evasion|1
|move|p1a: Florges|Aromatherapy|p1a: Florges
|-cureteam|p1a: Florges|[from] move: Aromatherapy
|
|-heal|p2a: my hazards.....|243\/373|[from] item: Black Sludge
|-heal|p1a: Florges|314\/360|[from] item: Leftovers
|turn|52
|leave|Vulshok
|join|WEPWN
|
|move|p2a: my hazards.....|Roost|p2a: my hazards.....
|-heal|p2a: my hazards.....|373\/373
|move|p1a: Florges|Moonblast|p2a: my hazards.....
|-resisted|p2a: my hazards.....
|-damage|p2a: my hazards.....|295\/373
|
|-heal|p2a: my hazards.....|318\/373|[from] item: Black Sludge
|-heal|p1a: Florges|336\/360|[from] item: Leftovers
|turn|53
|
|move|p2a: my hazards.....|Toxic|p1a: Florges
|-status|p1a: Florges|tox
|move|p1a: Florges|Wish|p1a: Florges
|
|-heal|p2a: my hazards.....|341\/373|[from] item: Black Sludge
|-heal|p1a: Florges|358\/360 tox|[from] item: Leftovers
|-damage|p1a: Florges|336\/360 tox|[from] psn
|turn|54
|
|move|p2a: my hazards.....|Defog|p1a: Florges
|-unboost|p1a: Florges|evasion|1
|move|p1a: Florges|Moonblast|p2a: my hazards.....
|-crit|p2a: my hazards.....
|-resisted|p2a: my hazards.....
|-damage|p2a: my hazards.....|233\/373
|
|-heal|p1a: Florges|360\/360 tox|[from] move: Wish|[wisher] Florges
|-heal|p2a: my hazards.....|256\/373|[from] item: Black Sludge
|-damage|p1a: Florges|316\/360 tox|[from] psn
|turn|55
|
|move|p2a: my hazards.....|Roost|p2a: my hazards.....
|-heal|p2a: my hazards.....|373\/373
|move|p1a: Florges|Moonblast|p2a: my hazards.....
|-resisted|p2a: my hazards.....
|-damage|p2a: my hazards.....|297\/373
|
|-heal|p2a: my hazards.....|320\/373|[from] item: Black Sludge
|-heal|p1a: Florges|338\/360 tox|[from] item: Leftovers
|-damage|p1a: Florges|272\/360 tox|[from] psn
|turn|56
|leave|WEPWN
|
|move|p2a: my hazards.....|Defog|p1a: Florges
|-unboost|p1a: Florges|evasion|1
|move|p1a: Florges|Aromatherapy|p1a: Florges
|-cureteam|p1a: Florges|[from] move: Aromatherapy
|
|-heal|p2a: my hazards.....|343\/373|[from] item: Black Sludge
|-heal|p1a: Florges|294\/360|[from] item: Leftovers
|turn|57
|
|move|p2a: my hazards.....|Toxic|p1a: Florges
|-status|p1a: Florges|tox
|move|p1a: Florges|Moonblast|p2a: my hazards.....
|-resisted|p2a: my hazards.....
|-damage|p2a: my hazards.....|272\/373
|
|-heal|p2a: my hazards.....|295\/373|[from] item: Black Sludge
|-heal|p1a: Florges|316\/360 tox|[from] item: Leftovers
|-damage|p1a: Florges|294\/360 tox|[from] psn
|turn|58
|
|move|p2a: my hazards.....|Roost|p2a: my hazards.....
|-heal|p2a: my hazards.....|373\/373
|move|p1a: Florges|Wish|p1a: Florges
|
|-heal|p1a: Florges|316\/360 tox|[from] item: Leftovers
|-damage|p1a: Florges|272\/360 tox|[from] psn
|turn|59
|
|move|p2a: my hazards.....|Toxic|p1a: Florges
|-fail|p1a: Florges|tox
|move|p1a: Florges|Moonblast|p2a: my hazards.....
|-resisted|p2a: my hazards.....
|-damage|p2a: my hazards.....|303\/373
|
|-heal|p1a: Florges|360\/360 tox|[from] move: Wish|[wisher] Florges
|-heal|p2a: my hazards.....|326\/373|[from] item: Black Sludge
|-damage|p1a: Florges|294\/360 tox|[from] psn
|turn|60
|
|move|p1a: Florges|Protect|p1a: Florges
|-singleturn|p1a: Florges|Protect
|move|p2a: my hazards.....|Defog|p1a: Florges
|-activate|p1a: Florges|Protect
|
|-heal|p2a: my hazards.....|349\/373|[from] item: Black Sludge
|-heal|p1a: Florges|316\/360 tox|[from] item: Leftovers
|-damage|p1a: Florges|228\/360 tox|[from] psn
|turn|61
|
|move|p2a: my hazards.....|Defog|p1a: Florges
|-unboost|p1a: Florges|evasion|1
|move|p1a: Florges|Wish|p1a: Florges
|
|-heal|p2a: my hazards.....|372\/373|[from] item: Black Sludge
|-heal|p1a: Florges|250\/360 tox|[from] item: Leftovers
|-damage|p1a: Florges|140\/360 tox|[from] psn
|turn|62
|
|move|p2a: my hazards.....|Defog|p1a: Florges
|move|p1a: Florges|Moonblast|p2a: my hazards.....
|-resisted|p2a: my hazards.....
|-damage|p2a: my hazards.....|299\/373
|-unboost|p2a: my hazards.....|spa|1
|
|-heal|p1a: Florges|320\/360 tox|[from] move: Wish|[wisher] Florges
|-heal|p2a: my hazards.....|322\/373|[from] item: Black Sludge
|-heal|p1a: Florges|342\/360 tox|[from] item: Leftovers
|-damage|p1a: Florges|210\/360 tox|[from] psn
|turn|63
|
|move|p2a: my hazards.....|Roost|p2a: my hazards.....
|-heal|p2a: my hazards.....|373\/373
|move|p1a: Florges|Moonblast|p2a: my hazards.....
|-resisted|p2a: my hazards.....
|-damage|p2a: my hazards.....|298\/373
|-unboost|p2a: my hazards.....|spa|1
|
|-heal|p2a: my hazards.....|321\/373|[from] item: Black Sludge
|-heal|p1a: Florges|232\/360 tox|[from] item: Leftovers
|-damage|p1a: Florges|78\/360 tox|[from] psn
|turn|64
|
|move|p2a: my hazards.....|Roost|p2a: my hazards.....
|-heal|p2a: my hazards.....|373\/373
|move|p1a: Florges|Moonblast|p2a: my hazards.....
|-resisted|p2a: my hazards.....
|-damage|p2a: my hazards.....|300\/373
|-unboost|p2a: my hazards.....|spa|1
|
|-heal|p2a: my hazards.....|323\/373|[from] item: Black Sludge
|-heal|p1a: Florges|100\/360 tox|[from] item: Leftovers
|-damage|p1a: Florges|0 fnt|[from] psn
|faint|p1a: Florges
|
|switch|p1a: Hydreigon|Hydreigon, F|114\/325
|turn|65
|
|move|p1a: Hydreigon|Draco Meteor|p2a: my hazards.....
|-damage|p2a: my hazards.....|73\/373
|-unboost|p1a: Hydreigon|spa|2
|move|p2a: my hazards.....|Roost|p2a: my hazards.....
|-heal|p2a: my hazards.....|260\/373
|
|-heal|p2a: my hazards.....|283\/373|[from] item: Black Sludge
|turn|66
|
|move|p1a: Hydreigon|Draco Meteor|p2a: my hazards.....
|-damage|p2a: my hazards.....|154\/373
|-unboost|p1a: Hydreigon|spa|2
|move|p2a: my hazards.....|Brave Bird|p1a: Hydreigon
|-damage|p1a: Hydreigon|0 fnt
|-damage|p2a: my hazards.....|116\/373|[from] recoil|[of] p1a: Hydreigon
|faint|p1a: Hydreigon
|
|win|chimpact
|raw|Ladder updating...
|raw|toreutic's rating: 1519 &rarr; <strong>1499<\/strong><br \/>(-20 for losing)
|raw|chimpact's rating: 1520 &rarr; <strong>1540<\/strong><br \/>(+20 for winning)