|join|Workerbeez12
|join|Toreutic
|player|p1|Workerbeez12|135
|player|p2|Toreutic|126
|gametype|singles
|gen|6
|tier|UU
|rated
|rule|Sleep Clause Mod: Limit one foe put to sleep
|rule|Species Clause: Limit one of each Pokémon
|rule|OHKO Clause: OHKO moves are banned
|rule|Moody Clause: Moody is banned
|rule|Evasion Moves Clause: Evasion moves are banned
|rule|Endless Battle Clause: Forcing endless battles is banned
|rule|HP Percentage Mod: HP is reported as percentages
|clearpoke
|poke|p1|Umbreon, F
|poke|p1|Infernape, F
|poke|p1|Shaymin
|poke|p1|Flygon, F
|poke|p1|Hippowdon, M
|poke|p1|Blastoise, M
|poke|p2|Noivern, M
|poke|p2|Toxicroak, M
|poke|p2|Forretress, F
|poke|p2|Darmanitan, M
|poke|p2|Durant, F
|poke|p2|Milotic, M
|rule|Swagger Clause: Swagger is banned
|rule|Baton Pass Clause: Limit one Pokémon knowing Baton Pass
|teampreview
|
|start
|switch|p1a: w\/o Finality|Flygon, F|301\/301
|switch|p2a: Noivern|Noivern, M|312\/312
|-item|p1a: w\/o Finality|Choice Scarf|[from] ability: Frisk|[of] p2a: Noivern|[identify]
|turn|1
|
|move|p1a: w\/o Finality|U-turn|p2a: Noivern
|-resisted|p2a: Noivern
|-damage|p2a: Noivern|270\/312
|
|switch|p1a: w\/o Patience|Umbreon, F|393\/393
|move|p2a: Noivern|Draco Meteor|p1a: w\/o Patience
|-damage|p1a: w\/o Patience|236\/393
|-unboost|p2a: Noivern|spa|2
|
|-heal|p1a: w\/o Patience|260\/393|[from] item: Leftovers
|turn|2
|
|switch|p2a: Durant|Durant, F|258\/258
|move|p1a: w\/o Patience|Foul Play|p2a: Durant
|-damage|p2a: Durant|132\/258
|
|-heal|p1a: w\/o Patience|284\/393|[from] item: Leftovers
|turn|3
|
|switch|p2a: Forretress|Forretress, F|354\/354
|switch|p1a: w\/o Immersion|Hippowdon, M|420\/420
|-weather|Sandstorm
|
|-weather|Sandstorm|[upkeep]
|turn|4
|
|switch|p1a: w\/o Escape|Blastoise, M|346\/346
|move|p2a: Forretress|Stealth Rock|p1a: w\/o Escape
|-sidestart|p1: Workerbeez12|move: Stealth Rock
|
|-weather|Sandstorm|[upkeep]
|-damage|p1a: w\/o Escape|325\/346|[from] sandstorm
|turn|5
|
|detailschange|p1a: w\/o Escape|Blastoise-Mega, M
|message|Blastoise has Mega Evolved into Mega Blastoise!
|move|p1a: w\/o Escape|Rapid Spin|p2a: Forretress
|-resisted|p2a: Forretress
|-damage|p2a: Forretress|350\/354
|-sideend|p1: Workerbeez12|Stealth Rock|[from] move: Rapid Spin|[of] p1a: w\/o Escape
|-enditem|p2a: Forretress|Red Card|[of] p1a: w\/o Escape
|drag|p1a: w\/o Finality|Flygon, F|301\/301
|move|p2a: Forretress|Volt Switch|p1a: w\/o Finality
|-immune|p1a: w\/o Finality|[msg]
|
|-weather|Sandstorm|[upkeep]
|turn|6
|
|move|p1a: w\/o Finality|U-turn|p2a: Forretress
|-resisted|p2a: Forretress
|-damage|p2a: Forretress|331\/354
|
|switch|p1a: w\/o Aggresion|Infernape, F|293\/293
|move|p2a: Forretress|Stealth Rock|p1a: w\/o Aggresion
|-sidestart|p1: Workerbeez12|move: Stealth Rock
|
|-weather|Sandstorm|[upkeep]
|-damage|p1a: w\/o Aggresion|275\/293|[from] sandstorm
|turn|7
|
|switch|p2a: Noivern|Noivern, M|270\/312
|-item|p1a: w\/o Aggresion|Life Orb|[from] ability: Frisk|[of] p2a: Noivern|[identify]
|move|p1a: w\/o Aggresion|Flare Blitz|p2a: Noivern
|-resisted|p2a: Noivern
|-damage|p2a: Noivern|121\/312
|-damage|p1a: w\/o Aggresion|226\/293|[from] recoil|[of] p2a: Noivern
|-damage|p1a: w\/o Aggresion|197\/293|[from] item: Life Orb
|
|-weather|none
|turn|8
|
|switch|p1a: w\/o Patience|Umbreon, F|284\/393
|-damage|p1a: w\/o Patience|235\/393|[from] Stealth Rock
|move|p2a: Noivern|U-turn|p1a: w\/o Patience
|-supereffective|p1a: w\/o Patience
|-damage|p1a: w\/o Patience|161\/393
|
|switch|p2a: Darmanitan|Darmanitan, M|351\/351
|
|-heal|p1a: w\/o Patience|185\/393|[from] item: Leftovers
|turn|9
|
|move|p1a: w\/o Patience|Protect|p1a: w\/o Patience
|-singleturn|p1a: w\/o Patience|Protect
|move|p2a: Darmanitan|U-turn|p1a: w\/o Patience
|-activate|p1a: w\/o Patience|Protect
|
|-heal|p1a: w\/o Patience|209\/393|[from] item: Leftovers
|turn|10
|
|switch|p1a: w\/o Immersion|Hippowdon, M|420\/420
|-damage|p1a: w\/o Immersion|394\/420|[from] Stealth Rock
|-weather|Sandstorm
|move|p2a: Darmanitan|U-turn|p1a: w\/o Immersion
|-damage|p1a: w\/o Immersion|332\/420
|
|switch|p2a: Milotic|Milotic, M|394\/394
|
|-weather|Sandstorm|[upkeep]
|-damage|p2a: Milotic|370\/394|[from] sandstorm
|-heal|p2a: Milotic|394\/394|[from] item: Leftovers
|-heal|p1a: w\/o Immersion|358\/420|[from] item: Leftovers
|turn|11
|
|switch|p1a: w\/o Escape|Blastoise-Mega, M|325\/346
|-damage|p1a: w\/o Escape|282\/346|[from] Stealth Rock
|move|p2a: Milotic|Dragon Tail|p1a: w\/o Escape
|-damage|p1a: w\/o Escape|257\/346
|drag|p1a: w\/o Patience|Umbreon, F|209\/393
|-damage|p1a: w\/o Patience|160\/393|[from] Stealth Rock
|
|-weather|Sandstorm|[upkeep]
|-damage|p2a: Milotic|370\/394|[from] sandstorm
|-damage|p1a: w\/o Patience|136\/393|[from] sandstorm
|-heal|p2a: Milotic|394\/394|[from] item: Leftovers
|-heal|p1a: w\/o Patience|160\/393|[from] item: Leftovers
|turn|12
|
|switch|p2a: Durant|Durant, F|132\/258
|move|p1a: w\/o Patience|Wish|p1a: w\/o Patience
|
|-weather|Sandstorm|[upkeep]
|-damage|p1a: w\/o Patience|136\/393|[from] sandstorm
|-heal|p1a: w\/o Patience|160\/393|[from] item: Leftovers
|turn|13
|
|switch|p1a: w\/o Escape|Blastoise-Mega, M|257\/346
|-damage|p1a: w\/o Escape|214\/346|[from] Stealth Rock
|move|p2a: Durant|Hone Claws|p2a: Durant
|-boost|p2a: Durant|atk|1
|-boost|p2a: Durant|accuracy|1
|
|-weather|Sandstorm|[upkeep]
|-damage|p1a: w\/o Escape|193\/346|[from] sandstorm
|-heal|p1a: w\/o Escape|346\/346|[from] move: Wish|[wisher] w\/o Patience
|turn|14
|
|move|p2a: Durant|X-Scissor|p1a: w\/o Escape
|-damage|p1a: w\/o Escape|108\/346
|move|p1a: w\/o Escape|Scald|p2a: Durant
|-damage|p2a: Durant|0 fnt
|faint|p2a: Durant
|
|-weather|none
|
|switch|p2a: Noivern|Noivern, M|121\/312
|-item|p1a: w\/o Escape|Blastoisinite|[from] ability: Frisk|[of] p2a: Noivern|[identify]
|turn|15
|
|switch|p1a: w\/o Patience|Umbreon, F|160\/393
|-damage|p1a: w\/o Patience|111\/393|[from] Stealth Rock
|move|p2a: Noivern|Boomburst|p1a: w\/o Patience
|-damage|p1a: w\/o Patience|0 fnt
|faint|p1a: w\/o Patience
|
|
|switch|p1a: w\/o Finality|Flygon, F|301\/301
|-damage|p1a: w\/o Finality|283\/301|[from] Stealth Rock
|turn|16
|
|switch|p2a: Forretress|Forretress, F|331\/354
|move|p1a: w\/o Finality|Stone Edge|p2a: Forretress|[miss]
|-miss|p1a: w\/o Finality|p2a: Forretress
|
|turn|17
|
|switch|p1a: w\/o Immersion|Hippowdon, M|358\/420
|-damage|p1a: w\/o Immersion|332\/420|[from] Stealth Rock
|-weather|Sandstorm
|move|p2a: Forretress|Volt Switch|p1a: w\/o Immersion
|-immune|p1a: w\/o Immersion|[msg]
|
|-weather|Sandstorm|[upkeep]
|-heal|p1a: w\/o Immersion|358\/420|[from] item: Leftovers
|turn|18
|
|switch|p1a: w\/o Aggresion|Infernape, F|197\/293
|-damage|p1a: w\/o Aggresion|161\/293|[from] Stealth Rock
|switch|p2a: Milotic|Milotic, M|394\/394
|
|-weather|Sandstorm|[upkeep]
|-damage|p1a: w\/o Aggresion|143\/293|[from] sandstorm
|-damage|p2a: Milotic|370\/394|[from] sandstorm
|-heal|p2a: Milotic|394\/394|[from] item: Leftovers
|turn|19
|
|move|p1a: w\/o Aggresion|U-turn|p2a: Milotic
|-damage|p2a: Milotic|310\/394
|-damage|p1a: w\/o Aggresion|114\/293|[from] item: Life Orb
|
|switch|p1a: w\/o Scarcity|Shaymin|341\/341
|-damage|p1a: w\/o Scarcity|299\/341|[from] Stealth Rock
|move|p2a: Milotic|Dragon Tail|p1a: w\/o Scarcity
|-damage|p1a: w\/o Scarcity|269\/341
|drag|p1a: w\/o Finality|Flygon, F|283\/301
|-damage|p1a: w\/o Finality|265\/301|[from] Stealth Rock
|
|-weather|Sandstorm|[upkeep]
|-damage|p2a: Milotic|286\/394|[from] sandstorm
|-heal|p2a: Milotic|310\/394|[from] item: Leftovers
|turn|20
|
|move|p1a: w\/o Finality|U-turn|p2a: Milotic
|-damage|p2a: Milotic|246\/394
|
|switch|p1a: w\/o Scarcity|Shaymin|269\/341
|-damage|p1a: w\/o Scarcity|227\/341|[from] Stealth Rock
|move|p2a: Milotic|Dragon Tail|p1a: w\/o Scarcity
|-damage|p1a: w\/o Scarcity|198\/341
|drag|p1a: w\/o Finality|Flygon, F|265\/301
|-damage|p1a: w\/o Finality|247\/301|[from] Stealth Rock
|
|-weather|Sandstorm|[upkeep]
|-damage|p2a: Milotic|222\/394|[from] sandstorm
|-heal|p2a: Milotic|246\/394|[from] item: Leftovers
|turn|21
|
|move|p1a: w\/o Finality|U-turn|p2a: Milotic
|-damage|p2a: Milotic|183\/394
|
|switch|p1a: w\/o Scarcity|Shaymin|198\/341
|-damage|p1a: w\/o Scarcity|156\/341|[from] Stealth Rock
|move|p2a: Milotic|Recover|p2a: Milotic
|-heal|p2a: Milotic|380\/394
|
|-weather|none
|-heal|p2a: Milotic|394\/394|[from] item: Leftovers
|turn|22
|
|switch|p2a: Noivern|Noivern, M|121\/312
|-item|p1a: w\/o Scarcity|Life Orb|[from] ability: Frisk|[of] p2a: Noivern|[identify]
|move|p1a: w\/o Scarcity|Psychic|p2a: Noivern
|-damage|p2a: Noivern|0 fnt
|-damage|p1a: w\/o Scarcity|122\/341|[from] item: Life Orb
|faint|p2a: Noivern
|
|
|switch|p2a: Darmanitan|Darmanitan, M|351\/351
|turn|23
|
|switch|p1a: w\/o Aggresion|Infernape, F|114\/293
|-damage|p1a: w\/o Aggresion|78\/293|[from] Stealth Rock
|move|p2a: Darmanitan|U-turn|p1a: w\/o Aggresion
|-resisted|p1a: w\/o Aggresion
|-damage|p1a: w\/o Aggresion|47\/293
|
|switch|p2a: Toxicroak|Toxicroak, M|307\/307
|-item|p2a: Toxicroak|Air Balloon
|
|turn|24
|
|switch|p2a: Forretress|Forretress, F|331\/354
|move|p1a: w\/o Aggresion|Mach Punch|p2a: Forretress
|-damage|p2a: Forretress|275\/354
|-damage|p1a: w\/o Aggresion|18\/293|[from] item: Life Orb
|
|turn|25
|
|switch|p2a: Milotic|Milotic, M|394\/394
|move|p1a: w\/o Aggresion|Flare Blitz|p2a: Milotic
|-resisted|p2a: Milotic
|-damage|p2a: Milotic|291\/394
|-damage|p1a: w\/o Aggresion|0 fnt|[from] recoil|[of] p2a: Milotic
|faint|p1a: w\/o Aggresion
|
|-heal|p2a: Milotic|315\/394|[from] item: Leftovers
|
|switch|p1a: w\/o Scarcity|Shaymin|122\/341
|-damage|p1a: w\/o Scarcity|80\/341|[from] Stealth Rock
|turn|26
|
|switch|p2a: Forretress|Forretress, F|275\/354
|move|p1a: w\/o Scarcity|Seed Flare|p2a: Forretress|[miss]
|-miss|p1a: w\/o Scarcity|p2a: Forretress
|
|turn|27
|
|move|p1a: w\/o Scarcity|Earth Power|p2a: Forretress
|-damage|p2a: Forretress|74\/354
|-damage|p1a: w\/o Scarcity|46\/341|[from] item: Life Orb
|move|p2a: Forretress|Gyro Ball|p1a: w\/o Scarcity
|-damage|p1a: w\/o Scarcity|0 fnt
|faint|p1a: w\/o Scarcity
|
|
|switch|p1a: w\/o Escape|Blastoise-Mega, M|108\/346
|-damage|p1a: w\/o Escape|65\/346|[from] Stealth Rock
|turn|28
|
|move|p1a: w\/o Escape|Rapid Spin|p2a: Forretress
|-resisted|p2a: Forretress
|-damage|p2a: Forretress|70\/354
|-sideend|p1: Workerbeez12|Stealth Rock|[from] move: Rapid Spin|[of] p1a: w\/o Escape
|move|p2a: Forretress|Volt Switch|p1a: w\/o Escape
|-supereffective|p1a: w\/o Escape
|-damage|p1a: w\/o Escape|0 fnt
|faint|p1a: w\/o Escape
|
|switch|p2a: Milotic|Milotic, M|315\/394
|
|-heal|p2a: Milotic|339\/394|[from] item: Leftovers
|
|switch|p1a: w\/o Immersion|Hippowdon, M|358\/420
|-weather|Sandstorm
|turn|29
|
|move|p2a: Milotic|Scald|p1a: w\/o Immersion
|-crit|p1a: w\/o Immersion
|-supereffective|p1a: w\/o Immersion
|-damage|p1a: w\/o Immersion|0 fnt
|faint|p1a: w\/o Immersion
|
|-weather|Sandstorm|[upkeep]
|-damage|p2a: Milotic|315\/394|[from] sandstorm
|-heal|p2a: Milotic|339\/394|[from] item: Leftovers
|
|switch|p1a: w\/o Finality|Flygon, F|247\/301
|turn|30
|
|move|p1a: w\/o Finality|Outrage|p2a: Milotic
|-damage|p2a: Milotic|179\/394
|move|p2a: Milotic|Scald|p1a: w\/o Finality
|-damage|p1a: w\/o Finality|139\/301
|-status|p1a: w\/o Finality|brn
|
|-weather|Sandstorm|[upkeep]
|-damage|p2a: Milotic|155\/394|[from] sandstorm
|-heal|p2a: Milotic|179\/394|[from] item: Leftovers
|-damage|p1a: w\/o Finality|102\/301 brn|[from] brn
|turn|31
|
|move|p1a: w\/o Finality|Outrage|p2a: Milotic
|-damage|p2a: Milotic|92\/394
|move|p2a: Milotic|Scald|p1a: w\/o Finality
|-damage|p1a: w\/o Finality|0 fnt
|faint|p1a: w\/o Finality
|
|win|Toreutic
|raw|Ladder updating...
|chat|Workerbeez12|gg
|raw|Workerbeez12's rating: 1538 &rarr; <strong>1511<\/strong><br \/>(-27 for losing)
|raw|Toreutic's rating: 1409 &rarr; <strong>1436<\/strong><br \/>(+27 for winning)
|chat|Toreutic|gg
|leave|Workerbeez12
|player|p1