|join|dodmen
|join|Toreutic
|player|p1|dodmen|171
|player|p2|Toreutic|126
|gametype|singles
|gen|6
|tier|UU
|rated
|rule|Sleep Clause Mod: Limit one foe put to sleep
|rule|Species Clause: Limit one of each Pokémon
|rule|OHKO Clause: OHKO moves are banned
|rule|Moody Clause: Moody is banned
|rule|Evasion Moves Clause: Evasion moves are banned
|rule|Endless Battle Clause: Forcing endless battles is banned
|rule|HP Percentage Mod: HP is shown in percentages
|clearpoke
|poke|p1|Florges, F
|poke|p1|Diancie
|poke|p1|Krookodile, M
|poke|p1|Jirachi
|poke|p1|Dragalge, M
|poke|p1|Vaporeon, F
|poke|p2|Whimsicott, M
|poke|p2|Chandelure, F
|poke|p2|Mienshao, M
|poke|p2|Starmie
|poke|p2|Hippowdon, F
|poke|p2|Entei, shiny
|rule|Swagger Clause: Swagger is banned
|rule|Baton Pass Clause: Limit one Pokémon knowing Baton Pass
|teampreview
|
|start
|switch|p1a: Dragalge|Dragalge, M|334\/334
|switch|p2a: Mienshao|Mienshao, M|271\/271
|turn|1
|
|move|p2a: Mienshao|U-turn|p1a: Dragalge
|-resisted|p1a: Dragalge
|-damage|p1a: Dragalge|301\/334
|
|switch|p2a: Starmie|Starmie|261\/261
|move|p1a: Dragalge|Toxic Spikes|p2a: Starmie
|-sidestart|p2: Toreutic|move: Toxic Spikes
|
|-heal|p1a: Dragalge|321\/334|[from] item: Black Sludge
|turn|2
|
|switch|p1a: Jirachi|Jirachi|341\/341
|move|p2a: Starmie|Rapid Spin|p1a: Jirachi
|-resisted|p1a: Jirachi
|-damage|p1a: Jirachi|332\/341
|-sideend|p2: Toreutic|Toxic Spikes|[from] move: Rapid Spin|[of] p2a: Starmie
|-damage|p2a: Starmie|235\/261|[from] item: Life Orb
|
|turn|3
|
|switch|p2a: Hippowdon|Hippowdon, F|420\/420
|move|p1a: Jirachi|U-turn|p2a: Hippowdon
|-damage|p2a: Hippowdon|372\/420
|-damage|p1a: Jirachi|276\/341|[from] item: Rocky Helmet|[of] p2a: Hippowdon
|
|switch|p1a: Vaporeon|Vaporeon, F|446\/446
|
|turn|4
|
|switch|p2a: Whimsicott|Whimsicott, M|324\/324
|move|p1a: Vaporeon|Scald|p2a: Whimsicott
|-resisted|p2a: Whimsicott
|-damage|p2a: Whimsicott|283\/324
|
|-heal|p2a: Whimsicott|303\/324|[from] item: Leftovers
|turn|5
|
|switch|p1a: Dragalge|Dragalge, M|321\/334
|move|p2a: Whimsicott|Leech Seed|p1a: Dragalge
|-start|p1a: Dragalge|move: Leech Seed
|
|-heal|p2a: Whimsicott|323\/324|[from] item: Leftovers
|-heal|p1a: Dragalge|334\/334|[from] item: Black Sludge
|-damage|p1a: Dragalge|293\/334|[from] Leech Seed|[of] p2a: Whimsicott
|-heal|p2a: Whimsicott|324\/324|[silent]
|turn|6
|
|move|p2a: Whimsicott|U-turn|p1a: Dragalge
|-resisted|p1a: Dragalge
|-damage|p1a: Dragalge|279\/334
|
|switch|p2a: Chandelure|Chandelure, F|261\/261
|move|p1a: Dragalge|Toxic Spikes|p2a: Chandelure
|-sidestart|p2: Toreutic|move: Toxic Spikes
|
|-heal|p1a: Dragalge|299\/334|[from] item: Black Sludge
|-damage|p1a: Dragalge|258\/334|[from] Leech Seed|[of] p2a: Chandelure
|turn|7
|
|switch|p1a: Vaporeon|Vaporeon, F|446\/446
|move|p2a: Chandelure|Trick|p1a: Vaporeon
|-activate|p2a: Chandelure|move: Trick|[of] p1a: Vaporeon
|-item|p1a: Vaporeon|Choice Specs|[from] move: Trick
|-item|p2a: Chandelure|Leftovers|[from] move: Trick
|
|turn|8
|
|move|p2a: Chandelure|Energy Ball|p1a: Vaporeon
|-supereffective|p1a: Vaporeon
|-damage|p1a: Vaporeon|228\/446
|move|p1a: Vaporeon|Ice Beam|p2a: Chandelure
|-resisted|p2a: Chandelure
|-damage|p2a: Chandelure|203\/261
|
|-heal|p2a: Chandelure|219\/261|[from] item: Leftovers
|turn|9
|join|Shit User
|
|switch|p1a: Dragalge|Dragalge, M|258\/334
|move|p2a: Chandelure|Energy Ball|p1a: Dragalge
|-resisted|p1a: Dragalge
|-damage|p1a: Dragalge|229\/334
|
|-heal|p2a: Chandelure|235\/261|[from] item: Leftovers
|-heal|p1a: Dragalge|249\/334|[from] item: Black Sludge
|turn|10
|
|move|p2a: Chandelure|Shadow Ball|p1a: Dragalge
|-damage|p1a: Dragalge|114\/334
|move|p1a: Dragalge|Scald|p2a: Chandelure
|-crit|p2a: Chandelure
|-supereffective|p2a: Chandelure
|-damage|p2a: Chandelure|17\/261
|
|-heal|p2a: Chandelure|33\/261|[from] item: Leftovers
|-heal|p1a: Dragalge|134\/334|[from] item: Black Sludge
|turn|11
|
|switch|p1a: Krookodile|Krookodile, M|331\/331
|-ability|p1a: Krookodile|Intimidate|[of] p2a: Chandelure
|-unboost|p2a: Chandelure|atk|1
|move|p2a: Chandelure|Shadow Ball|p1a: Krookodile
|-resisted|p1a: Krookodile
|-damage|p1a: Krookodile|217\/331
|
|-heal|p2a: Chandelure|49\/261|[from] item: Leftovers
|turn|12
|
|move|p1a: Krookodile|Knock Off|p2a: Chandelure
|-supereffective|p2a: Chandelure
|-damage|p2a: Chandelure|0 fnt
|-enditem|p2a: Chandelure|Leftovers|[from] move: Knock Off|[of] p1a: Krookodile
|faint|p2a: Chandelure
|
|
|switch|p2a: Starmie|Starmie|235\/261
|-status|p2a: Starmie|psn
|turn|13
|
|switch|p1a: Vaporeon|Vaporeon, F|228\/446
|move|p2a: Starmie|Hydro Pump|p1a: Vaporeon
|-heal|p1a: Vaporeon|339\/446|[from] ability: Water Absorb|[of] p2a: Starmie
|
|-damage|p2a: Starmie|203\/261 psn|[from] psn
|turn|14
|c| Shit User|o
|
|move|p2a: Starmie|Rapid Spin|p1a: Vaporeon
|-damage|p1a: Vaporeon|322\/446
|-sideend|p2: Toreutic|Toxic Spikes|[from] move: Rapid Spin|[of] p2a: Starmie
|-damage|p2a: Starmie|177\/261 psn|[from] item: Life Orb
|move|p1a: Vaporeon|Scald|p2a: Starmie
|-resisted|p2a: Starmie
|-damage|p2a: Starmie|96\/261 psn
|
|-damage|p2a: Starmie|64\/261 psn|[from] psn
|turn|15
|c| Shit User|cool
|
|switch|p1a: Jirachi|Jirachi|276\/341
|move|p2a: Starmie|Psyshock|p1a: Jirachi
|-resisted|p1a: Jirachi
|-damage|p1a: Jirachi|224\/341
|-damage|p2a: Starmie|38\/261 psn|[from] item: Life Orb
|
|-damage|p2a: Starmie|6\/261 psn|[from] psn
|turn|16
|
|switch|p2a: Hippowdon|Hippowdon, F|372\/420
|move|p1a: Jirachi|U-turn|p2a: Hippowdon
|-damage|p2a: Hippowdon|326\/420
|-damage|p1a: Jirachi|168\/341|[from] item: Rocky Helmet|[of] p2a: Hippowdon
|
|switch|p1a: Krookodile|Krookodile, M|217\/331
|-ability|p1a: Krookodile|Intimidate|[of] p2a: Hippowdon
|-unboost|p2a: Hippowdon|atk|1
|
|turn|17
|
|move|p1a: Krookodile|Stealth Rock|p2a: Hippowdon
|-sidestart|p2: Toreutic|move: Stealth Rock
|move|p2a: Hippowdon|Stealth Rock|p1a: Krookodile
|-sidestart|p1: dodmen|move: Stealth Rock
|
|turn|18
|
|switch|p2a: Starmie|Starmie|6\/261 psn
|-damage|p2a: Starmie|0 fnt|[from] Stealth Rock
|faint|p2a: Starmie
|move|p1a: Krookodile|Knock Off|p2: Starmie|[notarget]
|-notarget
|
|
|switch|p2a: Whimsicott|Whimsicott, M|324\/324
|-damage|p2a: Whimsicott|284\/324|[from] Stealth Rock
|turn|19
|
|move|p2a: Whimsicott|Leech Seed|p1a: Krookodile|[miss]
|-miss|p2a: Whimsicott|p1a: Krookodile
|move|p1a: Krookodile|Knock Off|p2a: Whimsicott
|-resisted|p2a: Whimsicott
|-damage|p2a: Whimsicott|182\/324
|-enditem|p2a: Whimsicott|Leftovers|[from] move: Knock Off|[of] p1a: Krookodile
|
|turn|20
|join|ashiemore
|
|move|p2a: Whimsicott|Leech Seed|p1a: Krookodile
|-start|p1a: Krookodile|move: Leech Seed
|move|p1a: Krookodile|Earthquake|p2a: Whimsicott
|-crit|p2a: Whimsicott
|-resisted|p2a: Whimsicott
|-damage|p2a: Whimsicott|46\/324
|
|-damage|p1a: Krookodile|176\/331|[from] Leech Seed|[of] p2a: Whimsicott
|-heal|p2a: Whimsicott|87\/324|[silent]
|turn|21
|
|switch|p1a: Dragalge|Dragalge, M|134\/334
|-damage|p1a: Dragalge|93\/334|[from] Stealth Rock
|move|p2a: Whimsicott|U-turn|p1a: Dragalge
|-resisted|p1a: Dragalge
|-damage|p1a: Dragalge|77\/334
|
|switch|p2a: Mienshao|Mienshao, M|271\/271
|-damage|p2a: Mienshao|255\/271|[from] Stealth Rock
|
|-heal|p1a: Dragalge|97\/334|[from] item: Black Sludge
|turn|22
|join|OG_Wanka
|
|move|p2a: Mienshao|High Jump Kick|p1a: Dragalge
|-resisted|p1a: Dragalge
|-damage|p1a: Dragalge|17\/334
|move|p1a: Dragalge|Toxic Spikes|p2a: Mienshao
|-sidestart|p2: Toreutic|move: Toxic Spikes
|
|-heal|p1a: Dragalge|37\/334|[from] item: Black Sludge
|turn|23
|
|move|p2a: Mienshao|High Jump Kick|p1a: Dragalge
|-resisted|p1a: Dragalge
|-damage|p1a: Dragalge|0 fnt
|faint|p1a: Dragalge
|
|
|switch|p1a: Florges|Florges, F|335\/335
|-damage|p1a: Florges|294\/335|[from] Stealth Rock
|turn|24
|join|elemelonium
|
|switch|p2a: Whimsicott|Whimsicott, M|87\/324
|-status|p2a: Whimsicott|psn
|-damage|p2a: Whimsicott|47\/324 psn|[from] Stealth Rock
|switch|p1a: Krookodile|Krookodile, M|176\/331
|-damage|p1a: Krookodile|156\/331|[from] Stealth Rock
|-ability|p1a: Krookodile|Intimidate|[of] p2a: Whimsicott
|-unboost|p2a: Whimsicott|atk|1
|
|-damage|p2a: Whimsicott|7\/324 psn|[from] psn
|turn|25
|
|move|p2a: Whimsicott|Leech Seed|p1a: Krookodile
|-start|p1a: Krookodile|move: Leech Seed
|move|p1a: Krookodile|Knock Off|p2a: Whimsicott
|-resisted|p2a: Whimsicott
|-damage|p2a: Whimsicott|0 fnt
|faint|p2a: Whimsicott
|
|
|switch|p2a: Mienshao|Mienshao, M|271\/271
|-damage|p2a: Mienshao|255\/271|[from] Stealth Rock
|-status|p2a: Mienshao|psn
|turn|26
|
|switch|p1a: Vaporeon|Vaporeon, F|322\/446
|-damage|p1a: Vaporeon|267\/446|[from] Stealth Rock
|move|p2a: Mienshao|High Jump Kick|p1a: Vaporeon
|-damage|p1a: Vaporeon|41\/446
|
|-damage|p2a: Mienshao|222\/271 psn|[from] psn
|turn|27
|
|move|p2a: Mienshao|High Jump Kick|p1a: Vaporeon
|-damage|p1a: Vaporeon|0 fnt
|faint|p1a: Vaporeon
|
|-damage|p2a: Mienshao|189\/271 psn|[from] psn
|
|switch|p1a: Florges|Florges, F|294\/335
|-damage|p1a: Florges|253\/335|[from] Stealth Rock
|turn|28
|
|switch|p2a: Entei|Entei, shiny|371\/371
|-status|p2a: Entei|psn
|-damage|p2a: Entei|279\/371 psn|[from] Stealth Rock
|-ability|p2a: Entei|Pressure
|switch|p1a: Krookodile|Krookodile, M|156\/331
|-damage|p1a: Krookodile|136\/331|[from] Stealth Rock
|-ability|p1a: Krookodile|Intimidate|[of] p2a: Entei
|-unboost|p2a: Entei|atk|1
|
|-damage|p2a: Entei|233\/371 psn|[from] psn
|turn|29
|
|move|p1a: Krookodile|Earthquake|p2a: Entei
|-supereffective|p2a: Entei
|-damage|p2a: Entei|0 fnt
|faint|p2a: Entei
|
|c| Shit User|lol
|
|switch|p2a: Mienshao|Mienshao, M|271\/271 psn
|-damage|p2a: Mienshao|255\/271 psn|[from] Stealth Rock
|turn|30
|c| Shit User|o
|
|move|p2a: Mienshao|High Jump Kick|p1a: Krookodile
|-supereffective|p1a: Krookodile
|-damage|p1a: Krookodile|0 fnt
|faint|p1a: Krookodile
|
|-damage|p2a: Mienshao|222\/271 psn|[from] psn
|c| elemelonium|regenerator scarf
|c| elemelonium|wot
|
|switch|p1a: Florges|Florges, F|253\/335
|-damage|p1a: Florges|212\/335|[from] Stealth Rock
|turn|31
|c| OG_Wanka|-.-
|
|move|p2a: Mienshao|High Jump Kick|p1a: Florges|[miss]
|-miss|p2a: Mienshao|p1a: Florges
|-damage|p2a: Mienshao|87\/271 psn|[from] highjumpkick
|move|p1a: Florges|Synthesis|p1a: Florges
|-heal|p1a: Florges|335\/335
|
|-damage|p2a: Mienshao|54\/271 psn|[from] psn
|turn|32
|c| Shit User|?!?!?!
|c| Shit User|sick
|c| OG_Wanka|my bruhta use rekless youll be happier
|c| OG_Wanka|i swear
|c| OG_Wanka|brutha
|
|move|p2a: Mienshao|High Jump Kick|p1a: Florges|[miss]
|-miss|p2a: Mienshao|p1a: Florges
|-damage|p2a: Mienshao|0 fnt|[from] highjumpkick
|faint|p2a: Mienshao
|move|p1a: Florges|Calm Mind|p1a: Florges
|-boost|p1a: Florges|spa|1
|-boost|p1a: Florges|spd|1
|
|c| elemelonium|mfw
|c| Shit User|mfw
|c| OG_Wanka|l0ll00l0l0l0l0l
|c| elemelonium|dod lucky fgt
|c|+ashiemore|kek
|c| OG_Wanka|in
|c|★Toreutic|:c
|c|★dodmen|lol
|
|switch|p2a: Hippowdon|Hippowdon, F|326\/420
|-damage|p2a: Hippowdon|300\/420|[from] Stealth Rock
|-status|p2a: Hippowdon|psn
|turn|33
|c|★dodmen|implying that mattered
|c| OG_Wanka|so far in
|c| Shit User|may have
|
|move|p1a: Florges|Moonblast|p2a: Hippowdon
|-damage|p2a: Hippowdon|59\/420 psn
|move|p2a: Hippowdon|Earthquake|p1a: Florges
|-damage|p1a: Florges|214\/335
|
|-heal|p1a: Florges|234\/335|[from] item: Leftovers
|-damage|p2a: Hippowdon|7\/420 psn|[from] psn
|turn|34
|c|★dodmen|i'm max def
|c| elemelonium|its the principle,,,,
|
|move|p1a: Florges|Moonblast|p2a: Hippowdon
|-damage|p2a: Hippowdon|0 fnt
|faint|p2a: Hippowdon
|
|win|dodmen
|raw|Ladder updating...
|c|★Toreutic|gg
|c|★dodmen|gg
|leave|ashiemore
|raw|dodmen's rating: 1396 &rarr; <strong>1408<\/strong><br \/>(+12 for winning)
|raw|Toreutic's rating: 1259 &rarr; <strong>1243<\/strong><br \/>(-16 for losing)
|leave|Toreutic
|player|p2
|leave|dodmen
|player|p1
|leave|Shit User
|leave|elemelonium
|leave|OG_Wanka