|join|Toreutic
|join|xxmikey65xx
|player|p1|Toreutic|126
|player|p2|xxmikey65xx|15
|gametype|singles
|gen|6
|tier|UU
|rated
|rule|Sleep Clause Mod: Limit one foe put to sleep
|rule|Species Clause: Limit one of each Pokémon
|rule|OHKO Clause: OHKO moves are banned
|rule|Moody Clause: Moody is banned
|rule|Evasion Moves Clause: Evasion moves are banned
|rule|Endless Battle Clause: Forcing endless battles is banned
|rule|HP Percentage Mod: HP is shown in percentages
|clearpoke
|poke|p1|Machamp, F
|poke|p1|Espeon, F
|poke|p1|Mienshao, M
|poke|p1|Infernape, M
|poke|p1|Aerodactyl, M
|poke|p1|Hydreigon, F
|poke|p2|Serperior, F, shiny
|poke|p2|Beedrill, M, shiny
|poke|p2|Hippowdon, M
|poke|p2|Nidoking, M, shiny
|poke|p2|Starmie, shiny
|poke|p2|Eelektross, M, shiny
|rule|Swagger Clause: Swagger is banned
|rule|Baton Pass Clause: Limit one Pokémon knowing Baton Pass
|teampreview
|
|start
|switch|p1a: Hydreigon|Hydreigon, F|325\/325
|switch|p2a: Buzz|Beedrill, M, shiny|271\/271
|turn|1
|
|switch|p1a: Aerodactyl|Aerodactyl, M|309\/309
|-ability|p1a: Aerodactyl|Pressure
|detailschange|p2a: Buzz|Beedrill-Mega, M, shiny
|-mega|p2a: Buzz|Beedrill|Beedrillite
|move|p2a: Buzz|Protect|p2a: Buzz
|-fail|p2a: Buzz
|
|turn|2
|
|detailschange|p1a: Aerodactyl|Aerodactyl-Mega, M
|-mega|p1a: Aerodactyl|Aerodactyl|Aerodactylite
|move|p2a: Buzz|U-turn|p1a: Aerodactyl
|-crit|p1a: Aerodactyl
|-resisted|p1a: Aerodactyl
|-damage|p1a: Aerodactyl|163\/309
|
|switch|p2a: Open Wide|Hippowdon, M|420\/420
|-weather|Sandstorm
|move|p1a: Aerodactyl|Aerial Ace|p2a: Open Wide
|-damage|p2a: Open Wide|326\/420
|
|-weather|Sandstorm|[upkeep]
|-heal|p2a: Open Wide|352\/420|[from] item: Leftovers
|turn|3
|
|switch|p1a: Hydreigon|Hydreigon, F|325\/325
|move|p2a: Open Wide|Slack Off|p2a: Open Wide
|-heal|p2a: Open Wide|420\/420
|
|-weather|Sandstorm|[upkeep]
|-damage|p1a: Hydreigon|305\/325|[from] sandstorm
|turn|4
|
|move|p1a: Hydreigon|Draco Meteor|p2a: Open Wide
|-damage|p2a: Open Wide|0 fnt
|-unboost|p1a: Hydreigon|spa|2
|faint|p2a: Open Wide
|
|-weather|Sandstorm|[upkeep]
|-damage|p1a: Hydreigon|285\/325|[from] sandstorm
|
|switch|p2a: Regal|Serperior, F, shiny|291\/291
|turn|5
|
|move|p2a: Regal|Leaf Storm|p1a: Hydreigon
|-resisted|p1a: Hydreigon
|-damage|p1a: Hydreigon|184\/325
|-boost|p2a: Regal|spa|2
|move|p1a: Hydreigon|Draco Meteor|p2a: Regal
|-damage|p2a: Regal|96\/291
|-unboost|p1a: Hydreigon|spa|2
|
|-weather|Sandstorm|[upkeep]
|-damage|p2a: Regal|78\/291|[from] sandstorm
|-damage|p1a: Hydreigon|164\/325|[from] sandstorm
|turn|6
|
|switch|p1a: Espeon|Espeon, F|334\/334
|move|p2a: Regal|Leaf Storm|p1a: Espeon|[miss]
|-miss|p2a: Regal|p1a: Espeon
|
|-weather|none
|turn|7
|
|move|p2a: Regal|Leaf Storm|p1a: Espeon
|-damage|p1a: Espeon|0 fnt
|-boost|p2a: Regal|spa|2
|faint|p1a: Espeon
|
|
|switch|p1a: Mienshao|Mienshao, M|271\/271
|turn|8
|
|move|p1a: Mienshao|U-turn|p2a: Regal
|-supereffective|p2a: Regal
|-damage|p2a: Regal|0 fnt
|faint|p2a: Regal
|
|switch|p1a: Aerodactyl|Aerodactyl-Mega, M|163\/309
|
|
|switch|p2a: Eelectric Eel|Eelektross, M, shiny|373\/373
|turn|9
|
|move|p1a: Aerodactyl|Stealth Rock|p2a: Eelectric Eel
|-sidestart|p2: xxmikey65xx|move: Stealth Rock
|move|p2a: Eelectric Eel|Thunderbolt|p1a: Aerodactyl
|-supereffective|p1a: Aerodactyl
|-damage|p1a: Aerodactyl|0 fnt
|faint|p1a: Aerodactyl
|
|
|switch|p1a: Hydreigon|Hydreigon, F|164\/325
|turn|10
|
|move|p1a: Hydreigon|Draco Meteor|p2a: Eelectric Eel
|-damage|p2a: Eelectric Eel|70\/373
|-unboost|p1a: Hydreigon|spa|2
|move|p2a: Eelectric Eel|Flash Cannon|p1a: Hydreigon
|-damage|p1a: Hydreigon|70\/325
|
|turn|11
|
|switch|p2a: Patrick Star|Starmie, shiny|324\/324
|-damage|p2a: Patrick Star|284\/324|[from] Stealth Rock
|move|p1a: Hydreigon|Draco Meteor|p2a: Patrick Star
|-damage|p2a: Patrick Star|149\/324
|-unboost|p1a: Hydreigon|spa|2
|
|-heal|p2a: Patrick Star|169\/324|[from] item: Leftovers
|turn|12
|
|switch|p1a: Mienshao|Mienshao, M|271\/271
|move|p2a: Patrick Star|Thunder Wave|p1a: Mienshao
|-status|p1a: Mienshao|par
|
|-heal|p2a: Patrick Star|189\/324|[from] item: Leftovers
|turn|13
|
|move|p2a: Patrick Star|Recover|p2a: Patrick Star
|-heal|p2a: Patrick Star|324\/324
|move|p1a: Mienshao|Knock Off|p2a: Patrick Star
|-supereffective|p2a: Patrick Star
|-damage|p2a: Patrick Star|48\/324
|-enditem|p2a: Patrick Star|Leftovers|[from] move: Knock Off|[of] p1a: Mienshao
|
|turn|14
|
|move|p2a: Patrick Star|Recover|p2a: Patrick Star
|-heal|p2a: Patrick Star|210\/324
|move|p1a: Mienshao|Knock Off|p2a: Patrick Star
|-supereffective|p2a: Patrick Star
|-damage|p2a: Patrick Star|50\/324
|
|turn|15
|
|switch|p1a: Hydreigon|Hydreigon, F|70\/325
|move|p2a: Patrick Star|Recover|p2a: Patrick Star
|-heal|p2a: Patrick Star|212\/324
|
|turn|16
|
|move|p1a: Hydreigon|Dark Pulse|p2a: Patrick Star
|-supereffective|p2a: Patrick Star
|-damage|p2a: Patrick Star|0 fnt
|faint|p2a: Patrick Star
|
|
|switch|p2a: Buzz|Beedrill-Mega, M, shiny|271\/271
|-damage|p2a: Buzz|204\/271|[from] Stealth Rock
|turn|17
|
|switch|p1a: Mienshao|Mienshao, M|271\/271 par
|move|p2a: Buzz|Poison Jab|p1a: Mienshao
|-damage|p1a: Mienshao|0 fnt
|faint|p1a: Mienshao
|
|
|switch|p1a: Machamp|Machamp, F|373\/373
|turn|18
|
|move|p2a: Buzz|Protect|p2a: Buzz
|-singleturn|p2a: Buzz|Protect
|move|p1a: Machamp|Ice Punch|p2a: Buzz
|-activate|p2a: Buzz|Protect
|
|turn|19
|
|move|p2a: Buzz|U-turn|p1a: Machamp
|-resisted|p1a: Machamp
|-damage|p1a: Machamp|271\/373
|
|switch|p2a: Eelectric Eel|Eelektross, M, shiny|70\/373
|-damage|p2a: Eelectric Eel|24\/373|[from] Stealth Rock
|move|p1a: Machamp|Ice Punch|p2a: Eelectric Eel
|-damage|p2a: Eelectric Eel|0 fnt
|faint|p2a: Eelectric Eel
|
|
|switch|p2a: The King|Nidoking, M, shiny|304\/304
|-damage|p2a: The King|285\/304|[from] Stealth Rock
|turn|20
|
|switch|p1a: Infernape|Infernape, M|293\/293
|move|p2a: The King|Sludge Wave|p1a: Infernape
|-damage|p1a: Infernape|65\/293
|
|turn|21
|
|move|p2a: The King|Sludge Wave|p1a: Infernape
|-damage|p1a: Infernape|0 fnt
|faint|p1a: Infernape
|
|
|switch|p1a: Hydreigon|Hydreigon, F|70\/325
|turn|22
|c|★xxmikey65xx|gg
|c|★Toreutic|gg
|-message|Toreutic forfeited.
|leave|Toreutic
|
|win|xxmikey65xx
|raw|Ladder updating...
|player|p1
|raw|Toreutic's rating: 1383 &rarr; <strong>1352<\/strong><br \/>(-31 for losing)
|raw|xxmikey65xx's rating: 1178 &rarr; <strong>1216<\/strong><br \/>(+38 for winning)