|join|bouff
|join|0rbital
|player|p1|bouff|176
|player|p2|0rbital|248
|gametype|singles
|gen|6
|tier|UU
|rated
|rule|Sleep Clause Mod: Limit one foe put to sleep
|rule|Species Clause: Limit one of each Pokémon
|rule|OHKO Clause: OHKO moves are banned
|rule|Moody Clause: Moody is banned
|rule|Evasion Moves Clause: Evasion moves are banned
|rule|Endless Battle Clause: Forcing endless battles is banned
|rule|HP Percentage Mod: HP is shown in percentages
|clearpoke
|poke|p1|Beedrill, F
|poke|p1|Jirachi
|poke|p1|Raikou
|poke|p1|Swampert, F
|poke|p1|Crobat, F
|poke|p1|Machamp, M
|poke|p2|Sceptile, M
|poke|p2|Vaporeon, M
|poke|p2|Jirachi
|poke|p2|Krookodile, F
|poke|p2|Crobat, M
|poke|p2|Infernape, M
|rule|Swagger Clause: Swagger is banned
|rule|Baton Pass Clause: Limit one Pokémon knowing Baton Pass
|teampreview
|join|Omfuga
|c| Omfuga|orbital
|c| Omfuga|my nigga
|
|start
|switch|p1a: SLS|Beedrill, F|272\/272
|switch|p2a: Infernape|Infernape, M|293\/293
|turn|1
|c| Omfuga|dash.
|join|kokoloko
|join|PURRL
|join|Calloflochie
|
|detailschange|p1a: SLS|Beedrill-Mega, F
|message|Beedrill has Mega Evolved into Mega Beedrill!
|move|p1a: SLS|Protect|p1a: SLS
|-singleturn|p1a: SLS|Protect
|move|p2a: Infernape|Flare Blitz|p1a: SLS
|-activate|p1a: SLS|Protect
|
|turn|2
|
|switch|p2a: Crobat|Crobat, M|373\/373
|switch|p1a: ON THE BEACH|Swampert, F|401\/401
|
|turn|3
|
|move|p2a: Crobat|Toxic|p1a: ON THE BEACH
|-status|p1a: ON THE BEACH|tox
|move|p1a: ON THE BEACH|Stealth Rock|p2a: Crobat
|-sidestart|p2: 0rbital|move: Stealth Rock
|
|-damage|p1a: ON THE BEACH|376\/401 tox|[from] psn
|turn|4
|
|switch|p2a: Vaporeon|Vaporeon, M|464\/464
|-damage|p2a: Vaporeon|406\/464|[from] Stealth Rock
|switch|p1a: RECOGNIZE|Jirachi|341\/341
|
|-heal|p2a: Vaporeon|435\/464|[from] item: Leftovers
|turn|5
|join|BrB 018
|
|move|p1a: RECOGNIZE|U-turn|p2a: Vaporeon
|-damage|p2a: Vaporeon|368\/464
|c| BrB 018|.
|
|switch|p1a: FWU|Raikou|322\/322
|-ability|p1a: FWU|Pressure
|move|p2a: Vaporeon|Baton Pass|p2a: Vaporeon
|c| Omfuga|wish he had a dugtrio
|c| Omfuga|how crisp would tht be
|c| Omfuga|I get it now.
|c| BrB 018|xd
|c|★bouff|bro
|c|★bouff|im scarf.
|c| Omfuga|scarf hp ice
|c| Omfuga|wotn OHKO duggy
|c| Omfuga|even duggy cant be that bad..
|c|+Calloflochie|wait
|
|switch|p2a: Sceptile|Sceptile, M|281\/281
|-damage|p2a: Sceptile|246\/281|[from] Stealth Rock
|
|turn|6
|c|★bouff|-spd for the
|c|+Calloflochie|did koko ban me
|c|★bouff|wait
|c| Omfuga|yes he did
|c|★bouff|why did you
|c| Omfuga|lool
|c|★bouff|go into this
|c|★bouff|hello?
|c|+Calloflochie|rats
|
|switch|p2a: Jirachi|Jirachi|404\/404
|-damage|p2a: Jirachi|379\/404|[from] Stealth Rock
|move|p1a: FWU|Hidden Power|p2a: Jirachi
|-resisted|p2a: Jirachi
|-damage|p2a: Jirachi|341\/404
|
|-heal|p2a: Jirachi|366\/404|[from] item: Leftovers
|turn|7
|c|★bouff|ah
|c| BrB 018|PLAYS
|c| Omfuga|dash space outplayed.
|c|★bouff|nice n lured.
|
|switch|p1a: ON THE BEACH|Swampert, F|376\/401 tox
|move|p2a: Jirachi|Stealth Rock|p1a: ON THE BEACH
|-sidestart|p1: bouff|move: Stealth Rock
|
|-heal|p2a: Jirachi|391\/404|[from] item: Leftovers
|-heal|p1a: ON THE BEACH|401\/401 tox|[from] item: Leftovers
|-damage|p1a: ON THE BEACH|376\/401 tox|[from] psn
|turn|8
|c| Omfuga|hes not rlly scarfed tho
|c|+Calloflochie|spose ill have to find koko's mom
|c|+Calloflochie|on facebook now too
|join|Ajna
|c|+Calloflochie|brb.
|c| Omfuga|,
|c| Omfuga|ur a poopyhead
|c| Omfuga|..........
|c| Omfuga|you're a fag.
|c|+Calloflochie|fuga
|c| BrB 018|wut
|join|hi dad
|c|+Calloflochie|i already found ur crush
|c|+Calloflochie|on facebook
|c| Omfuga|..........
|
|switch|p2a: Vaporeon|Vaporeon, M|368\/464
|-damage|p2a: Vaporeon|310\/464|[from] Stealth Rock
|move|p1a: ON THE BEACH|Roar|p2a: Vaporeon
|drag|p2a: Sceptile|Sceptile, M|246\/281
|-damage|p2a: Sceptile|211\/281|[from] Stealth Rock
|
|-heal|p1a: ON THE BEACH|401\/401 tox|[from] item: Leftovers
|-damage|p1a: ON THE BEACH|351\/401 tox|[from] psn
|turn|9
|c|+Calloflochie|gonna message her soon.
|c| PURRL|LOOL
|c|★bouff|i alrdy know why im losin
|c|★bouff|im not playin ferg
|c|★bouff|R U SRS
|c|★bouff|https:\/\/www.youtube.com\/watch?v=7ULIg_MgF8M
|c|★0rbital|hehe
|leave|kokoloko
|c|★bouff|sing with me bros u gotta
|c|★bouff|help me
|
|switch|p1a: RECOGNIZE|Jirachi|341\/341
|-damage|p1a: RECOGNIZE|320\/341|[from] Stealth Rock
|detailschange|p2a: Sceptile|Sceptile-Mega, M
|message|Sceptile has Mega Evolved into Mega Sceptile!
|move|p2a: Sceptile|Substitute|p2a: Sceptile
|-start|p2a: Sceptile|Substitute
|-damage|p2a: Sceptile|141\/281
|
|turn|10
|
|move|p2a: Sceptile|Focus Blast|p1a: RECOGNIZE
|-damage|p1a: RECOGNIZE|163\/341
|move|p1a: RECOGNIZE|U-turn|p2a: Sceptile
|-supereffective|p2a: Sceptile
|-end|p2a: Sceptile|Substitute
|
|switch|p1a: EAST LIBERTY|Crobat, F|335\/335
|-damage|p1a: EAST LIBERTY|252\/335|[from] Stealth Rock
|
|turn|11
|join|Jared.O
|c|★bouff|stop getting ghosted Friend.
|c| Omfuga|....
|c| Omfuga|why is sub scept still a thing
|
|switch|p2a: Crobat|Crobat, M|373\/373
|-damage|p2a: Crobat|280\/373|[from] Stealth Rock
|move|p1a: EAST LIBERTY|Roost|p1a: EAST LIBERTY
|-heal|p1a: EAST LIBERTY|335\/335
|
|-heal|p2a: Crobat|303\/373|[from] item: Black Sludge
|turn|12
|c|★bouff|bro i just wish blunder was here
|c| Omfuga|4 attack with leaf storm still the best
|c|★bouff|to help me with my ferg singing...
|
|move|p1a: EAST LIBERTY|Brave Bird|p2a: Crobat
|-damage|p2a: Crobat|66\/373
|-damage|p1a: EAST LIBERTY|257\/335|[from] recoil|[of] p2a: Crobat
|move|p2a: Crobat|Brave Bird|p1a: EAST LIBERTY
|-damage|p1a: EAST LIBERTY|98\/335
|-damage|p2a: Crobat|14\/373|[from] recoil|[of] p1a: EAST LIBERTY
|
|-heal|p2a: Crobat|37\/373|[from] item: Black Sludge
|turn|13
|c|★0rbital|too weak
|c|★0rbital|i need pl8
|leave|Jared.O
|
|move|p1a: EAST LIBERTY|Roost|p1a: EAST LIBERTY
|-heal|p1a: EAST LIBERTY|266\/335
|move|p2a: Crobat|Brave Bird|p1a: EAST LIBERTY
|-damage|p1a: EAST LIBERTY|97\/335
|-damage|p2a: Crobat|0 fnt|[from] recoil|[of] p1a: EAST LIBERTY
|faint|p2a: Crobat
|
|
|switch|p2a: Sceptile|Sceptile-Mega, M|141\/281
|-damage|p2a: Sceptile|106\/281|[from] Stealth Rock
|turn|14
|join|tomibello
|
|switch|p1a: RECOGNIZE|Jirachi|163\/341
|-damage|p1a: RECOGNIZE|142\/341|[from] Stealth Rock
|move|p2a: Sceptile|Dragon Pulse|p1a: RECOGNIZE
|-resisted|p1a: RECOGNIZE
|-damage|p1a: RECOGNIZE|53\/341
|
|turn|15
|
|move|p2a: Sceptile|Dragon Pulse|p1a: RECOGNIZE
|-resisted|p1a: RECOGNIZE
|-damage|p1a: RECOGNIZE|0 fnt
|faint|p1a: RECOGNIZE
|
|
|switch|p1a: GROWN WOMAN|Machamp, M|384\/384
|-damage|p1a: GROWN WOMAN|360\/384|[from] Stealth Rock
|turn|16
|c|★bouff|this 1s for u fuga
|
|switch|p2a: Vaporeon|Vaporeon, M|310\/464
|-damage|p2a: Vaporeon|252\/464|[from] Stealth Rock
|move|p1a: GROWN WOMAN|Dynamic Punch|p2a: Vaporeon
|-damage|p2a: Vaporeon|72\/464
|-start|p2a: Vaporeon|confusion
|
|-heal|p2a: Vaporeon|101\/464|[from] item: Leftovers
|turn|17
|join|dodmen
|
|-activate|p2a: Vaporeon|confusion
|-damage|p2a: Vaporeon|83\/464|[from] confusion
|move|p1a: GROWN WOMAN|Dynamic Punch|p2a: Vaporeon
|-damage|p2a: Vaporeon|0 fnt
|faint|p2a: Vaporeon
|
|
|switch|p2a: Infernape|Infernape, M|293\/293
|-damage|p2a: Infernape|257\/293|[from] Stealth Rock
|turn|18
|
|switch|p1a: EAST LIBERTY|Crobat, F|97\/335
|-damage|p1a: EAST LIBERTY|14\/335|[from] Stealth Rock
|move|p2a: Infernape|Flare Blitz|p1a: EAST LIBERTY
|-damage|p1a: EAST LIBERTY|0 fnt
|-damage|p2a: Infernape|252\/293|[from] recoil|[of] p1a: EAST LIBERTY
|faint|p1a: EAST LIBERTY
|
|
|switch|p1a: ON THE BEACH|Swampert, F|351\/401 tox
|-damage|p1a: ON THE BEACH|326\/401 tox|[from] Stealth Rock
|turn|19
|join|MoB Barley
|leave|MoB Barley
|
|switch|p2a: Sceptile|Sceptile-Mega, M|106\/281
|-damage|p2a: Sceptile|71\/281|[from] Stealth Rock
|move|p1a: ON THE BEACH|Earthquake|p2a: Sceptile
|-crit|p2a: Sceptile
|-resisted|p2a: Sceptile
|-damage|p2a: Sceptile|0 fnt
|faint|p2a: Sceptile
|
|-heal|p1a: ON THE BEACH|351\/401 tox|[from] item: Leftovers
|-damage|p1a: ON THE BEACH|326\/401 tox|[from] psn
|
|switch|p2a: Krookodile|Krookodile, F|331\/331
|-damage|p2a: Krookodile|311\/331|[from] Stealth Rock
|-ability|p2a: Krookodile|Intimidate|[of] p1a: ON THE BEACH
|-unboost|p1a: ON THE BEACH|atk|1
|turn|20
|c|★0rbital|time for a max roll
|c|★0rbital|actually
|c|★0rbital|more than a max roll
|
|switch|p1a: FWU|Raikou|322\/322
|-damage|p1a: FWU|282\/322|[from] Stealth Rock
|-ability|p1a: FWU|Pressure
|move|p2a: Krookodile|Earthquake|p1a: FWU
|-supereffective|p1a: FWU
|-damage|p1a: FWU|0 fnt
|faint|p1a: FWU
|
|
|switch|p1a: SLS|Beedrill-Mega, F|272\/272
|-damage|p1a: SLS|204\/272|[from] Stealth Rock
|turn|21
|
|switch|p2a: Jirachi|Jirachi|391\/404
|-damage|p2a: Jirachi|366\/404|[from] Stealth Rock
|move|p1a: SLS|U-turn|p2a: Jirachi
|-damage|p2a: Jirachi|170\/404
|
|switch|p1a: ON THE BEACH|Swampert, F|326\/401 tox
|-damage|p1a: ON THE BEACH|301\/401 tox|[from] Stealth Rock
|
|-heal|p2a: Jirachi|195\/404|[from] item: Leftovers
|-heal|p1a: ON THE BEACH|326\/401 tox|[from] item: Leftovers
|-damage|p1a: ON THE BEACH|301\/401 tox|[from] psn
|turn|22
|
|move|p2a: Jirachi|Iron Head|p1a: ON THE BEACH
|-resisted|p1a: ON THE BEACH
|-damage|p1a: ON THE BEACH|266\/401 tox
|cant|p1a: ON THE BEACH|flinch
|
|-heal|p2a: Jirachi|220\/404|[from] item: Leftovers
|-heal|p1a: ON THE BEACH|291\/401 tox|[from] item: Leftovers
|-damage|p1a: ON THE BEACH|241\/401 tox|[from] psn
|turn|23
|c|★bouff|lol
|c|★bouff|are we
|c|★bouff|really gonna play this game
|c|★bouff|sigh
|c|★0rbital|what else can i do
|
|move|p2a: Jirachi|Iron Head|p1a: ON THE BEACH
|-resisted|p1a: ON THE BEACH
|-damage|p1a: ON THE BEACH|202\/401 tox
|move|p1a: ON THE BEACH|Earthquake|p2a: Jirachi
|-supereffective|p2a: Jirachi
|-damage|p2a: Jirachi|0 fnt
|faint|p2a: Jirachi
|
|-heal|p1a: ON THE BEACH|227\/401 tox|[from] item: Leftovers
|-damage|p1a: ON THE BEACH|152\/401 tox|[from] psn
|
|switch|p2a: Krookodile|Krookodile, F|311\/331
|-damage|p2a: Krookodile|291\/331|[from] Stealth Rock
|-ability|p2a: Krookodile|Intimidate|[of] p1a: ON THE BEACH
|-unboost|p1a: ON THE BEACH|atk|1
|turn|24
|join|SilviuSantos
|leave|SilviuSantos
|c|★0rbital|i lose unless crit anyway
|
|move|p2a: Krookodile|Earthquake|p1a: ON THE BEACH
|-damage|p1a: ON THE BEACH|0 fnt
|faint|p1a: ON THE BEACH
|
|
|switch|p1a: SLS|Beedrill-Mega, F|204\/272
|-damage|p1a: SLS|136\/272|[from] Stealth Rock
|turn|25
|
|move|p1a: SLS|U-turn|p2a: Krookodile
|-supereffective|p2a: Krookodile
|-damage|p2a: Krookodile|0 fnt
|faint|p2a: Krookodile
|
|switch|p1a: GROWN WOMAN|Machamp, M|360\/384
|-damage|p1a: GROWN WOMAN|336\/384|[from] Stealth Rock
|
|
|switch|p2a: Infernape|Infernape, M|252\/293
|-damage|p2a: Infernape|216\/293|[from] Stealth Rock
|turn|26
|
|move|p2a: Infernape|Flare Blitz|p1a: GROWN WOMAN
|-damage|p1a: GROWN WOMAN|128\/384
|-damage|p2a: Infernape|147\/293|[from] recoil|[of] p1a: GROWN WOMAN
|move|p1a: GROWN WOMAN|Dynamic Punch|p2a: Infernape
|-crit|p2a: Infernape
|-damage|p2a: Infernape|0 fnt
|faint|p2a: Infernape
|
|win|bouff
|raw|Ladder updating...
|c|★0rbital|ggg
|c|★bouff|g_GG
|raw|bouff's rating: 1485 &rarr; <strong>1497<\/strong><br \/>(+12 for winning)
|raw|0rbital's rating: 1335 &rarr; <strong>1323<\/strong><br \/>(-12 for losing)
|leave|bouff
|player|p1
|leave|0rbital
|player|p2
|leave|PURRL
|join|iplaytennislol
|leave|iplaytennislol
|leave|Ajna
|leave|Calloflochie
|leave|Omfuga
|join|HI ROLL
|leave|HI ROLL
|leave|hi dad
|leave|tomibello
|join|swagger on deck
|leave|swagger on deck
|leave|BrB 018
|join|Bob the Bro
|leave|Bob the Bro
|join|Calloflochie
|leave|Calloflochie
|join|w AT for afk