|join|amberrlamps
|join|bouff
|player|p1|amberrlamps|291
|player|p2|bouff|176
|gametype|singles
|gen|6
|tier|UU
|rule|Sleep Clause Mod: Limit one foe put to sleep
|rule|Species Clause: Limit one of each Pokémon
|rule|OHKO Clause: OHKO moves are banned
|rule|Moody Clause: Moody is banned
|rule|Evasion Moves Clause: Evasion moves are banned
|rule|Endless Battle Clause: Forcing endless battles is banned
|rule|HP Percentage Mod: HP is shown in percentages
|clearpoke
|poke|p1|Sableye, M
|poke|p1|Snorlax, F
|poke|p1|Swampert, F
|poke|p1|Florges, F
|poke|p1|Cresselia, F
|poke|p1|Forretress, F
|poke|p2|Tentacruel, F
|poke|p2|Umbreon, M
|poke|p2|Gligar, F
|poke|p2|Altaria, M
|poke|p2|Jirachi
|poke|p2|Mienshao, M
|rule|Swagger Clause: Swagger is banned
|rule|Baton Pass Clause: Limit one Pokémon knowing Baton Pass
|teampreview
|c|★bouff|hf
|c|★amberrlamps|you too
|
|start
|switch|p1a: Swampert|Swampert, F|401\/401
|switch|p2a: trampoline|Gligar, F|334\/334
|turn|1
|
|move|p2a: trampoline|Stealth Rock|p1a: Swampert
|-sidestart|p1: amberrlamps|move: Stealth Rock
|move|p1a: Swampert|Stealth Rock|p2a: trampoline
|-sidestart|p2: bouff|move: Stealth Rock
|
|turn|2
|
|switch|p2a: angels|Altaria, M|291\/291
|-damage|p2a: angels|219\/291|[from] Stealth Rock
|move|p1a: Swampert|Scald|p2a: angels
|-resisted|p2a: angels
|-damage|p2a: angels|183\/291
|-status|p2a: angels|brn
|
|-damage|p2a: angels|147\/291 brn|[from] brn
|turn|3
|
|detailschange|p2a: angels|Altaria-Mega, M
|message|Altaria has Mega Evolved into Mega Altaria!
|move|p2a: angels|Roost|p2a: angels
|-heal|p2a: angels|291\/291 brn
|move|p1a: Swampert|Earthquake|p2a: angels
|-crit|p2a: angels
|-damage|p2a: angels|116\/291 brn
|
|-damage|p2a: angels|80\/291 brn|[from] brn
|turn|4
|
|move|p2a: angels|Roost|p2a: angels
|-heal|p2a: angels|226\/291 brn
|move|p1a: Swampert|Roar|p2a: angels
|drag|p2a: furry|Umbreon, M|394\/394
|-damage|p2a: furry|345\/394|[from] Stealth Rock
|
|-heal|p2a: furry|369\/394|[from] item: Leftovers
|turn|5
|
|switch|p1a: Forretress|Forretress, F|353\/353
|-damage|p1a: Forretress|309\/353|[from] Stealth Rock
|move|p2a: furry|Heal Bell|p2a: furry
|-cureteam|p2a: furry|[from] move: HealBell
|
|-heal|p2a: furry|393\/394|[from] item: Leftovers
|-heal|p1a: Forretress|331\/353|[from] item: Leftovers
|turn|6
|
|switch|p2a: dope fiend|Tentacruel, F|364\/364
|-damage|p2a: dope fiend|319\/364|[from] Stealth Rock
|move|p1a: Forretress|Rapid Spin|p2a: dope fiend
|-damage|p2a: dope fiend|305\/364
|-sideend|p1: amberrlamps|Stealth Rock|[from] move: Rapid Spin|[of] p1a: Forretress
|
|-heal|p2a: dope fiend|327\/364|[from] item: Black Sludge
|-heal|p1a: Forretress|353\/353|[from] item: Leftovers
|turn|7
|
|switch|p1a: Cresselia|Cresselia, F|443\/443
|move|p2a: dope fiend|Toxic Spikes|p1a: Cresselia
|-sidestart|p1: amberrlamps|move: Toxic Spikes
|
|-heal|p2a: dope fiend|349\/364|[from] item: Black Sludge
|turn|8
|
|switch|p2a: open wide|Jirachi|404\/404
|-damage|p2a: open wide|379\/404|[from] Stealth Rock
|move|p1a: Cresselia|Psyshock|p2a: open wide
|-resisted|p2a: open wide
|-damage|p2a: open wide|361\/404
|
|-heal|p2a: open wide|386\/404|[from] item: Leftovers
|turn|9
|
|switch|p1a: Forretress|Forretress, F|353\/353
|move|p2a: open wide|Substitute|p2a: open wide
|-start|p2a: open wide|Substitute
|-damage|p2a: open wide|285\/404
|
|-heal|p2a: open wide|310\/404|[from] item: Leftovers
|turn|10
|
|move|p2a: open wide|Fire Punch|p1a: Forretress
|-supereffective|p1a: Forretress
|-damage|p1a: Forretress|229\/353
|move|p1a: Forretress|Rapid Spin|p2a: open wide
|-resisted|p2a: open wide
|-activate|p2a: open wide|Substitute|[damage]
|-sideend|p1: amberrlamps|Toxic Spikes|[from] move: Rapid Spin|[of] p1a: Forretress
|
|-heal|p2a: open wide|335\/404|[from] item: Leftovers
|-heal|p1a: Forretress|251\/353|[from] item: Leftovers
|turn|11
|
|switch|p1a: Swampert|Swampert, F|401\/401
|move|p2a: open wide|Fire Punch|p1a: Swampert
|-resisted|p1a: Swampert
|-damage|p1a: Swampert|378\/401
|
|-heal|p2a: open wide|360\/404|[from] item: Leftovers
|-heal|p1a: Swampert|401\/401|[from] item: Leftovers
|turn|12
|
|move|p2a: open wide|Toxic|p1a: Swampert
|-status|p1a: Swampert|tox
|move|p1a: Swampert|Earthquake|p2a: open wide
|-supereffective|p2a: open wide
|-end|p2a: open wide|Substitute
|
|-heal|p2a: open wide|385\/404|[from] item: Leftovers
|-damage|p1a: Swampert|376\/401 tox|[from] psn
|turn|13
|
|move|p2a: open wide|Iron Head|p1a: Swampert
|-resisted|p1a: Swampert
|-damage|p1a: Swampert|337\/401 tox
|cant|p1a: Swampert|flinch
|
|-heal|p2a: open wide|404\/404|[from] item: Leftovers
|-heal|p1a: Swampert|362\/401 tox|[from] item: Leftovers
|-damage|p1a: Swampert|312\/401 tox|[from] psn
|turn|14
|
|switch|p2a: trampoline|Gligar, F|334\/334
|-damage|p2a: trampoline|293\/334|[from] Stealth Rock
|switch|p1a: Sableye|Sableye, M|303\/303
|
|turn|15
|
|switch|p2a: furry|Umbreon, M|393\/394
|-damage|p2a: furry|344\/394|[from] Stealth Rock
|detailschange|p1a: Sableye|Sableye-Mega, M
|message|Sableye has Mega Evolved into Mega Sableye!
|move|p1a: Sableye|Will-O-Wisp|p2a: furry
|-status|p2a: furry|brn
|-status|p1a: Sableye|brn
|
|-heal|p2a: furry|368\/394 brn|[from] item: Leftovers
|-damage|p2a: furry|319\/394 brn|[from] brn
|-damage|p1a: Sableye|266\/303 brn|[from] brn
|turn|16
|
|switch|p2a: angels|Altaria-Mega, M|226\/291
|-damage|p2a: angels|190\/291|[from] Stealth Rock
|switch|p1a: Florges|Florges, F|359\/359
|
|turn|17
|
|switch|p2a: dope fiend|Tentacruel, F|349\/364
|-damage|p2a: dope fiend|304\/364|[from] Stealth Rock
|move|p1a: Florges|Aromatherapy|p1a: Florges
|-cureteam|p1a: Florges|[from] move: Aromatherapy
|
|-heal|p2a: dope fiend|326\/364|[from] item: Black Sludge
|turn|18
|
|switch|p1a: Sableye|Sableye-Mega, M|266\/303
|move|p2a: dope fiend|Scald|p1a: Sableye
|-damage|p1a: Sableye|202\/303
|
|-heal|p2a: dope fiend|348\/364|[from] item: Black Sludge
|turn|19
|
|switch|p1a: Cresselia|Cresselia, F|443\/443
|move|p2a: dope fiend|Scald|p1a: Cresselia
|-damage|p1a: Cresselia|380\/443
|
|-heal|p2a: dope fiend|364\/364|[from] item: Black Sludge
|-heal|p1a: Cresselia|407\/443|[from] item: Leftovers
|turn|20
|
|move|p2a: dope fiend|Toxic Spikes|p1a: Cresselia
|-sidestart|p1: amberrlamps|move: Toxic Spikes
|move|p1a: Cresselia|Psyshock|p2a: dope fiend
|-supereffective|p2a: dope fiend
|-damage|p2a: dope fiend|220\/364
|
|-heal|p2a: dope fiend|242\/364|[from] item: Black Sludge
|-heal|p1a: Cresselia|434\/443|[from] item: Leftovers
|turn|21
|
|switch|p2a: open wide|Jirachi|404\/404
|-damage|p2a: open wide|379\/404|[from] Stealth Rock
|switch|p1a: Forretress|Forretress, F|251\/353
|
|-heal|p2a: open wide|404\/404|[from] item: Leftovers
|-heal|p1a: Forretress|273\/353|[from] item: Leftovers
|turn|22
|
|move|p2a: open wide|Fire Punch|p1a: Forretress
|-supereffective|p1a: Forretress
|-damage|p1a: Forretress|149\/353
|-status|p1a: Forretress|brn
|move|p1a: Forretress|Rapid Spin|p2a: open wide
|-resisted|p2a: open wide
|-damage|p2a: open wide|400\/404
|-sideend|p1: amberrlamps|Toxic Spikes|[from] move: Rapid Spin|[of] p1a: Forretress
|
|-heal|p2a: open wide|404\/404|[from] item: Leftovers
|-heal|p1a: Forretress|171\/353 brn|[from] item: Leftovers
|-damage|p1a: Forretress|127\/353 brn|[from] brn
|turn|23
|c|★amberrlamps|didnt have to bring stall
|c|★bouff|this isnt stall :[
|c|★amberrlamps|my team, i mean
|c|★bouff|o
|c|★bouff|well idk looks more like balance to me
|
|switch|p1a: Sableye|Sableye-Mega, M|202\/303
|move|p2a: open wide|Substitute|p2a: open wide
|-start|p2a: open wide|Substitute
|-damage|p2a: open wide|303\/404
|
|-heal|p2a: open wide|328\/404|[from] item: Leftovers
|turn|24
|
|move|p2a: open wide|Iron Head|p1a: Sableye
|-damage|p1a: Sableye|144\/303
|cant|p1a: Sableye|flinch
|
|-heal|p2a: open wide|353\/404|[from] item: Leftovers
|turn|25
|join|The leprechaun
|
|move|p2a: open wide|Iron Head|p1a: Sableye
|-damage|p1a: Sableye|86\/303
|move|p1a: Sableye|Recover|p1a: Sableye
|-heal|p1a: Sableye|238\/303
|
|-heal|p2a: open wide|378\/404|[from] item: Leftovers
|turn|26
|
|move|p2a: open wide|Iron Head|p1a: Sableye
|-damage|p1a: Sableye|181\/303
|move|p1a: Sableye|Shadow Ball|p2a: open wide
|-supereffective|p2a: open wide
|-end|p2a: open wide|Substitute
|
|-heal|p2a: open wide|403\/404|[from] item: Leftovers
|turn|27
|
|switch|p2a: furry|Umbreon, M|319\/394 brn
|-damage|p2a: furry|270\/394 brn|[from] Stealth Rock
|move|p1a: Sableye|Recover|p1a: Sableye
|-heal|p1a: Sableye|303\/303
|
|-heal|p2a: furry|294\/394 brn|[from] item: Leftovers
|-damage|p2a: furry|245\/394 brn|[from] brn
|turn|28
|
|move|p2a: furry|Heal Bell|p2a: furry
|-cureteam|p2a: furry|[from] move: HealBell
|move|p1a: Sableye|Calm Mind|p1a: Sableye
|-boost|p1a: Sableye|spa|1
|-boost|p1a: Sableye|spd|1
|
|-heal|p2a: furry|269\/394|[from] item: Leftovers
|turn|29
|
|move|p2a: furry|Wish|p2a: furry
|move|p1a: Sableye|Shadow Ball|p2a: furry
|-resisted|p2a: furry
|-damage|p2a: furry|230\/394
|
|-heal|p2a: furry|254\/394|[from] item: Leftovers
|turn|30
|
|switch|p2a: angels|Altaria-Mega, M|190\/291
|-damage|p2a: angels|154\/291|[from] Stealth Rock
|move|p1a: Sableye|Shadow Ball|p2a: angels
|-damage|p2a: angels|37\/291
|
|-heal|p2a: angels|234\/291|[from] move: Wish|[wisher] furry
|turn|31
|
|switch|p1a: Florges|Florges, F|359\/359
|move|p2a: angels|Substitute|p2a: angels
|-start|p2a: angels|Substitute
|-damage|p2a: angels|162\/291
|
|turn|32
|leave|The leprechaun
|join|The leprechaun
|
|move|p2a: angels|Frustration|p1a: Florges
|-damage|p1a: Florges|170\/359
|move|p1a: Florges|Moonblast|p2a: angels
|-supereffective|p2a: angels
|-end|p2a: angels|Substitute
|
|-heal|p1a: Florges|192\/359|[from] item: Leftovers
|turn|33
|
|switch|p2a: open wide|Jirachi|403\/404
|-damage|p2a: open wide|378\/404|[from] Stealth Rock
|move|p1a: Florges|Protect|p1a: Florges
|-fail|p1a: Florges
|
|-heal|p2a: open wide|403\/404|[from] item: Leftovers
|-heal|p1a: Florges|214\/359|[from] item: Leftovers
|turn|34
|
|switch|p2a: angels|Altaria-Mega, M|162\/291
|-damage|p2a: angels|126\/291|[from] Stealth Rock
|switch|p1a: Sableye|Sableye-Mega, M|303\/303
|
|turn|35
|
|switch|p1a: Cresselia|Cresselia, F|434\/443
|move|p2a: angels|Roost|p2a: angels
|-heal|p2a: angels|272\/291
|
|-heal|p1a: Cresselia|443\/443|[from] item: Leftovers
|turn|36
|
|switch|p2a: open wide|Jirachi|403\/404
|-damage|p2a: open wide|378\/404|[from] Stealth Rock
|move|p1a: Cresselia|Moonblast|p2a: open wide
|-resisted|p2a: open wide
|-damage|p2a: open wide|347\/404
|-unboost|p2a: open wide|spa|1
|
|-heal|p2a: open wide|372\/404|[from] item: Leftovers
|turn|37
|
|switch|p1a: Sableye|Sableye-Mega, M|303\/303
|move|p2a: open wide|Toxic|p1a: Sableye
|move|p1a: Sableye|Toxic|p2a: open wide|[from]Magic Bounce|[miss]
|-miss|p1a: Sableye|p2a: open wide
|
|-heal|p2a: open wide|397\/404|[from] item: Leftovers
|turn|38
|
|move|p2a: open wide|Substitute|p2a: open wide
|-start|p2a: open wide|Substitute
|-damage|p2a: open wide|296\/404
|move|p1a: Sableye|Will-O-Wisp|p2a: open wide
|
|-heal|p2a: open wide|321\/404|[from] item: Leftovers
|turn|39
|
|move|p2a: open wide|Iron Head|p1a: Sableye
|-damage|p1a: Sableye|243\/303
|cant|p1a: Sableye|flinch
|
|-heal|p2a: open wide|346\/404|[from] item: Leftovers
|turn|40
|
|move|p2a: open wide|Iron Head|p1a: Sableye
|-damage|p1a: Sableye|182\/303
|cant|p1a: Sableye|flinch
|
|-heal|p2a: open wide|371\/404|[from] item: Leftovers
|turn|41
|
|switch|p2a: angels|Altaria-Mega, M|272\/291
|-damage|p2a: angels|236\/291|[from] Stealth Rock
|move|p1a: Sableye|Recover|p1a: Sableye
|-heal|p1a: Sableye|303\/303
|
|turn|42
|
|switch|p1a: Cresselia|Cresselia, F|443\/443
|move|p2a: angels|Dragon Dance|p2a: angels
|-boost|p2a: angels|atk|1
|-boost|p2a: angels|spe|1
|
|turn|43
|
|move|p2a: angels|Frustration|p1a: Cresselia
|-damage|p1a: Cresselia|229\/443
|move|p1a: Cresselia|Moonblast|p2a: angels
|-supereffective|p2a: angels
|-damage|p2a: angels|120\/291
|
|-heal|p1a: Cresselia|256\/443|[from] item: Leftovers
|turn|44
|c|★bouff|lol thats so weak @_@
|
|move|p2a: angels|Frustration|p1a: Cresselia
|-damage|p1a: Cresselia|66\/443
|move|p1a: Cresselia|Moonblast|p2a: angels
|-supereffective|p2a: angels
|-damage|p2a: angels|18\/291
|
|-heal|p1a: Cresselia|93\/443|[from] item: Leftovers
|turn|45
|c|★amberrlamps|not the roll i wanted :\/
|
|move|p2a: angels|Frustration|p1a: Cresselia
|-damage|p1a: Cresselia|0 fnt
|faint|p1a: Cresselia
|
|
|switch|p1a: Snorlax|Snorlax, F|497\/497
|turn|46
|
|move|p2a: angels|Roost|p2a: angels
|-heal|p2a: angels|164\/291
|move|p1a: Snorlax|Body Slam|p2a: angels
|-damage|p2a: angels|59\/291
|
|turn|47
|
|move|p2a: angels|Roost|p2a: angels
|-heal|p2a: angels|205\/291
|move|p1a: Snorlax|Body Slam|p2a: angels
|-damage|p2a: angels|100\/291
|
|turn|48
|c|★amberrlamps|wheres the para
|
|move|p2a: angels|Roost|p2a: angels
|-heal|p2a: angels|246\/291
|move|p1a: Snorlax|Body Slam|p2a: angels
|-damage|p2a: angels|153\/291
|
|turn|49
|
|move|p2a: angels|Frustration|p1a: Snorlax
|-damage|p1a: Snorlax|161\/497
|move|p1a: Snorlax|Body Slam|p2a: angels
|-damage|p2a: angels|48\/291
|
|-heal|p1a: Snorlax|192\/497|[from] item: Leftovers
|turn|50
|
|switch|p1a: Forretress|Forretress, F|127\/353 brn
|move|p2a: angels|Frustration|p1a: Forretress
|-resisted|p1a: Forretress
|-damage|p1a: Forretress|31\/353 brn
|
|-heal|p1a: Forretress|53\/353 brn|[from] item: Leftovers
|-damage|p1a: Forretress|9\/353 brn|[from] brn
|turn|51
|
|move|p2a: angels|Roost|p2a: angels
|-heal|p2a: angels|194\/291
|move|p1a: Forretress|Gyro Ball|p2a: angels
|-supereffective|p2a: angels
|-damage|p2a: angels|44\/291
|
|-heal|p1a: Forretress|31\/353 brn|[from] item: Leftovers
|-damage|p1a: Forretress|0 fnt|[from] brn
|faint|p1a: Forretress
|
|switch|p1a: Swampert|Swampert, F|312\/401
|turn|52
|
|switch|p2a: furry|Umbreon, M|254\/394
|-damage|p2a: furry|205\/394|[from] Stealth Rock
|move|p1a: Swampert|Earthquake|p2a: furry
|-damage|p2a: furry|91\/394
|
|-heal|p2a: furry|115\/394|[from] item: Leftovers
|-heal|p1a: Swampert|337\/401|[from] item: Leftovers
|turn|53
|
|switch|p1a: Florges|Florges, F|214\/359
|move|p2a: furry|Wish|p2a: furry
|
|-heal|p1a: Florges|236\/359|[from] item: Leftovers
|-heal|p2a: furry|139\/394|[from] item: Leftovers
|turn|54
|
|switch|p2a: dope fiend|Tentacruel, F|242\/364
|-damage|p2a: dope fiend|197\/364|[from] Stealth Rock
|move|p1a: Florges|Moonblast|p2a: dope fiend
|-crit|p2a: dope fiend
|-resisted|p2a: dope fiend
|-damage|p2a: dope fiend|118\/364
|
|-heal|p2a: dope fiend|315\/364|[from] move: Wish|[wisher] furry
|-heal|p2a: dope fiend|337\/364|[from] item: Black Sludge
|-heal|p1a: Florges|258\/359|[from] item: Leftovers
|turn|55
|
|switch|p2a: angels|Altaria-Mega, M|44\/291
|-damage|p2a: angels|8\/291|[from] Stealth Rock
|move|p1a: Florges|Wish|p1a: Florges
|
|-heal|p1a: Florges|280\/359|[from] item: Leftovers
|turn|56
|c|★bouff|ah
|
|move|p2a: angels|Roost|p2a: angels
|-heal|p2a: angels|154\/291
|move|p1a: Florges|Moonblast|p2a: angels
|-supereffective|p2a: angels
|-damage|p2a: angels|0 fnt
|faint|p2a: angels
|
|-heal|p1a: Florges|359\/359|[from] move: Wish|[wisher] Florges
|
|switch|p2a: open wide|Jirachi|371\/404
|-damage|p2a: open wide|346\/404|[from] Stealth Rock
|turn|57
|
|switch|p1a: Sableye|Sableye-Mega, M|303\/303
|move|p2a: open wide|Toxic|p1a: Sableye
|move|p1a: Sableye|Toxic|p2a: open wide|[from]Magic Bounce
|-fail|p2a: open wide
|
|-heal|p2a: open wide|371\/404|[from] item: Leftovers
|turn|58
|
|move|p2a: open wide|Iron Head|p1a: Sableye
|-damage|p1a: Sableye|242\/303
|move|p1a: Sableye|Shadow Ball|p2a: open wide
|-supereffective|p2a: open wide
|-damage|p2a: open wide|207\/404
|
|-heal|p2a: open wide|232\/404|[from] item: Leftovers
|turn|59
|
|switch|p2a: furry|Umbreon, M|139\/394
|-damage|p2a: furry|90\/394|[from] Stealth Rock
|move|p1a: Sableye|Shadow Ball|p2a: furry
|-resisted|p2a: furry
|-damage|p2a: furry|66\/394
|
|-heal|p2a: furry|90\/394|[from] item: Leftovers
|turn|60
|
|switch|p2a: open wide|Jirachi|232\/404
|-damage|p2a: open wide|207\/404|[from] Stealth Rock
|move|p1a: Sableye|Calm Mind|p1a: Sableye
|-boost|p1a: Sableye|spa|1
|-boost|p1a: Sableye|spd|1
|
|-heal|p2a: open wide|232\/404|[from] item: Leftovers
|turn|61
|
|move|p2a: open wide|Iron Head|p1a: Sableye
|-damage|p1a: Sableye|181\/303
|cant|p1a: Sableye|flinch
|
|-heal|p2a: open wide|257\/404|[from] item: Leftovers
|turn|62
|
|move|p2a: open wide|Iron Head|p1a: Sableye
|-damage|p1a: Sableye|124\/303
|cant|p1a: Sableye|flinch
|
|-heal|p2a: open wide|282\/404|[from] item: Leftovers
|turn|63
|c|★amberrlamps|pls :c
|c|★bouff|rachi pls
|
|move|p2a: open wide|Iron Head|p1a: Sableye
|-damage|p1a: Sableye|66\/303
|cant|p1a: Sableye|flinch
|
|-heal|p2a: open wide|307\/404|[from] item: Leftovers
|turn|64
|c|★amberrlamps|omg
|c|★amberrlamps|hmm
|
|switch|p1a: Swampert|Swampert, F|337\/401
|move|p2a: open wide|Iron Head|p1a: Swampert
|-resisted|p1a: Swampert
|-damage|p1a: Swampert|298\/401
|
|-heal|p2a: open wide|332\/404|[from] item: Leftovers
|-heal|p1a: Swampert|323\/401|[from] item: Leftovers
|turn|65
|
|switch|p2a: trampoline|Gligar, F|293\/334
|-damage|p2a: trampoline|252\/334|[from] Stealth Rock
|move|p1a: Swampert|Earthquake|p2a: trampoline
|-immune|p2a: trampoline|[msg]
|
|-heal|p1a: Swampert|348\/401|[from] item: Leftovers
|turn|66
|
|move|p2a: trampoline|Stealth Rock|p1a: Swampert
|-sidestart|p1: amberrlamps|move: Stealth Rock
|move|p1a: Swampert|Scald|p2a: trampoline
|-supereffective|p2a: trampoline
|-damage|p2a: trampoline|84\/334
|-status|p2a: trampoline|brn
|
|-heal|p1a: Swampert|373\/401|[from] item: Leftovers
|-damage|p2a: trampoline|43\/334 brn|[from] brn
|turn|67
|
|move|p2a: trampoline|Toxic|p1a: Swampert
|-status|p1a: Swampert|tox
|move|p1a: Swampert|Scald|p2a: trampoline
|-supereffective|p2a: trampoline
|-damage|p2a: trampoline|0 fnt
|faint|p2a: trampoline
|
|-heal|p1a: Swampert|398\/401 tox|[from] item: Leftovers
|-damage|p1a: Swampert|373\/401 tox|[from] psn
|
|switch|p2a: dope fiend|Tentacruel, F|337\/364
|-damage|p2a: dope fiend|292\/364|[from] Stealth Rock
|turn|68
|
|move|p2a: dope fiend|Toxic Spikes|p1a: Swampert
|-sidestart|p1: amberrlamps|move: Toxic Spikes
|move|p1a: Swampert|Earthquake|p2a: dope fiend
|-supereffective|p2a: dope fiend
|-damage|p2a: dope fiend|68\/364
|
|-heal|p2a: dope fiend|90\/364|[from] item: Black Sludge
|-heal|p1a: Swampert|398\/401 tox|[from] item: Leftovers
|-damage|p1a: Swampert|348\/401 tox|[from] psn
|turn|69
|
|move|p2a: dope fiend|Rapid Spin|p1a: Swampert
|-damage|p1a: Swampert|339\/401 tox
|-sideend|p2: bouff|Stealth Rock|[from] move: Rapid Spin|[of] p2a: dope fiend
|move|p1a: Swampert|Earthquake|p2a: dope fiend
|-supereffective|p2a: dope fiend
|-damage|p2a: dope fiend|0 fnt
|faint|p2a: dope fiend
|
|-heal|p1a: Swampert|364\/401 tox|[from] item: Leftovers
|-damage|p1a: Swampert|289\/401 tox|[from] psn
|
|switch|p2a: furry|Umbreon, M|90\/394
|turn|70
|join|Ru any Good
|
|switch|p1a: Florges|Florges, F|359\/359
|-damage|p1a: Florges|315\/359|[from] Stealth Rock
|-status|p1a: Florges|psn
|move|p2a: furry|Protect|p2a: furry
|-fail|p2a: furry
|
|-heal|p1a: Florges|337\/359 psn|[from] item: Leftovers
|-heal|p2a: furry|114\/394|[from] item: Leftovers
|-damage|p1a: Florges|293\/359 psn|[from] psn
|turn|71
|
|switch|p2a: open wide|Jirachi|332\/404
|move|p1a: Florges|Wish|p1a: Florges
|
|-heal|p2a: open wide|357\/404|[from] item: Leftovers
|-heal|p1a: Florges|315\/359 psn|[from] item: Leftovers
|-damage|p1a: Florges|271\/359 psn|[from] psn
|turn|72
|
|switch|p1a: Snorlax|Snorlax, F|192\/497
|-damage|p1a: Snorlax|130\/497|[from] Stealth Rock
|-status|p1a: Snorlax|psn
|move|p2a: open wide|Substitute|p2a: open wide
|-start|p2a: open wide|Substitute
|-damage|p2a: open wide|256\/404
|
|-heal|p1a: Snorlax|309\/497 psn|[from] move: Wish|[wisher] Florges
|-heal|p2a: open wide|281\/404|[from] item: Leftovers
|-heal|p1a: Snorlax|340\/497 psn|[from] item: Leftovers
|-damage|p1a: Snorlax|278\/497 psn|[from] psn
|turn|73
|
|move|p2a: open wide|Iron Head|p1a: Snorlax
|-damage|p1a: Snorlax|170\/497 psn
|cant|p1a: Snorlax|flinch
|
|-heal|p2a: open wide|306\/404|[from] item: Leftovers
|-heal|p1a: Snorlax|201\/497 psn|[from] item: Leftovers
|-damage|p1a: Snorlax|139\/497 psn|[from] psn
|turn|74
|
|move|p2a: open wide|Iron Head|p1a: Snorlax
|-damage|p1a: Snorlax|28\/497 psn
|cant|p1a: Snorlax|flinch
|
|-heal|p2a: open wide|331\/404|[from] item: Leftovers
|-heal|p1a: Snorlax|59\/497 psn|[from] item: Leftovers
|-damage|p1a: Snorlax|0 fnt|[from] psn
|faint|p1a: Snorlax
|c|★amberrlamps|.-.
|
|switch|p1a: Swampert|Swampert, F|289\/401 tox
|-damage|p1a: Swampert|264\/401 tox|[from] Stealth Rock
|turn|75
|c|★bouff|based rachi
|c|★amberrlamps|needed to rest
|
|move|p2a: open wide|Iron Head|p1a: Swampert
|-resisted|p1a: Swampert
|-damage|p1a: Swampert|227\/401 tox
|move|p1a: Swampert|Earthquake|p2a: open wide
|-supereffective|p2a: open wide
|-end|p2a: open wide|Substitute
|
|-heal|p2a: open wide|356\/404|[from] item: Leftovers
|-heal|p1a: Swampert|252\/401 tox|[from] item: Leftovers
|-damage|p1a: Swampert|227\/401 tox|[from] psn
|turn|76
|
|switch|p2a: furry|Umbreon, M|114\/394
|move|p1a: Swampert|Earthquake|p2a: furry
|-damage|p2a: furry|0 fnt
|faint|p2a: furry
|
|-heal|p1a: Swampert|252\/401 tox|[from] item: Leftovers
|-damage|p1a: Swampert|202\/401 tox|[from] psn
|
|switch|p2a: knits|Mienshao, M|271\/271
|turn|77
|
|switch|p1a: Sableye|Sableye-Mega, M|66\/303
|-damage|p1a: Sableye|29\/303|[from] Stealth Rock
|-status|p1a: Sableye|psn
|move|p2a: knits|Knock Off|p1a: Sableye
|-damage|p1a: Sableye|0 fnt
|faint|p1a: Sableye
|
|
|switch|p1a: Florges|Florges, F|271\/359 psn
|-damage|p1a: Florges|227\/359 psn|[from] Stealth Rock
|turn|78
|
|switch|p2a: open wide|Jirachi|356\/404
|move|p1a: Florges|Wish|p1a: Florges
|
|-heal|p2a: open wide|381\/404|[from] item: Leftovers
|-heal|p1a: Florges|249\/359 psn|[from] item: Leftovers
|-damage|p1a: Florges|205\/359 psn|[from] psn
|turn|79
|
|switch|p1a: Swampert|Swampert, F|202\/401 tox
|-damage|p1a: Swampert|177\/401 tox|[from] Stealth Rock
|move|p2a: open wide|Substitute|p2a: open wide
|-start|p2a: open wide|Substitute
|-damage|p2a: open wide|280\/404
|
|-heal|p1a: Swampert|356\/401 tox|[from] move: Wish|[wisher] Florges
|-heal|p2a: open wide|305\/404|[from] item: Leftovers
|-heal|p1a: Swampert|381\/401 tox|[from] item: Leftovers
|-damage|p1a: Swampert|356\/401 tox|[from] psn
|turn|80
|
|move|p2a: open wide|Iron Head|p1a: Swampert
|-resisted|p1a: Swampert
|-damage|p1a: Swampert|322\/401 tox
|cant|p1a: Swampert|flinch
|
|-heal|p2a: open wide|330\/404|[from] item: Leftovers
|-heal|p1a: Swampert|347\/401 tox|[from] item: Leftovers
|-damage|p1a: Swampert|297\/401 tox|[from] psn
|turn|81
|
|move|p2a: open wide|Iron Head|p1a: Swampert
|-resisted|p1a: Swampert
|-damage|p1a: Swampert|264\/401 tox
|cant|p1a: Swampert|flinch
|
|-heal|p2a: open wide|355\/404|[from] item: Leftovers
|-heal|p1a: Swampert|289\/401 tox|[from] item: Leftovers
|-damage|p1a: Swampert|214\/401 tox|[from] psn
|turn|82
|
|move|p2a: open wide|Iron Head|p1a: Swampert
|-resisted|p1a: Swampert
|-damage|p1a: Swampert|175\/401 tox
|move|p1a: Swampert|Earthquake|p2a: open wide
|-supereffective|p2a: open wide
|-end|p2a: open wide|Substitute
|
|-heal|p2a: open wide|380\/404|[from] item: Leftovers
|-heal|p1a: Swampert|200\/401 tox|[from] item: Leftovers
|-damage|p1a: Swampert|100\/401 tox|[from] psn
|turn|83
|
|move|p2a: open wide|Iron Head|p1a: Swampert
|-resisted|p1a: Swampert
|-damage|p1a: Swampert|64\/401 tox
|cant|p1a: Swampert|flinch
|
|-heal|p2a: open wide|404\/404|[from] item: Leftovers
|-heal|p1a: Swampert|89\/401 tox|[from] item: Leftovers
|-damage|p1a: Swampert|0 fnt|[from] psn
|faint|p1a: Swampert
|c|★amberrlamps|rip
|c|★amberrlamps|gg
|
|switch|p1a: Florges|Florges, F|205\/359 psn
|-damage|p1a: Florges|161\/359 psn|[from] Stealth Rock
|turn|84
|c|★bouff|g_GG
|
|move|p2a: open wide|Iron Head|p1a: Florges
|-supereffective|p1a: Florges
|-damage|p1a: Florges|0 fnt
|faint|p1a: Florges
|
|win|bouff
|leave|amberrlamps
|player|p1