|join|ladder troll haha
|join|Caralhu
|player|p1|ladder troll haha|2
|player|p2|Caralhu|165
|gametype|singles
|gen|6
|tier|OU
|rated
|clearpoke
|poke|p1|Cottonee, F
|poke|p1|Azelf
|poke|p1|Whimsicott, F
|poke|p1|Smeargle, M, shiny
|poke|p1|Espeon, M
|poke|p1|Clefable, F
|poke|p2|Azumarill, M
|poke|p2|Scizor, M
|poke|p2|Cresselia, F
|poke|p2|Latios, M
|poke|p2|Landorus-Therian, M
|poke|p2|Volcarona, F
|rule|Swagger Clause: Swagger is banned
|rule|Baton Pass Clause: Limit one Pokémon knowing Baton Pass
|rule|Sleep Clause Mod: Limit one foe put to sleep
|rule|Species Clause: Limit one of each Pokémon
|rule|OHKO Clause: OHKO moves are banned
|rule|Moody Clause: Moody is banned
|rule|Evasion Moves Clause: Evasion moves are banned
|rule|Endless Battle Clause: Forcing endless battles is banned
|rule|HP Percentage Mod: HP is shown in percentages
|teampreview
|
|start
|switch|p1a: CHICHICHI LELELE|Cottonee, F|284\/284
|switch|p2a: Landorus-Therian|Landorus-Therian, M|320\/320
|-ability|p2a: Landorus-Therian|Intimidate|[of] p1a: CHICHICHI LELELE
|-unboost|p1a: CHICHICHI LELELE|atk|1
|turn|1
|
|move|p1a: CHICHICHI LELELE|Taunt|p2a: Landorus-Therian
|-start|p2a: Landorus-Therian|move: Taunt
|move|p2a: Landorus-Therian|U-turn|p1a: CHICHICHI LELELE
|-damage|p1a: CHICHICHI LELELE|132\/284
|
|switch|p2a: Scizor|Scizor, M|344\/344
|
|turn|2
|
|detailschange|p2a: Scizor|Scizor-Mega, M
|message|Scizor has Mega Evolved into Mega Scizor!
|move|p1a: CHICHICHI LELELE|Taunt|p2a: Scizor
|-start|p2a: Scizor|move: Taunt
|move|p2a: Scizor|Bullet Punch|p1a: CHICHICHI LELELE
|-supereffective|p1a: CHICHICHI LELELE
|-damage|p1a: CHICHICHI LELELE|0 fnt
|faint|p1a: CHICHICHI LELELE
|
|
|switch|p1a: VIVA CHILE|Azelf|354\/354
|turn|3
|
|move|p1a: VIVA CHILE|Reflect|p1a: VIVA CHILE
|-sidestart|p1: ladder troll haha|Reflect
|move|p2a: Scizor|Pursuit|p1a: VIVA CHILE
|-crit|p1a: VIVA CHILE
|-supereffective|p1a: VIVA CHILE
|-damage|p1a: VIVA CHILE|2\/354
|
|turn|4
|
|move|p2a: Scizor|Bullet Punch|p1a: VIVA CHILE
|-damage|p1a: VIVA CHILE|0 fnt
|faint|p1a: VIVA CHILE
|
|-end|p2a: Scizor|move: Taunt
|
|switch|p1a: FAIRY SOLIDARITY|Whimsicott, F|324\/324
|turn|5
|
|move|p1a: FAIRY SOLIDARITY|Tailwind|p1a: FAIRY SOLIDARITY
|-sidestart|p1: ladder troll haha|move: Tailwind
|move|p2a: Scizor|Bullet Punch|p1a: FAIRY SOLIDARITY
|-supereffective|p1a: FAIRY SOLIDARITY
|-damage|p1a: FAIRY SOLIDARITY|171\/324
|
|turn|6
|
|move|p1a: FAIRY SOLIDARITY|Memento|p2a: Scizor
|-unboost|p2a: Scizor|atk|2
|-unboost|p2a: Scizor|spa|2
|faint|p1a: FAIRY SOLIDARITY
|move|p2a: Scizor|Bullet Punch|p1: FAIRY SOLIDARITY|[notarget]
|-notarget
|
|
|switch|p1a: THE BP SAVIOR|Smeargle, M, shiny|251\/251
|turn|7
|
|switch|p2a: Volcarona|Volcarona, F|312\/312
|move|p1a: THE BP SAVIOR|Cotton Guard|p1a: THE BP SAVIOR
|-boost|p1a: THE BP SAVIOR|def|3
|
|turn|8
|
|move|p1a: THE BP SAVIOR|Geomancy|p1a: THE BP SAVIOR|[still]
|-prepare|p1a: THE BP SAVIOR|Geomancy|p1a: THE BP SAVIOR
|-enditem|p1a: THE BP SAVIOR|Power Herb
|-anim|p1a: THE BP SAVIOR|Geomancy|p1a: THE BP SAVIOR
|-boost|p1a: THE BP SAVIOR|spa|2
|-boost|p1a: THE BP SAVIOR|spd|2
|-boost|p1a: THE BP SAVIOR|spe|2
|move|p2a: Volcarona|Fiery Dance|p1a: THE BP SAVIOR
|-damage|p1a: THE BP SAVIOR|119\/251
|
|-sideend|p1: ladder troll haha|move: Tailwind
|turn|9
|
|move|p1a: THE BP SAVIOR|Baton Pass|p1a: THE BP SAVIOR
|
|switch|p1a: DON TROLEONE|Espeon, M|321\/321
|move|p2a: Volcarona|Bug Buzz|p1a: DON TROLEONE
|-supereffective|p1a: DON TROLEONE
|-damage|p1a: DON TROLEONE|133\/321
|
|-heal|p1a: DON TROLEONE|153\/321|[from] item: Leftovers
|turn|10
|
|move|p1a: DON TROLEONE|Stored Power|p2a: Volcarona
|-damage|p2a: Volcarona|0 fnt
|faint|p2a: Volcarona
|
|-heal|p1a: DON TROLEONE|173\/321|[from] item: Leftovers
|-sideend|p1: ladder troll haha|Reflect
|
|switch|p2a: Scizor|Scizor-Mega, M|344\/344
|turn|11
|
|move|p1a: DON TROLEONE|Substitute|p1a: DON TROLEONE
|-start|p1a: DON TROLEONE|Substitute
|-damage|p1a: DON TROLEONE|93\/321
|move|p2a: Scizor|Swords Dance|p2a: Scizor
|-boost|p2a: Scizor|atk|2
|
|-heal|p1a: DON TROLEONE|113\/321|[from] item: Leftovers
|turn|12
|
|move|p2a: Scizor|Bullet Punch|p1a: DON TROLEONE
|-end|p1a: DON TROLEONE|Substitute
|move|p1a: DON TROLEONE|Stored Power|p2a: Scizor
|-resisted|p2a: Scizor
|-damage|p2a: Scizor|45\/344
|
|-heal|p1a: DON TROLEONE|133\/321|[from] item: Leftovers
|turn|13
|
|move|p2a: Scizor|Bullet Punch|p1a: DON TROLEONE
|-damage|p1a: DON TROLEONE|22\/321
|move|p1a: DON TROLEONE|Morning Sun|p1a: DON TROLEONE
|-heal|p1a: DON TROLEONE|182\/321
|
|-heal|p1a: DON TROLEONE|202\/321|[from] item: Leftovers
|turn|14
|
|move|p1a: DON TROLEONE|Stored Power|p2a: Scizor
|-resisted|p2a: Scizor
|-damage|p2a: Scizor|0 fnt
|faint|p2a: Scizor
|
|-heal|p1a: DON TROLEONE|222\/321|[from] item: Leftovers
|
|switch|p2a: Landorus-Therian|Landorus-Therian, M|320\/320
|-ability|p2a: Landorus-Therian|Intimidate|[of] p1a: DON TROLEONE
|-unboost|p1a: DON TROLEONE|atk|1
|turn|15
|
|move|p1a: DON TROLEONE|Stored Power|p2a: Landorus-Therian
|-damage|p2a: Landorus-Therian|0 fnt
|faint|p2a: Landorus-Therian
|
|-heal|p1a: DON TROLEONE|242\/321|[from] item: Leftovers
|
|switch|p2a: Azumarill|Azumarill, M|404\/404
|turn|16
|
|move|p1a: DON TROLEONE|Stored Power|p2a: Azumarill
|-damage|p2a: Azumarill|0 fnt
|faint|p2a: Azumarill
|
|-heal|p1a: DON TROLEONE|262\/321|[from] item: Leftovers
|
|switch|p2a: Latios|Latios, M|302\/302
|turn|17
|-message|Caralhu forfeited.
|
|win|ladder troll haha
|raw|Ladder updating...
|leave|Caralhu
|player|p2