|join|ladder troll haha
|join|Tom Durrrrr
|player|p1|ladder troll haha|7
|player|p2|Tom Durrrrr|126
|gametype|singles
|gen|6
|tier|OU
|rated
|clearpoke
|poke|p1|Cottonee, F
|poke|p1|Azelf
|poke|p1|Whimsicott, F
|poke|p1|Smeargle, M, shiny
|poke|p1|Espeon, M
|poke|p1|Clefable, M
|poke|p2|Metagross
|poke|p2|Landorus-Therian, M
|poke|p2|Greninja, F
|poke|p2|Latios, M
|poke|p2|Talonflame, M
|poke|p2|Chansey, F
|rule|Swagger Clause: Swagger is banned
|rule|Baton Pass Clause: Limit one Pokémon knowing Baton Pass
|rule|Sleep Clause Mod: Limit one foe put to sleep
|rule|Species Clause: Limit one of each Pokémon
|rule|OHKO Clause: OHKO moves are banned
|rule|Moody Clause: Moody is banned
|rule|Evasion Moves Clause: Evasion moves are banned
|rule|Endless Battle Clause: Forcing endless battles is banned
|rule|HP Percentage Mod: HP is shown in percentages
|teampreview
|
|start
|switch|p1a: CHICHICHI LELELE|Cottonee, F|284\/284
|switch|p2a: Greninja|Greninja, F|285\/285
|turn|1
|
|move|p1a: CHICHICHI LELELE|Tailwind|p1a: CHICHICHI LELELE
|-sidestart|p1: ladder troll haha|move: Tailwind
|move|p2a: Greninja|U-turn|p1a: CHICHICHI LELELE
|-start|p2a: Greninja|typechange|Bug|[from] Protean
|-damage|p1a: CHICHICHI LELELE|155\/284
|
|switch|p2a: Metagross|Metagross|301\/301
|
|turn|2
|
|detailschange|p2a: Metagross|Metagross-Mega
|message|Metagross has Mega Evolved into Mega Metagross!
|move|p1a: CHICHICHI LELELE|Memento|p2a: Metagross
|-unboost|p2a: Metagross|atk|2
|-unboost|p2a: Metagross|spa|2
|faint|p1a: CHICHICHI LELELE
|move|p2a: Metagross|Bullet Punch|p1: CHICHICHI LELELE|[notarget]
|-notarget
|
|
|switch|p1a: VIVA CHILE|Azelf|354\/354
|turn|3
|join|LoganUnderFire
|
|switch|p2a: Greninja|Greninja, F|285\/285
|move|p1a: VIVA CHILE|Reflect|p1a: VIVA CHILE
|-sidestart|p1: ladder troll haha|Reflect
|
|turn|4
|
|move|p1a: VIVA CHILE|Light Screen|p1a: VIVA CHILE
|-sidestart|p1: ladder troll haha|move: Light Screen
|move|p2a: Greninja|Dark Pulse|p1a: VIVA CHILE
|-start|p2a: Greninja|typechange|Dark|[from] Protean
|-supereffective|p1a: VIVA CHILE
|-damage|p1a: VIVA CHILE|180\/354
|
|-sideend|p1: ladder troll haha|move: Tailwind
|turn|5
|
|move|p2a: Greninja|Dark Pulse|p1a: VIVA CHILE
|-supereffective|p1a: VIVA CHILE
|-damage|p1a: VIVA CHILE|27\/354
|move|p1a: VIVA CHILE|Explosion|p2a: Greninja
|-damage|p2a: Greninja|0 fnt
|faint|p1a: VIVA CHILE
|faint|p2a: Greninja
|
|
|switch|p1a: FAIRY SOLIDARITY|Whimsicott, F|324\/324
|switch|p2a: Latios|Latios, M|301\/301
|turn|6
|
|move|p1a: FAIRY SOLIDARITY|Taunt|p2a: Latios
|-start|p2a: Latios|move: Taunt
|cant|p2a: Latios|move: Taunt|Defog
|
|turn|7
|
|move|p1a: FAIRY SOLIDARITY|Memento|p2a: Latios
|-unboost|p2a: Latios|atk|2
|-unboost|p2a: Latios|spa|2
|faint|p1a: FAIRY SOLIDARITY
|move|p2a: Latios|Psyshock|p1: FAIRY SOLIDARITY|[notarget]
|-notarget
|
|
|switch|p1a: THE BP SAVIOR|Smeargle, M, shiny|251\/251
|turn|8
|
|move|p2a: Latios|Psyshock|p1a: THE BP SAVIOR
|-damage|p1a: THE BP SAVIOR|185\/251
|-damage|p2a: Latios|271\/301|[from] item: Life Orb
|move|p1a: THE BP SAVIOR|Geomancy|p1a: THE BP SAVIOR|[still]
|-prepare|p1a: THE BP SAVIOR|Geomancy|p1a: THE BP SAVIOR
|-enditem|p1a: THE BP SAVIOR|Power Herb
|-anim|p1a: THE BP SAVIOR|Geomancy|p1a: THE BP SAVIOR
|-boost|p1a: THE BP SAVIOR|spa|2
|-boost|p1a: THE BP SAVIOR|spd|2
|-boost|p1a: THE BP SAVIOR|spe|2
|
|-end|p2a: Latios|move: Taunt
|turn|9
|
|move|p1a: THE BP SAVIOR|Cotton Guard|p1a: THE BP SAVIOR
|-boost|p1a: THE BP SAVIOR|def|3
|move|p2a: Latios|Defog|p1a: THE BP SAVIOR
|-unboost|p1a: THE BP SAVIOR|evasion|1
|-sideend|p1: ladder troll haha|Reflect
|-sideend|p1: ladder troll haha|Reflect|[from] move: Defog|[of] p1a: THE BP SAVIOR
|-sideend|p1: ladder troll haha|move: Light Screen
|-sideend|p1: ladder troll haha|Light Screen|[from] move: Defog|[of] p1a: THE BP SAVIOR
|
|turn|10
|
|move|p1a: THE BP SAVIOR|Cotton Guard|p1a: THE BP SAVIOR
|-boost|p1a: THE BP SAVIOR|def|3
|move|p2a: Latios|Draco Meteor|p1a: THE BP SAVIOR
|-damage|p1a: THE BP SAVIOR|60\/251
|-unboost|p2a: Latios|spa|2
|-damage|p2a: Latios|241\/301|[from] item: Life Orb
|
|turn|11
|
|move|p1a: THE BP SAVIOR|Baton Pass|p1a: THE BP SAVIOR
|
|switch|p1a: DON TROLEONE|Espeon, M|321\/321
|move|p2a: Latios|Draco Meteor|p1a: DON TROLEONE
|-damage|p1a: DON TROLEONE|273\/321
|-unboost|p2a: Latios|spa|2
|-damage|p2a: Latios|211\/301|[from] item: Life Orb
|
|-heal|p1a: DON TROLEONE|293\/321|[from] item: Leftovers
|turn|12
|c|★Tom Durrrrr|crit!!!
|
|move|p1a: DON TROLEONE|Substitute|p1a: DON TROLEONE
|-start|p1a: DON TROLEONE|Substitute
|-damage|p1a: DON TROLEONE|213\/321
|move|p2a: Latios|Psyshock|p1a: DON TROLEONE
|-resisted|p1a: DON TROLEONE
|-activate|p1a: DON TROLEONE|Substitute|[damage]
|-damage|p2a: Latios|181\/301|[from] item: Life Orb
|
|-heal|p1a: DON TROLEONE|233\/321|[from] item: Leftovers
|turn|13
|
|move|p1a: DON TROLEONE|Dazzling Gleam|p2a: Latios
|-supereffective|p2a: Latios
|-damage|p2a: Latios|0 fnt
|faint|p2a: Latios
|
|-heal|p1a: DON TROLEONE|253\/321|[from] item: Leftovers
|
|switch|p2a: Metagross|Metagross-Mega|301\/301
|turn|14
|
|move|p2a: Metagross|Bullet Punch|p1a: DON TROLEONE
|-crit|p1a: DON TROLEONE
|-end|p1a: DON TROLEONE|Substitute
|move|p1a: DON TROLEONE|Stored Power|p2a: Metagross
|-resisted|p2a: Metagross
|-damage|p2a: Metagross|138\/301
|
|-heal|p1a: DON TROLEONE|273\/321|[from] item: Leftovers
|turn|15
|
|move|p2a: Metagross|Bullet Punch|p1a: DON TROLEONE
|-damage|p1a: DON TROLEONE|245\/321
|move|p1a: DON TROLEONE|Substitute|p1a: DON TROLEONE
|-start|p1a: DON TROLEONE|Substitute
|-damage|p1a: DON TROLEONE|165\/321
|
|-heal|p1a: DON TROLEONE|185\/321|[from] item: Leftovers
|turn|16
|-message|Tom Durrrrr forfeited.
|
|win|ladder troll haha
|raw|Ladder updating...
|leave|Tom Durrrrr
|player|p2
|raw|ladder troll haha's rating: 1687 &rarr; <strong>1699<\/strong><br \/>(+12 for winning)
|raw|Tom Durrrrr's rating: 1538 &rarr; <strong>1526<\/strong><br \/>(-12 for losing)
|c| LoganUnderFire|lol