|join|MystletainnKick
|join|NarcistNarcissus
|player|p1|MystletainnKick|285
|player|p2|NarcistNarcissus|250
|gametype|singles
|gen|6
|tier|UU
|rated
|rule|Sleep Clause Mod: Limit one foe put to sleep
|rule|Species Clause: Limit one of each Pokémon
|rule|OHKO Clause: OHKO moves are banned
|rule|Moody Clause: Moody is banned
|rule|Evasion Moves Clause: Evasion moves are banned
|rule|Endless Battle Clause: Forcing endless battles is banned
|rule|HP Percentage Mod: HP is shown in percentages
|clearpoke
|poke|p1|Absol, M, shiny
|poke|p1|Florges, F, shiny
|poke|p1|Entei, shiny
|poke|p1|Shuckle, F
|poke|p1|Toxicroak, M
|poke|p1|Slowking, M
|poke|p2|Roserade, M
|poke|p2|Machamp, M
|poke|p2|Entei, shiny
|poke|p2|Tornadus, M
|poke|p2|Forretress, F, shiny
|poke|p2|Ampharos, M
|rule|Swagger Clause: Swagger is banned
|rule|Baton Pass Clause: Limit one Pokémon knowing Baton Pass
|teampreview
|
|start
|switch|p1a: Shuckle|Shuckle, F|243\/243
|switch|p2a: Ampharos|Ampharos, M|384\/384
|turn|1
|
|detailschange|p2a: Ampharos|Ampharos-Mega, M
|message|Ampharos has Mega Evolved into Mega Ampharos!
|-ability|p2a: Ampharos|Mold Breaker
|move|p2a: Ampharos|Volt Switch|p1a: Shuckle
|-damage|p1a: Shuckle|185\/243
|
|switch|p2a: Entei|Entei, shiny|372\/372
|-ability|p2a: Entei|Pressure
|move|p1a: Shuckle|Sticky Web|p2a: Entei
|-sidestart|p2: NarcistNarcissus|move: Sticky Web
|
|-heal|p1a: Shuckle|200\/243|[from] item: Leftovers
|turn|2
|
|move|p2a: Entei|Sacred Fire|p1a: Shuckle
|-crit|p1a: Shuckle
|-damage|p1a: Shuckle|0 fnt
|faint|p1a: Shuckle
|
|
|switch|p1a: Slowking|Slowking, M|393\/393
|turn|3
|
|switch|p2a: Roserade|Roserade, M|324\/324
|-activate|p2a: Roserade|move: Sticky Web
|-unboost|p2a: Roserade|spe|1
|move|p1a: Slowking|Scald|p2a: Roserade
|-resisted|p2a: Roserade
|-damage|p2a: Roserade|280\/324
|
|-heal|p2a: Roserade|300\/324|[from] item: Black Sludge
|turn|4
|
|move|p2a: Roserade|Sleep Powder|p1a: Slowking|[miss]
|-miss|p2a: Roserade|p1a: Slowking
|move|p1a: Slowking|Ice Beam|p2a: Roserade
|-supereffective|p2a: Roserade
|-damage|p2a: Roserade|168\/324
|
|-heal|p2a: Roserade|188\/324|[from] item: Black Sludge
|turn|5
|
|move|p2a: Roserade|Sleep Powder|p1a: Slowking|[miss]
|-miss|p2a: Roserade|p1a: Slowking
|move|p1a: Slowking|Ice Beam|p2a: Roserade
|-supereffective|p2a: Roserade
|-damage|p2a: Roserade|60\/324
|
|-heal|p2a: Roserade|80\/324|[from] item: Black Sludge
|turn|6
|
|move|p2a: Roserade|Sleep Powder|p1a: Slowking
|-status|p1a: Slowking|slp
|cant|p1a: Slowking|slp
|
|-heal|p2a: Roserade|100\/324|[from] item: Black Sludge
|turn|7
|
|switch|p1a: Toxicroak|Toxicroak, M|307\/307
|move|p2a: Roserade|Giga Drain|p1a: Toxicroak
|-resisted|p1a: Toxicroak
|-damage|p1a: Toxicroak|238\/307
|-heal|p2a: Roserade|135\/324|[from] drain|[of] p1a: Toxicroak
|
|-heal|p1a: Toxicroak|257\/307|[from] item: Black Sludge
|-heal|p2a: Roserade|155\/324|[from] item: Black Sludge
|turn|8
|
|switch|p2a: Entei|Entei, shiny|372\/372
|-activate|p2a: Entei|move: Sticky Web
|-unboost|p2a: Entei|spe|1
|-ability|p2a: Entei|Pressure
|move|p1a: Toxicroak|Swords Dance|p1a: Toxicroak
|-boost|p1a: Toxicroak|atk|2
|
|-heal|p1a: Toxicroak|276\/307|[from] item: Black Sludge
|turn|9
|
|move|p1a: Toxicroak|Gunk Shot|p2a: Entei
|-damage|p2a: Entei|0 fnt
|faint|p2a: Entei
|
|-heal|p1a: Toxicroak|295\/307|[from] item: Black Sludge
|
|switch|p2a: Tornadus|Tornadus, M|299\/299
|turn|10
|
|move|p1a: Toxicroak|Sucker Punch|p2a: Tornadus
|-damage|p2a: Tornadus|63\/299
|move|p2a: Tornadus|Acrobatics|p1a: Toxicroak
|-supereffective|p1a: Toxicroak
|-damage|p1a: Toxicroak|0 fnt
|faint|p1a: Toxicroak
|
|
|switch|p1a: Absol|Absol, M, shiny|271\/271
|turn|11
|
|switch|p2a: Forretress|Forretress, F, shiny|354\/354
|-activate|p2a: Forretress|move: Sticky Web
|-unboost|p2a: Forretress|spe|1
|detailschange|p1a: Absol|Absol-Mega, M, shiny
|message|Absol has Mega Evolved into Mega Absol!
|move|p1a: Absol|Sucker Punch|p2a: Forretress
|-fail|p2a: Forretress
|
|turn|12
|
|move|p1a: Absol|Swords Dance|p1a: Absol
|-boost|p1a: Absol|atk|2
|move|p2a: Forretress|Volt Switch|p1a: Absol
|-damage|p1a: Absol|213\/271
|
|switch|p2a: Machamp|Machamp, M|384\/384
|-activate|p2a: Machamp|move: Sticky Web
|-unboost|p2a: Machamp|spe|1
|
|turn|13
|
|move|p1a: Absol|Superpower|p2a: Machamp
|-crit|p2a: Machamp
|-damage|p2a: Machamp|0 fnt
|-unboost|p1a: Absol|atk|1
|-unboost|p1a: Absol|def|1
|faint|p2a: Machamp
|
|
|switch|p2a: Forretress|Forretress, F, shiny|354\/354
|-activate|p2a: Forretress|move: Sticky Web
|-unboost|p2a: Forretress|spe|1
|turn|14
|
|move|p1a: Absol|Knock Off|p2a: Forretress
|-damage|p2a: Forretress|188\/354
|-enditem|p2a: Forretress|Leftovers|[from] move: Knock Off|[of] p1a: Absol
|move|p2a: Forretress|Gyro Ball|p1a: Absol
|-damage|p1a: Absol|0 fnt
|faint|p1a: Absol
|
|
|switch|p1a: Entei|Entei, shiny|371\/371
|-ability|p1a: Entei|Pressure
|turn|15
|
|switch|p2a: Ampharos|Ampharos-Mega, M|384\/384
|-activate|p2a: Ampharos|move: Sticky Web
|-unboost|p2a: Ampharos|spe|1
|-ability|p2a: Ampharos|Mold Breaker
|move|p1a: Entei|Sacred Fire|p2a: Ampharos
|-resisted|p2a: Ampharos
|-damage|p2a: Ampharos|305\/384
|-status|p2a: Ampharos|brn
|
|-damage|p2a: Ampharos|257\/384 brn|[from] brn
|turn|16
|
|move|p1a: Entei|Bulldoze|p2a: Ampharos
|-supereffective|p2a: Ampharos
|-damage|p2a: Ampharos|107\/384 brn
|-unboost|p2a: Ampharos|spe|1
|move|p2a: Ampharos|Thunderbolt|p1a: Entei
|-damage|p1a: Entei|241\/371
|
|-damage|p2a: Ampharos|59\/384 brn|[from] brn
|turn|17
|
|move|p1a: Entei|Bulldoze|p2a: Ampharos
|-supereffective|p2a: Ampharos
|-damage|p2a: Ampharos|0 fnt
|faint|p2a: Ampharos
|
|
|switch|p2a: Roserade|Roserade, M|155\/324
|-activate|p2a: Roserade|move: Sticky Web
|-unboost|p2a: Roserade|spe|1
|turn|18
|-message|NarcistNarcissus forfeited.
|
|win|MystletainnKick
|raw|Ladder updating...
|leave|NarcistNarcissus
|player|p2
|raw|MystletainnKick's rating: 1000 &rarr; <strong>1040<\/strong><br \/>(+40 for winning)
|raw|NarcistNarcissus's rating: 1000 &rarr; <strong>1000<\/strong><br \/>(+0 for losing)