|join|NarcistNarcissus
|join|AONB
|player|p1|NarcistNarcissus|34
|player|p2|AONB|76
|gametype|singles
|gen|6
|tier|UU
|rated
|rule|Sleep Clause Mod: Limit one foe put to sleep
|rule|Species Clause: Limit one of each Pokémon
|rule|OHKO Clause: OHKO moves are banned
|rule|Moody Clause: Moody is banned
|rule|Evasion Moves Clause: Evasion moves are banned
|rule|Endless Battle Clause: Forcing endless battles is banned
|rule|HP Percentage Mod: HP is shown in percentages
|clearpoke
|poke|p1|Roserade, M
|poke|p1|Machamp, M
|poke|p1|Entei, shiny
|poke|p1|Tornadus, M
|poke|p1|Forretress, F, shiny
|poke|p1|Ampharos, M
|poke|p2|Cinccino, M
|poke|p2|Roserade, F
|poke|p2|Swampert, M
|poke|p2|Chandelure, F
|poke|p2|Florges, F
|poke|p2|Hydreigon, M
|rule|Swagger Clause: Swagger is banned
|rule|Baton Pass Clause: Limit one Pokémon knowing Baton Pass
|teampreview
|
|start
|switch|p1a: Tornadus|Tornadus, M|299\/299
|switch|p2a: Cinccino|Cinccino, M|291\/291
|turn|1
|
|switch|p1a: Forretress|Forretress, F, shiny|354\/354
|move|p2a: Cinccino|Rock Blast|p1a: Forretress
|-damage|p1a: Forretress|335\/354
|-damage|p1a: Forretress|314\/354
|-crit|p1a: Forretress
|-damage|p1a: Forretress|284\/354
|-damage|p1a: Forretress|266\/354
|-crit|p1a: Forretress
|-damage|p1a: Forretress|239\/354
|-hitcount|p1a: Forretress|5
|-damage|p2a: Cinccino|262\/291|[from] item: Life Orb
|
|-heal|p1a: Forretress|261\/354|[from] item: Leftovers
|turn|2
|
|move|p2a: Cinccino|U-turn|p1a: Forretress
|-resisted|p1a: Forretress
|-damage|p1a: Forretress|239\/354
|-damage|p2a: Cinccino|233\/291|[from] item: Life Orb
|
|switch|p2a: Chandelure|Chandelure, F|289\/289
|move|p1a: Forretress|Stealth Rock|p2a: Chandelure
|-sidestart|p2: AONB|move: Stealth Rock
|
|-heal|p1a: Forretress|261\/354|[from] item: Leftovers
|turn|3
|
|switch|p1a: Entei|Entei, shiny|372\/372
|-ability|p1a: Entei|Pressure
|move|p2a: Chandelure|Substitute|p2a: Chandelure
|-start|p2a: Chandelure|Substitute
|-damage|p2a: Chandelure|217\/289
|
|turn|4
|
|move|p1a: Entei|Bulldoze|p2a: Chandelure
|-crit|p2a: Chandelure
|-supereffective|p2a: Chandelure
|-end|p2a: Chandelure|Substitute
|move|p2a: Chandelure|Shadow Ball|p1a: Entei
|-damage|p1a: Entei|138\/372
|-unboost|p1a: Entei|spd|1
|-damage|p2a: Chandelure|189\/289|[from] item: Life Orb
|
|turn|5
|
|switch|p1a: Machamp|Machamp, M|384\/384
|move|p2a: Chandelure|Shadow Ball|p1a: Machamp
|-damage|p1a: Machamp|164\/384
|-damage|p2a: Chandelure|161\/289|[from] item: Life Orb
|
|turn|6
|
|move|p1a: Machamp|Bullet Punch|p2a: Chandelure
|-resisted|p2a: Chandelure
|-damage|p2a: Chandelure|133\/289
|move|p2a: Chandelure|Shadow Ball|p1a: Machamp
|-damage|p1a: Machamp|0 fnt
|-damage|p2a: Chandelure|105\/289|[from] item: Life Orb
|faint|p1a: Machamp
|
|
|switch|p1a: Tornadus|Tornadus, M|299\/299
|turn|7
|
|switch|p2a: Florges|Florges, F|359\/359
|-damage|p2a: Florges|315\/359|[from] Stealth Rock
|move|p1a: Tornadus|Knock Off|p2a: Florges
|-resisted|p2a: Florges
|-damage|p2a: Florges|240\/359
|-enditem|p2a: Florges|Leftovers|[from] move: Knock Off|[of] p1a: Tornadus
|
|turn|8
|
|move|p1a: Tornadus|Acrobatics|p2a: Florges
|-damage|p2a: Florges|6\/359
|move|p2a: Florges|Wish|p2a: Florges
|
|turn|9
|
|move|p2a: Florges|Protect|p2a: Florges
|-singleturn|p2a: Florges|Protect
|move|p1a: Tornadus|Knock Off|p2a: Florges
|-activate|p2a: Florges|Protect
|
|-heal|p2a: Florges|185\/359|[from] move: Wish|[wisher] Florges
|turn|10
|
|move|p1a: Tornadus|Acrobatics|p2a: Florges
|-damage|p2a: Florges|0 fnt
|faint|p2a: Florges
|
|
|switch|p2a: Hydreigon|Hydreigon, M|325\/325
|-damage|p2a: Hydreigon|285\/325|[from] Stealth Rock
|turn|11
|
|switch|p1a: Roserade|Roserade, M|324\/324
|move|p2a: Hydreigon|Dark Pulse|p1a: Roserade
|-damage|p1a: Roserade|225\/324
|
|-heal|p1a: Roserade|245\/324|[from] item: Black Sludge
|turn|12
|
|switch|p2a: Roserade|Roserade, F|313\/313
|-damage|p2a: Roserade|274\/313|[from] Stealth Rock
|move|p1a: Roserade|Sludge Bomb|p2a: Roserade
|-damage|p2a: Roserade|150\/313
|
|-heal|p2a: Roserade|169\/313|[from] item: Black Sludge
|-heal|p1a: Roserade|265\/324|[from] item: Black Sludge
|turn|13
|
|move|p2a: Roserade|Sludge Bomb|p1a: Roserade
|-damage|p1a: Roserade|160\/324
|move|p1a: Roserade|Hidden Power|p2a: Roserade
|-supereffective|p2a: Roserade
|-damage|p2a: Roserade|9\/313
|
|-heal|p2a: Roserade|28\/313|[from] item: Black Sludge
|-heal|p1a: Roserade|180\/324|[from] item: Black Sludge
|turn|14
|
|move|p2a: Roserade|Spikes|p1a: Roserade
|-sidestart|p1: NarcistNarcissus|Spikes
|move|p1a: Roserade|Sludge Bomb|p2a: Roserade
|-damage|p2a: Roserade|0 fnt
|faint|p2a: Roserade
|
|-heal|p1a: Roserade|200\/324|[from] item: Black Sludge
|
|switch|p2a: Chandelure|Chandelure, F|105\/289
|-damage|p2a: Chandelure|33\/289|[from] Stealth Rock
|turn|15
|
|move|p2a: Chandelure|Flamethrower|p1a: Roserade
|-supereffective|p1a: Roserade
|-damage|p1a: Roserade|0 fnt
|-damage|p2a: Chandelure|5\/289|[from] item: Life Orb
|faint|p1a: Roserade
|
|
|switch|p1a: Tornadus|Tornadus, M|299\/299
|turn|16
|
|move|p1a: Tornadus|Acrobatics|p2a: Chandelure
|-damage|p2a: Chandelure|0 fnt
|faint|p2a: Chandelure
|
|
|switch|p2a: Swampert|Swampert, M|401\/401
|-damage|p2a: Swampert|376\/401|[from] Stealth Rock
|turn|17
|
|move|p1a: Tornadus|Grass Knot|p2a: Swampert
|-supereffective|p2a: Swampert
|-damage|p2a: Swampert|56\/401
|move|p2a: Swampert|Scald|p1a: Tornadus
|-damage|p1a: Tornadus|157\/299
|
|-heal|p2a: Swampert|81\/401|[from] item: Leftovers
|turn|18
|
|move|p1a: Tornadus|Acrobatics|p2a: Swampert
|-damage|p2a: Swampert|0 fnt
|faint|p2a: Swampert
|
|
|switch|p2a: Hydreigon|Hydreigon, M|285\/325
|-damage|p2a: Hydreigon|245\/325|[from] Stealth Rock
|turn|19
|
|move|p2a: Hydreigon|Dark Pulse|p1a: Tornadus
|-damage|p1a: Tornadus|0 fnt
|faint|p1a: Tornadus
|
|
|switch|p1a: Ampharos|Ampharos, M|384\/384
|-damage|p1a: Ampharos|336\/384|[from] Spikes
|turn|20
|
|detailschange|p1a: Ampharos|Ampharos-Mega, M
|message|Ampharos has Mega Evolved into Mega Ampharos!
|-ability|p1a: Ampharos|Mold Breaker
|move|p2a: Hydreigon|Dark Pulse|p1a: Ampharos
|-damage|p1a: Ampharos|213\/384
|move|p1a: Ampharos|Dragon Pulse|p2a: Hydreigon
|-supereffective|p2a: Hydreigon
|-damage|p2a: Hydreigon|0 fnt
|faint|p2a: Hydreigon
|
|
|switch|p2a: Cinccino|Cinccino, M|233\/291
|-damage|p2a: Cinccino|197\/291|[from] Stealth Rock
|turn|21
|
|move|p2a: Cinccino|Tail Slap|p1a: Ampharos
|-damage|p1a: Ampharos|166\/384
|-damage|p1a: Ampharos|123\/384
|-damage|p1a: Ampharos|75\/384
|-damage|p1a: Ampharos|32\/384
|-damage|p1a: Ampharos|0 fnt
|-hitcount|p1a: Ampharos|5
|-damage|p2a: Cinccino|168\/291|[from] item: Life Orb
|faint|p1a: Ampharos
|
|
|switch|p1a: Forretress|Forretress, F, shiny|261\/354
|-damage|p1a: Forretress|217\/354|[from] Spikes
|turn|22
|
|move|p2a: Cinccino|Rock Blast|p1a: Forretress|[miss]
|-miss|p2a: Cinccino|p1a: Forretress
|move|p1a: Forretress|Gyro Ball|p2a: Cinccino
|-crit|p2a: Cinccino
|-damage|p2a: Cinccino|0 fnt
|faint|p2a: Cinccino
|
|win|NarcistNarcissus
|raw|Ladder updating...
|raw|NarcistNarcissus's rating: 1601 &rarr; <strong>1613<\/strong><br \/>(+12 for winning)
|raw|AONB's rating: 1449 &rarr; <strong>1437<\/strong><br \/>(-12 for losing)