|join|NarcistNarcissus
|join|SandRushers
|player|p1|NarcistNarcissus|34
|player|p2|SandRushers|79
|gametype|singles
|gen|6
|tier|UU
|rated
|rule|Sleep Clause Mod: Limit one foe put to sleep
|rule|Species Clause: Limit one of each Pokémon
|rule|OHKO Clause: OHKO moves are banned
|rule|Moody Clause: Moody is banned
|rule|Evasion Moves Clause: Evasion moves are banned
|rule|Endless Battle Clause: Forcing endless battles is banned
|rule|HP Percentage Mod: HP is shown in percentages
|clearpoke
|poke|p1|Beedrill, F
|poke|p1|Shiftry, F
|poke|p1|Golurk
|poke|p1|Porygon-Z
|poke|p1|Infernape, F
|poke|p1|Blastoise, F, shiny
|poke|p2|Yanmega, F, shiny
|poke|p2|Sharpedo, F
|poke|p2|Honchkrow, F
|poke|p2|Froslass, F
|poke|p2|Gigalith, M, shiny
|poke|p2|Milotic, F
|rule|Swagger Clause: Swagger is banned
|rule|Baton Pass Clause: Limit one Pokémon knowing Baton Pass
|teampreview
|
|start
|switch|p1a: Porygon-Z|Porygon-Z|312\/312
|switch|p2a: Froslass|Froslass, F|343\/343
|turn|1
|
|move|p2a: Froslass|Thunder Wave|p1a: Porygon-Z
|-status|p1a: Porygon-Z|par
|move|p1a: Porygon-Z|Dark Pulse|p2a: Froslass
|-supereffective|p2a: Froslass
|-enditem|p2a: Froslass|Focus Sash
|-damage|p2a: Froslass|1\/343
|-start|p1a: Porygon-Z|Disable|Dark Pulse
|
|turn|2
|
|switch|p1a: Beedrill|Beedrill, F|272\/272
|move|p2a: Froslass|Spikes|p1a: Beedrill
|-sidestart|p1: NarcistNarcissus|Spikes
|
|turn|3
|
|detailschange|p1a: Beedrill|Beedrill-Mega, F
|message|Beedrill has Mega Evolved into Mega Beedrill!
|move|p1a: Beedrill|Protect|p1a: Beedrill
|-singleturn|p1a: Beedrill|Protect
|move|p2a: Froslass|Destiny Bond|p2a: Froslass
|-singlemove|p2a: Froslass|Destiny Bond
|
|turn|4
|
|move|p1a: Beedrill|Protect|p1a: Beedrill
|-singleturn|p1a: Beedrill|Protect
|move|p2a: Froslass|Thunder Wave|p1a: Beedrill
|-activate|p1a: Beedrill|Protect
|
|turn|5
|
|move|p1a: Beedrill|Knock Off|p2a: Froslass
|-supereffective|p2a: Froslass
|-damage|p2a: Froslass|0 fnt
|-start|p1a: Beedrill|Disable|Knock Off
|faint|p2a: Froslass
|
|
|switch|p2a: Gigalith|Gigalith, M, shiny|374\/374
|turn|6
|
|move|p1a: Beedrill|U-turn|p2a: Gigalith
|-crit|p2a: Gigalith
|-damage|p2a: Gigalith|144\/374
|-damage|p1a: Beedrill|227\/272|[from] item: Rocky Helmet|[of] p2a: Gigalith
|
|switch|p1a: Blastoise|Blastoise, F, shiny|362\/362
|-damage|p1a: Blastoise|317\/362|[from] Spikes
|move|p2a: Gigalith|Rock Blast|p1a: Blastoise|[miss]
|-miss|p2a: Gigalith|p1a: Blastoise
|
|-heal|p1a: Blastoise|339\/362|[from] item: Leftovers
|turn|7
|
|switch|p2a: Milotic|Milotic, F|394\/394
|move|p1a: Blastoise|Scald|p2a: Milotic
|-crit|p2a: Milotic
|-resisted|p2a: Milotic
|-damage|p2a: Milotic|345\/394
|
|-heal|p2a: Milotic|369\/394|[from] item: Leftovers
|-heal|p1a: Blastoise|361\/362|[from] item: Leftovers
|turn|8
|
|move|p2a: Milotic|Hidden Power|p1a: Blastoise
|-supereffective|p1a: Blastoise
|-damage|p1a: Blastoise|269\/362
|move|p1a: Blastoise|Rapid Spin|p2a: Milotic
|-damage|p2a: Milotic|353\/394
|-sideend|p1: NarcistNarcissus|Spikes|[from] move: Rapid Spin|[of] p1a: Blastoise
|
|-heal|p2a: Milotic|377\/394|[from] item: Leftovers
|-heal|p1a: Blastoise|291\/362|[from] item: Leftovers
|turn|9
|
|move|p2a: Milotic|Hidden Power|p1a: Blastoise
|-supereffective|p1a: Blastoise
|-damage|p1a: Blastoise|195\/362
|move|p1a: Blastoise|Toxic|p2a: Milotic
|-status|p2a: Milotic|tox
|
|-heal|p2a: Milotic|394\/394 tox|[from] item: Leftovers
|-heal|p1a: Blastoise|217\/362|[from] item: Leftovers
|-damage|p2a: Milotic|370\/394 tox|[from] psn
|turn|10
|
|switch|p1a: Porygon-Z|Porygon-Z|312\/312 par
|move|p2a: Milotic|Hidden Power|p1a: Porygon-Z
|-damage|p1a: Porygon-Z|227\/312 par
|
|-heal|p2a: Milotic|394\/394 tox|[from] item: Leftovers
|-damage|p2a: Milotic|346\/394 tox|[from] psn
|turn|11
|
|move|p2a: Milotic|Surf|p1a: Porygon-Z
|-damage|p1a: Porygon-Z|43\/312 par
|move|p1a: Porygon-Z|Hyper Beam|p2a: Milotic
|-damage|p2a: Milotic|0 fnt
|faint|p2a: Milotic
|
|
|switch|p2a: Honchkrow|Honchkrow, F|403\/403
|turn|12
|
|move|p2a: Honchkrow|Substitute|p2a: Honchkrow
|-start|p2a: Honchkrow|Substitute
|-damage|p2a: Honchkrow|303\/403
|cant|p1a: Porygon-Z|recharge
|
|-heal|p2a: Honchkrow|328\/403|[from] item: Leftovers
|turn|13
|
|switch|p1a: Golurk|Golurk|382\/382
|move|p2a: Honchkrow|Brave Bird|p1a: Golurk
|-damage|p1a: Golurk|202\/382
|-damage|p2a: Honchkrow|269\/403|[from] recoil|[of] p1a: Golurk
|
|-heal|p2a: Honchkrow|294\/403|[from] item: Leftovers
|-heal|p1a: Golurk|225\/382|[from] item: Leftovers
|turn|14
|
|move|p2a: Honchkrow|Brave Bird|p1a: Golurk
|-damage|p1a: Golurk|47\/382
|-damage|p2a: Honchkrow|235\/403|[from] recoil|[of] p1a: Golurk
|move|p1a: Golurk|Dynamic Punch|p2a: Honchkrow
|-end|p2a: Honchkrow|Substitute
|
|-heal|p2a: Honchkrow|260\/403|[from] item: Leftovers
|-heal|p1a: Golurk|70\/382|[from] item: Leftovers
|turn|15
|
|move|p2a: Honchkrow|Brave Bird|p1a: Golurk
|-damage|p1a: Golurk|0 fnt
|-damage|p2a: Honchkrow|237\/403|[from] recoil|[of] p1a: Golurk
|faint|p1a: Golurk
|-boost|p2a: Honchkrow|atk|1|[from] ability: Moxie
|
|-heal|p2a: Honchkrow|262\/403|[from] item: Leftovers
|
|switch|p1a: Infernape|Infernape, F|294\/294
|turn|16
|
|move|p2a: Honchkrow|Sucker Punch|p1a: Infernape
|-resisted|p1a: Infernape
|-damage|p1a: Infernape|136\/294
|move|p1a: Infernape|Thunder Punch|p2a: Honchkrow
|-supereffective|p2a: Honchkrow
|-damage|p2a: Honchkrow|0 fnt
|-damage|p1a: Infernape|107\/294|[from] item: Life Orb
|faint|p2a: Honchkrow
|
|
|switch|p2a: Yanmega|Yanmega, F, shiny|313\/313
|turn|17
|
|switch|p1a: Porygon-Z|Porygon-Z|43\/312 par
|move|p2a: Yanmega|Protect|p2a: Yanmega
|-fail|p2a: Yanmega
|
|-boost|p2a: Yanmega|spe|1|[from] ability: Speed Boost
|turn|18
|
|move|p2a: Yanmega|Bug Buzz|p1a: Porygon-Z
|-damage|p1a: Porygon-Z|0 fnt
|-damage|p2a: Yanmega|282\/313|[from] item: Life Orb
|faint|p1a: Porygon-Z
|
|-boost|p2a: Yanmega|spe|1|[from] ability: Speed Boost
|
|switch|p1a: Blastoise|Blastoise, F, shiny|217\/362
|turn|19
|
|move|p2a: Yanmega|Giga Drain|p1a: Blastoise
|-supereffective|p1a: Blastoise
|-damage|p1a: Blastoise|43\/362
|-heal|p2a: Yanmega|313\/313|[from] drain|[of] p1a: Blastoise
|-damage|p2a: Yanmega|282\/313|[from] item: Life Orb
|move|p1a: Blastoise|Toxic|p2a: Yanmega
|-status|p2a: Yanmega|tox
|
|-heal|p1a: Blastoise|65\/362|[from] item: Leftovers
|-damage|p2a: Yanmega|263\/313 tox|[from] psn
|-boost|p2a: Yanmega|spe|1|[from] ability: Speed Boost
|turn|20
|
|move|p2a: Yanmega|Giga Drain|p1a: Blastoise
|-supereffective|p1a: Blastoise
|-damage|p1a: Blastoise|0 fnt
|-heal|p2a: Yanmega|296\/313 tox|[from] drain|[of] p1a: Blastoise
|-damage|p2a: Yanmega|265\/313 tox|[from] item: Life Orb
|faint|p1a: Blastoise
|
|-damage|p2a: Yanmega|227\/313 tox|[from] psn
|-boost|p2a: Yanmega|spe|1|[from] ability: Speed Boost
|
|switch|p1a: Shiftry|Shiftry, F|322\/322
|turn|21
|
|move|p1a: Shiftry|Sucker Punch|p2a: Yanmega
|-damage|p2a: Yanmega|24\/313 tox
|-damage|p1a: Shiftry|290\/322|[from] item: Life Orb
|move|p2a: Yanmega|Air Slash|p1a: Shiftry
|-supereffective|p1a: Shiftry
|-damage|p1a: Shiftry|0 fnt
|-damage|p2a: Yanmega|0 fnt|[from] item: Life Orb
|faint|p1a: Shiftry
|faint|p2a: Yanmega
|
|
|switch|p1a: Infernape|Infernape, F|107\/294
|switch|p2a: Gigalith|Gigalith, M, shiny|144\/374
|turn|22
|
|move|p1a: Infernape|Mach Punch|p2a: Gigalith
|-supereffective|p2a: Gigalith
|-damage|p2a: Gigalith|0 fnt
|-damage|p1a: Infernape|58\/294|[from] item: Rocky Helmet|[of] p2a: Gigalith
|-damage|p1a: Infernape|29\/294|[from] item: Life Orb
|faint|p2a: Gigalith
|
|
|switch|p2a: Sharpedo|Sharpedo, F|281\/281
|turn|23
|
|move|p2a: Sharpedo|Protect|p2a: Sharpedo
|-singleturn|p2a: Sharpedo|Protect
|move|p1a: Infernape|Mach Punch|p2a: Sharpedo
|-activate|p2a: Sharpedo|Protect
|
|-boost|p2a: Sharpedo|spe|1|[from] ability: Speed Boost
|turn|24
|
|detailschange|p2a: Sharpedo|Sharpedo-Mega, F
|message|Sharpedo has Mega Evolved into Mega Sharpedo!
|move|p1a: Infernape|Mach Punch|p2a: Sharpedo
|-supereffective|p2a: Sharpedo
|-damage|p2a: Sharpedo|44\/281
|-damage|p1a: Infernape|0 fnt|[from] item: Life Orb
|faint|p1a: Infernape
|move|p2a: Sharpedo|Waterfall|p1: Infernape|[notarget]
|-notarget
|
|
|switch|p1a: Beedrill|Beedrill-Mega, F|227\/272
|turn|25
|
|move|p2a: Sharpedo|Crunch|p1a: Beedrill
|-damage|p1a: Beedrill|0 fnt
|faint|p1a: Beedrill
|
|win|SandRushers
|raw|Ladder updating...