|join|dudman
|join|mliok
|player|p1|dudman|171
|player|p2|mliok|169
|gametype|singles
|gen|6
|tier|UU
|rated
|rule|Sleep Clause Mod: Limit one foe put to sleep
|rule|Species Clause: Limit one of each Pokémon
|rule|OHKO Clause: OHKO moves are banned
|rule|Moody Clause: Moody is banned
|rule|Evasion Moves Clause: Evasion moves are banned
|rule|Endless Battle Clause: Forcing endless battles is banned
|rule|HP Percentage Mod: HP is shown in percentages
|clearpoke
|poke|p1|Slowking, F
|poke|p1|Diancie
|poke|p1|Cofagrigus, F
|poke|p1|Rhyperior, F
|poke|p1|Escavalier, F
|poke|p1|Omastar, F
|poke|p2|Tangrowth, F
|poke|p2|Milotic, M
|poke|p2|Toxicroak, M
|poke|p2|Jirachi
|poke|p2|Crobat, M
|poke|p2|Ampharos, F, shiny
|rule|Swagger Clause: Swagger is banned
|rule|Baton Pass Clause: Limit one Pokémon knowing Baton Pass
|teampreview
|c|★mliok|gl
|
|start
|switch|p1a: 'SMASHING'|Omastar, F|281\/281
|switch|p2a: MaisMeurtBordel|Tangrowth, F|404\/404
|turn|1
|join|LiberalLucario
|c| LiberalLucario|dod
|
|switch|p2a: Penis snake|Milotic, M|394\/394
|move|p1a: 'SMASHING'|Stealth Rock|p2a: Penis snake
|-sidestart|p2: mliok|move: Stealth Rock
|
|turn|2
|c|★dudman|?
|c| LiberalLucario|did you see the guy on smogon who tried to compare medicham and gallade
|c| LiberalLucario|lol
|c|★dudman|y
|
|move|p1a: 'SMASHING'|Spikes|p2a: Penis snake
|-sidestart|p2: mliok|Spikes
|move|p2a: Penis snake|Toxic|p1a: 'SMASHING'
|-status|p1a: 'SMASHING'|tox
|
|-damage|p1a: 'SMASHING'|264\/281 tox|[from] psn
|turn|3
|
|switch|p1a: 'KNOCK OFF'|Slowking, F|394\/394
|move|p2a: Penis snake|Scald|p1a: 'KNOCK OFF'
|-resisted|p1a: 'KNOCK OFF'
|-damage|p1a: 'KNOCK OFF'|347\/394
|
|turn|4
|join|Volbeatdown
|
|move|p1a: 'KNOCK OFF'|Nasty Plot|p1a: 'KNOCK OFF'
|-boost|p1a: 'KNOCK OFF'|spa|2
|move|p2a: Penis snake|Mirror Coat|p1a: 'KNOCK OFF'
|-fail|p1a: 'KNOCK OFF'
|
|turn|5
|c| LiberalLucario|rip
|c| Volbeatdown|whelp
|c| Volbeatdown|rip his life
|
|move|p2a: Penis snake|Toxic|p1a: 'KNOCK OFF'|[miss]
|-miss|p2a: Penis snake|p1a: 'KNOCK OFF'
|move|p1a: 'KNOCK OFF'|Psyshock|p2a: Penis snake
|-damage|p2a: Penis snake|63\/394
|
|-heal|p2a: Penis snake|87\/394|[from] item: Leftovers
|turn|6
|c| LiberalLucario|rip his life even more
|c| Volbeatdown|riperoni
|c| LiberalLucario|forfeit?
|
|switch|p2a: Choppa|Jirachi|404\/404
|-damage|p2a: Choppa|354\/404|[from] Spikes
|-damage|p2a: Choppa|329\/404|[from] Stealth Rock
|move|p1a: 'KNOCK OFF'|Trick Room|p1a: 'KNOCK OFF'
|-fieldstart|move: Trick Room|[of] p1a: 'KNOCK OFF'
|
|-heal|p2a: Choppa|354\/404|[from] item: Leftovers
|turn|7
|c| LiberalLucario|no?
|c| Volbeatdown|WHELP
|c| LiberalLucario|oh
|c|★dudman|epic
|c| Volbeatdown|GEGGEGEGEGGE
|
|move|p1a: 'KNOCK OFF'|Scald|p2a: Choppa
|-damage|p2a: Choppa|182\/404
|move|p2a: Choppa|Healing Wish|p2a: Choppa
|faint|p2a: Choppa
|
|c| Volbeatdown|av
|c|★dudman|l0l
|
|switch|p2a: Penis snake|Milotic, M|87\/394
|-heal|p2a: Penis snake|394\/394|[from] move: Healing Wish
|-damage|p2a: Penis snake|345\/394|[from] Stealth Rock
|-damage|p2a: Penis snake|296\/394|[from] Spikes
|turn|8
|c| LiberalLucario|mfw
|c| Volbeatdown|lmao
|c| Volbeatdown|spdef
|c| LiberalLucario|still dies to psyshock
|
|move|p1a: 'KNOCK OFF'|Psyshock|p2a: Penis snake
|-damage|p2a: Penis snake|7\/394
|move|p2a: Penis snake|Mirror Coat|p1a: 'KNOCK OFF'
|-damage|p1a: 'KNOCK OFF'|0 fnt
|faint|p1a: 'KNOCK OFF'
|
|-heal|p2a: Penis snake|31\/394|[from] item: Leftovers
|c| LiberalLucario|oh
|c|★dudman|,
|c| Volbeatdown|mfw
|c| LiberalLucario|rip
|c| Volbeatdown|min rolleroni
|
|switch|p1a: 'OFFENSE'|Diancie|241\/241
|turn|9
|c| Volbeatdown|diancie sweep
|c| Volbeatdown|y\/y
|
|move|p1a: 'OFFENSE'|Diamond Storm|p2a: Penis snake
|-miss|p1a: 'OFFENSE'|p2a: Penis snake
|move|p2a: Penis snake|Scald|p1a: 'OFFENSE'
|-supereffective|p1a: 'OFFENSE'
|-damage|p1a: 'OFFENSE'|109\/241
|
|-heal|p2a: Penis snake|55\/394|[from] item: Leftovers
|turn|10
|c|★dudman|simply amazing
|
|switch|p2a: MaisMeurtBordel|Tangrowth, F|404\/404
|-damage|p2a: MaisMeurtBordel|354\/404|[from] Stealth Rock
|-damage|p2a: MaisMeurtBordel|304\/404|[from] Spikes
|move|p1a: 'OFFENSE'|Diamond Storm|p2a: MaisMeurtBordel
|-damage|p2a: MaisMeurtBordel|191\/404
|-boost|p1a: 'OFFENSE'|def|1
|-damage|p1a: 'OFFENSE'|85\/241|[from] item: Life Orb
|
|-fieldend|move: Trick Room
|turn|11
|
|switch|p1a: 'RESIST'|Escavalier, F|344\/344
|move|p2a: MaisMeurtBordel|Sleep Powder|p1a: 'RESIST'|[miss]
|-miss|p2a: MaisMeurtBordel|p1a: 'RESIST'
|
|turn|12
|
|move|p2a: MaisMeurtBordel|Sleep Powder|p1a: 'RESIST'
|-fail|p1a: 'RESIST'
|move|p1a: 'RESIST'|Megahorn|p2a: MaisMeurtBordel
|-supereffective|p2a: MaisMeurtBordel
|-damage|p2a: MaisMeurtBordel|0 fnt
|-damage|p1a: 'RESIST'|287\/344|[from] item: Rocky Helmet|[of] p2a: MaisMeurtBordel
|faint|p2a: MaisMeurtBordel
|
|c| LiberalLucario|LOL
|c| Volbeatdown|epic player
|
|switch|p2a: Penetrateur|Crobat, M|373\/373
|-damage|p2a: Penetrateur|280\/373|[from] Stealth Rock
|turn|13
|c| Volbeatdown|heat wave
|c| Volbeatdown|heat wave
|c| Volbeatdown|heat wave
|
|switch|p1a: 'SMASHING'|Omastar, F|264\/281 tox
|move|p2a: Penetrateur|Defog|p1a: 'SMASHING'
|-unboost|p1a: 'SMASHING'|evasion|1
|-sideend|p2: mliok|Spikes|[from] move: Defog|[of] p2a: Penetrateur
|-sideend|p2: mliok|Stealth Rock|[from] move: Defog|[of] p2a: Penetrateur
|
|-heal|p2a: Penetrateur|303\/373|[from] item: Black Sludge
|-damage|p1a: 'SMASHING'|247\/281 tox|[from] psn
|turn|14
|
|switch|p2a: Penis snake|Milotic, M|55\/394
|move|p1a: 'SMASHING'|Scald|p2a: Penis snake
|-resisted|p2a: Penis snake
|-damage|p2a: Penis snake|17\/394
|
|-heal|p2a: Penis snake|41\/394|[from] item: Leftovers
|-damage|p1a: 'SMASHING'|213\/281 tox|[from] psn
|turn|15
|
|move|p1a: 'SMASHING'|Stealth Rock|p2a: Penis snake
|-sidestart|p2: mliok|move: Stealth Rock
|move|p2a: Penis snake|Recover|p2a: Penis snake
|-heal|p2a: Penis snake|238\/394
|
|-heal|p2a: Penis snake|262\/394|[from] item: Leftovers
|-damage|p1a: 'SMASHING'|162\/281 tox|[from] psn
|turn|16
|join|r0ady
|
|move|p1a: 'SMASHING'|Scald|p2a: Penis snake
|-resisted|p2a: Penis snake
|-damage|p2a: Penis snake|223\/394
|-status|p2a: Penis snake|brn
|move|p2a: Penis snake|Recover|p2a: Penis snake
|-heal|p2a: Penis snake|394\/394 brn
|
|-damage|p1a: 'SMASHING'|94\/281 tox|[from] psn
|-damage|p2a: Penis snake|345\/394 brn|[from] brn
|turn|17
|
|switch|p2a: Penetrateur|Crobat, M|303\/373
|-damage|p2a: Penetrateur|210\/373|[from] Stealth Rock
|move|p1a: 'SMASHING'|Spikes|p2a: Penetrateur
|-sidestart|p2: mliok|Spikes
|
|-heal|p2a: Penetrateur|233\/373|[from] item: Black Sludge
|-damage|p1a: 'SMASHING'|9\/281 tox|[from] psn
|turn|18
|
|move|p2a: Penetrateur|Defog|p1a: 'SMASHING'
|-unboost|p1a: 'SMASHING'|evasion|1
|-sideend|p2: mliok|Spikes|[from] move: Defog|[of] p2a: Penetrateur
|-sideend|p2: mliok|Stealth Rock|[from] move: Defog|[of] p2a: Penetrateur
|move|p1a: 'SMASHING'|Stealth Rock|p2a: Penetrateur
|-sidestart|p2: mliok|move: Stealth Rock
|
|-heal|p2a: Penetrateur|256\/373|[from] item: Black Sludge
|-damage|p1a: 'SMASHING'|0 fnt|[from] psn
|faint|p1a: 'SMASHING'
|
|switch|p1a: 'OFFENSE'|Diancie|85\/241
|turn|19
|
|move|p2a: Penetrateur|Toxic|p1a: 'OFFENSE'
|-status|p1a: 'OFFENSE'|tox
|move|p1a: 'OFFENSE'|Trick Room|p1a: 'OFFENSE'
|-fieldstart|move: Trick Room|[of] p1a: 'OFFENSE'
|
|-heal|p2a: Penetrateur|279\/373|[from] item: Black Sludge
|-damage|p1a: 'OFFENSE'|70\/241 tox|[from] psn
|turn|20
|c| Volbeatdown|gg
|c| Volbeatdown|imo
|
|switch|p2a: Eldemenageur|Toxicroak, M|307\/307
|-damage|p2a: Eldemenageur|288\/307|[from] Stealth Rock
|move|p1a: 'OFFENSE'|Diamond Storm|p2a: Eldemenageur
|-resisted|p2a: Eldemenageur
|-damage|p2a: Eldemenageur|157\/307
|-boost|p1a: 'OFFENSE'|def|1
|-damage|p1a: 'OFFENSE'|46\/241 tox|[from] item: Life Orb
|
|-damage|p1a: 'OFFENSE'|16\/241 tox|[from] psn
|turn|21
|leave|Volbeatdown
|
|move|p2a: Eldemenageur|Sucker Punch|p1a: 'OFFENSE'
|-resisted|p1a: 'OFFENSE'
|-damage|p1a: 'OFFENSE'|0 fnt
|-damage|p2a: Eldemenageur|127\/307|[from] item: Life Orb
|faint|p1a: 'OFFENSE'
|
|
|switch|p1a: 'COUNTER'|Rhyperior, F|434\/434
|turn|22
|
|switch|p2a: Penetrateur|Crobat, M|279\/373
|-damage|p2a: Penetrateur|186\/373|[from] Stealth Rock
|move|p1a: 'COUNTER'|Earthquake|p2a: Penetrateur
|-immune|p2a: Penetrateur|[msg]
|
|-heal|p2a: Penetrateur|209\/373|[from] item: Black Sludge
|turn|23
|
|move|p1a: 'COUNTER'|Stone Edge|p2a: Penetrateur
|-supereffective|p2a: Penetrateur
|-damage|p2a: Penetrateur|0 fnt
|-damage|p1a: 'COUNTER'|391\/434|[from] item: Life Orb
|faint|p2a: Penetrateur
|
|-fieldend|move: Trick Room
|
|switch|p2a: Penis snake|Milotic, M|345\/394 brn
|-damage|p2a: Penis snake|296\/394 brn|[from] Stealth Rock
|turn|24
|
|switch|p1a: 'FORRETRESS'|Cofagrigus, F|320\/320
|move|p2a: Penis snake|Scald|p1a: 'FORRETRESS'
|-damage|p1a: 'FORRETRESS'|229\/320
|
|-heal|p2a: Penis snake|320\/394 brn|[from] item: Leftovers
|-heal|p1a: 'FORRETRESS'|249\/320|[from] item: Leftovers
|-damage|p2a: Penis snake|271\/394 brn|[from] brn
|turn|25
|
|move|p2a: Penis snake|Toxic|p1a: 'FORRETRESS'
|-status|p1a: 'FORRETRESS'|tox
|move|p1a: 'FORRETRESS'|Nasty Plot|p1a: 'FORRETRESS'
|-boost|p1a: 'FORRETRESS'|spa|2
|
|-heal|p2a: Penis snake|295\/394 brn|[from] item: Leftovers
|-heal|p1a: 'FORRETRESS'|269\/320 tox|[from] item: Leftovers
|-damage|p2a: Penis snake|246\/394 brn|[from] brn
|-damage|p1a: 'FORRETRESS'|249\/320 tox|[from] psn
|turn|26
|
|switch|p2a: Loreal|Ampharos, F, shiny|384\/384
|-damage|p2a: Loreal|336\/384|[from] Stealth Rock
|move|p1a: 'FORRETRESS'|Shadow Ball|p2a: Loreal
|-damage|p2a: Loreal|69\/384
|
|-heal|p1a: 'FORRETRESS'|269\/320 tox|[from] item: Leftovers
|-damage|p1a: 'FORRETRESS'|229\/320 tox|[from] psn
|turn|27
|
|detailschange|p2a: Loreal|Ampharos-Mega, F, shiny
|message|Ampharos has Mega Evolved into Mega Ampharos!
|-ability|p2a: Loreal|Mold Breaker
|move|p2a: Loreal|Dragon Pulse|p1a: 'FORRETRESS'
|-damage|p1a: 'FORRETRESS'|70\/320 tox
|move|p1a: 'FORRETRESS'|Trick Room|p1a: 'FORRETRESS'
|-fieldstart|move: Trick Room|[of] p1a: 'FORRETRESS'
|
|-heal|p1a: 'FORRETRESS'|90\/320 tox|[from] item: Leftovers
|-damage|p1a: 'FORRETRESS'|30\/320 tox|[from] psn
|turn|28
|
|move|p1a: 'FORRETRESS'|Shadow Ball|p2a: Loreal
|-damage|p2a: Loreal|0 fnt
|faint|p2a: Loreal
|
|-heal|p1a: 'FORRETRESS'|50\/320 tox|[from] item: Leftovers
|-damage|p1a: 'FORRETRESS'|0 fnt|[from] psn
|faint|p1a: 'FORRETRESS'
|
|switch|p1a: 'COUNTER'|Rhyperior, F|391\/434
|switch|p2a: Eldemenageur|Toxicroak, M|127\/307
|-damage|p2a: Eldemenageur|108\/307|[from] Stealth Rock
|turn|29
|
|move|p2a: Eldemenageur|Sucker Punch|p1a: 'COUNTER'
|-damage|p1a: 'COUNTER'|291\/434
|-damage|p2a: Eldemenageur|78\/307|[from] item: Life Orb
|move|p1a: 'COUNTER'|Earthquake|p2a: Eldemenageur
|-crit|p2a: Eldemenageur
|-supereffective|p2a: Eldemenageur
|-damage|p2a: Eldemenageur|0 fnt
|-damage|p1a: 'COUNTER'|248\/434|[from] item: Life Orb
|faint|p2a: Eldemenageur
|
|
|switch|p2a: Penis snake|Milotic, M|246\/394 brn
|-damage|p2a: Penis snake|197\/394 brn|[from] Stealth Rock
|turn|30
|
|move|p1a: 'COUNTER'|Earthquake|p2a: Penis snake
|-damage|p2a: Penis snake|0 fnt
|-damage|p1a: 'COUNTER'|205\/434|[from] item: Life Orb
|faint|p2a: Penis snake
|
|win|dudman
|raw|Ladder updating...
|leave|mliok
|player|p2