|join|Mliok
|join|Bawbs
|player|p1|Mliok|169
|player|p2|Bawbs|100
|gametype|singles
|gen|6
|tier|UU
|rated
|rule|Sleep Clause Mod: Limit one foe put to sleep
|rule|Species Clause: Limit one of each Pokémon
|rule|OHKO Clause: OHKO moves are banned
|rule|Moody Clause: Moody is banned
|rule|Evasion Moves Clause: Evasion moves are banned
|rule|Endless Battle Clause: Forcing endless battles is banned
|rule|HP Percentage Mod: HP is shown in percentages
|clearpoke
|poke|p1|Ampharos, F
|poke|p1|Infernape, F
|poke|p1|Milotic, F
|poke|p1|Tangrowth, F
|poke|p1|Crobat, M
|poke|p1|Toxicroak, F
|poke|p2|Mienshao, M, shiny
|poke|p2|Florges, F, shiny
|poke|p2|Chandelure, F, shiny
|poke|p2|Forretress, M
|poke|p2|Roserade, M, shiny
|poke|p2|Sharpedo, F
|rule|Swagger Clause: Swagger is banned
|rule|Baton Pass Clause: Limit one Pokémon knowing Baton Pass
|teampreview
|
|start
|switch|p1a: Infernape|Infernape, F|293\/293
|switch|p2a: Mienshao|Mienshao, M, shiny|272\/272
|turn|1
|
|switch|p1a: Tangrowth|Tangrowth, F|404\/404
|move|p2a: Mienshao|High Jump Kick|p1a: Tangrowth
|-damage|p1a: Tangrowth|266\/404
|-damage|p2a: Mienshao|227\/272|[from] item: Rocky Helmet|[of] p1a: Tangrowth
|
|turn|2
|
|switch|p2a: Roserade|Roserade, M, shiny|321\/321
|move|p1a: Tangrowth|Knock Off|p2a: Roserade
|-damage|p2a: Roserade|241\/321
|-enditem|p2a: Roserade|Black Sludge|[from] move: Knock Off|[of] p1a: Tangrowth
|
|turn|3
|
|switch|p1a: Crobat|Crobat, M|374\/374
|move|p2a: Roserade|Spikes|p1a: Crobat
|-sidestart|p1: Mliok|Spikes
|
|turn|4
|
|switch|p2a: Forretress|Forretress, M|354\/354
|move|p1a: Crobat|Defog|p2a: Forretress
|-unboost|p2a: Forretress|evasion|1
|-sideend|p1: Mliok|Spikes|[from] move: Defog|[of] p1a: Crobat
|
|turn|5
|
|switch|p1a: Infernape|Infernape, F|293\/293
|move|p2a: Forretress|Stealth Rock|p1a: Infernape
|-sidestart|p1: Mliok|move: Stealth Rock
|
|turn|6
|
|switch|p2a: Chandelure|Chandelure, F, shiny|289\/289
|move|p1a: Infernape|Stealth Rock|p2a: Chandelure
|-sidestart|p2: Bawbs|move: Stealth Rock
|
|turn|7
|
|switch|p1a: Milotic|Milotic, F|393\/393
|-damage|p1a: Milotic|344\/393|[from] Stealth Rock
|move|p2a: Chandelure|Shadow Ball|p1a: Milotic
|-damage|p1a: Milotic|250\/393
|
|-heal|p1a: Milotic|274\/393|[from] item: Leftovers
|turn|8
|
|move|p2a: Chandelure|Calm Mind|p2a: Chandelure
|-boost|p2a: Chandelure|spa|1
|-boost|p2a: Chandelure|spd|1
|move|p1a: Milotic|Scald|p2a: Chandelure
|-supereffective|p2a: Chandelure
|-damage|p2a: Chandelure|143\/289
|
|-heal|p2a: Chandelure|161\/289|[from] item: Leftovers
|-heal|p1a: Milotic|298\/393|[from] item: Leftovers
|turn|9
|
|move|p2a: Chandelure|Shadow Ball|p1a: Milotic
|-damage|p1a: Milotic|159\/393
|move|p1a: Milotic|Mirror Coat|p2a: Chandelure
|-damage|p2a: Chandelure|0 fnt
|faint|p2a: Chandelure
|
|-heal|p1a: Milotic|183\/393|[from] item: Leftovers
|
|switch|p2a: Mienshao|Mienshao, M, shiny|272\/272
|-damage|p2a: Mienshao|255\/272|[from] Stealth Rock
|turn|10
|
|switch|p1a: Tangrowth|Tangrowth, F|400\/404
|-damage|p1a: Tangrowth|350\/404|[from] Stealth Rock
|move|p2a: Mienshao|High Jump Kick|p1a: Tangrowth
|-damage|p1a: Tangrowth|208\/404
|-damage|p2a: Mienshao|210\/272|[from] item: Rocky Helmet|[of] p1a: Tangrowth
|
|turn|11
|
|switch|p2a: Roserade|Roserade, M, shiny|241\/321
|-damage|p2a: Roserade|201\/321|[from] Stealth Rock
|move|p1a: Tangrowth|Giga Drain|p2a: Roserade
|-resisted|p2a: Roserade
|-damage|p2a: Roserade|181\/321
|-heal|p1a: Tangrowth|218\/404|[from] drain|[of] p2a: Roserade
|
|turn|12
|
|switch|p2a: Mienshao|Mienshao, M, shiny|272\/272
|-damage|p2a: Mienshao|255\/272|[from] Stealth Rock
|switch|p1a: Infernape|Infernape, F|293\/293
|-damage|p1a: Infernape|257\/293|[from] Stealth Rock
|
|turn|13
|
|switch|p1a: Crobat|Crobat, M|374\/374
|-damage|p1a: Crobat|281\/374|[from] Stealth Rock
|move|p2a: Mienshao|U-turn|p1a: Crobat
|-resisted|p1a: Crobat
|-damage|p1a: Crobat|258\/374
|
|switch|p2a: Sharpedo|Sharpedo, F|282\/282
|-damage|p2a: Sharpedo|247\/282|[from] Stealth Rock
|
|-heal|p1a: Crobat|281\/374|[from] item: Black Sludge
|turn|14
|
|switch|p1a: Tangrowth|Tangrowth, F|352\/404
|-damage|p1a: Tangrowth|302\/404|[from] Stealth Rock
|move|p2a: Sharpedo|Protect|p2a: Sharpedo
|-fail|p2a: Sharpedo
|
|-boost|p2a: Sharpedo|spe|1|[from] ability: Speed Boost
|turn|15
|
|switch|p2a: Forretress|Forretress, M|354\/354
|-damage|p2a: Forretress|310\/354|[from] Stealth Rock
|move|p1a: Tangrowth|Giga Drain|p2a: Forretress
|-resisted|p2a: Forretress
|-damage|p2a: Forretress|279\/354
|-heal|p1a: Tangrowth|318\/404|[from] drain|[of] p2a: Forretress
|
|-heal|p2a: Forretress|301\/354|[from] item: Leftovers
|turn|16
|
|move|p1a: Tangrowth|Knock Off|p2a: Forretress
|-damage|p2a: Forretress|255\/354
|-enditem|p2a: Forretress|Leftovers|[from] move: Knock Off|[of] p1a: Tangrowth
|move|p2a: Forretress|Rapid Spin|p1a: Tangrowth
|-damage|p1a: Tangrowth|308\/404
|-damage|p2a: Forretress|196\/354|[from] item: Rocky Helmet|[of] p1a: Tangrowth
|-sideend|p2: Bawbs|Stealth Rock|[from] move: Rapid Spin|[of] p2a: Forretress
|
|turn|17
|
|move|p1a: Tangrowth|Leech Seed|p2a: Forretress
|-start|p2a: Forretress|move: Leech Seed
|move|p2a: Forretress|Volt Switch|p1a: Tangrowth
|-resisted|p1a: Tangrowth
|-damage|p1a: Tangrowth|272\/404
|
|switch|p2a: Roserade|Roserade, M, shiny|181\/321
|
|turn|18
|
|switch|p1a: Toxicroak|Toxicroak, F|307\/307
|-damage|p1a: Toxicroak|288\/307|[from] Stealth Rock
|move|p2a: Roserade|Sludge Bomb|p1a: Toxicroak
|-resisted|p1a: Toxicroak
|-damage|p1a: Toxicroak|204\/307
|
|turn|19
|
|switch|p2a: Forretress|Forretress, M|196\/354
|move|p1a: Toxicroak|Gunk Shot|p2a: Forretress
|-immune|p2a: Forretress|[msg]
|
|turn|20
|
|move|p1a: Toxicroak|Drain Punch|p2a: Forretress
|-crit|p2a: Forretress
|-damage|p2a: Forretress|56\/354
|-heal|p1a: Toxicroak|274\/307|[from] drain|[of] p2a: Forretress
|-damage|p1a: Toxicroak|244\/307|[from] item: Life Orb
|move|p2a: Forretress|Volt Switch|p1a: Toxicroak
|-damage|p1a: Toxicroak|195\/307
|
|switch|p2a: Sharpedo|Sharpedo, F|247\/282
|
|turn|21
|
|switch|p1a: Tangrowth|Tangrowth, F|404\/404
|-damage|p1a: Tangrowth|354\/404|[from] Stealth Rock
|move|p2a: Sharpedo|Earthquake|p1a: Tangrowth
|-resisted|p1a: Tangrowth
|-damage|p1a: Tangrowth|317\/404
|
|-boost|p2a: Sharpedo|spe|1|[from] ability: Speed Boost
|turn|22
|
|switch|p2a: Florges|Florges, F, shiny|360\/360
|move|p1a: Tangrowth|Giga Drain|p2a: Florges
|-damage|p2a: Florges|297\/360
|-heal|p1a: Tangrowth|349\/404|[from] drain|[of] p2a: Florges
|
|-heal|p2a: Florges|319\/360|[from] item: Leftovers
|turn|23
|
|switch|p1a: Crobat|Crobat, M|281\/374
|-damage|p1a: Crobat|188\/374|[from] Stealth Rock
|move|p2a: Florges|Wish|p2a: Florges
|
|-heal|p1a: Crobat|211\/374|[from] item: Black Sludge
|-heal|p2a: Florges|341\/360|[from] item: Leftovers
|turn|24
|
|switch|p2a: Forretress|Forretress, M|56\/354
|move|p1a: Crobat|Defog|p2a: Forretress
|-unboost|p2a: Forretress|evasion|1
|-sideend|p1: Mliok|Stealth Rock|[from] move: Defog|[of] p1a: Crobat
|
|-heal|p2a: Forretress|236\/354|[from] move: Wish|[wisher] Florges
|-heal|p1a: Crobat|234\/374|[from] item: Black Sludge
|turn|25
|
|switch|p1a: Infernape|Infernape, F|257\/293
|move|p2a: Forretress|Stealth Rock|p1a: Infernape
|-sidestart|p1: Mliok|move: Stealth Rock
|
|turn|26
|
|switch|p2a: Mienshao|Mienshao, M, shiny|272\/272
|move|p1a: Infernape|Stealth Rock|p2a: Mienshao
|-sidestart|p2: Bawbs|move: Stealth Rock
|
|turn|27
|
|switch|p1a: Tangrowth|Tangrowth, F|404\/404
|-damage|p1a: Tangrowth|354\/404|[from] Stealth Rock
|move|p2a: Mienshao|U-turn|p1a: Tangrowth
|-supereffective|p1a: Tangrowth
|-damage|p1a: Tangrowth|250\/404
|-damage|p2a: Mienshao|227\/272|[from] item: Rocky Helmet|[of] p1a: Tangrowth
|
|switch|p2a: Forretress|Forretress, M|236\/354
|-damage|p2a: Forretress|192\/354|[from] Stealth Rock
|
|turn|28
|
|switch|p1a: Crobat|Crobat, M|234\/374
|-damage|p1a: Crobat|141\/374|[from] Stealth Rock
|move|p2a: Forretress|Rapid Spin|p1a: Crobat
|-crit|p1a: Crobat
|-damage|p1a: Crobat|114\/374
|-sideend|p2: Bawbs|Stealth Rock|[from] move: Rapid Spin|[of] p2a: Forretress
|
|-heal|p1a: Crobat|137\/374|[from] item: Black Sludge
|turn|29
|
|move|p1a: Crobat|Roost|p1a: Crobat
|-heal|p1a: Crobat|324\/374
|move|p2a: Forretress|Gyro Ball|p1a: Crobat
|-damage|p1a: Crobat|143\/374
|
|-heal|p1a: Crobat|166\/374|[from] item: Black Sludge
|turn|30
|
|move|p1a: Crobat|Roost|p1a: Crobat
|-heal|p1a: Crobat|353\/374
|move|p2a: Forretress|Gyro Ball|p1a: Crobat
|-damage|p1a: Crobat|175\/374
|
|-heal|p1a: Crobat|198\/374|[from] item: Black Sludge
|turn|31
|
|move|p1a: Crobat|Defog|p2a: Forretress
|-unboost|p2a: Forretress|evasion|1
|-sideend|p1: Mliok|Stealth Rock|[from] move: Defog|[of] p1a: Crobat
|move|p2a: Forretress|Gyro Ball|p1a: Crobat
|-crit|p1a: Crobat
|-damage|p1a: Crobat|0 fnt
|faint|p1a: Crobat
|
|
|switch|p1a: Infernape|Infernape, F|257\/293
|turn|32
|
|switch|p2a: Florges|Florges, F, shiny|341\/360
|move|p1a: Infernape|Fire Blast|p2a: Florges|[miss]
|-miss|p1a: Infernape|p2a: Florges
|
|-heal|p2a: Florges|360\/360|[from] item: Leftovers
|turn|33
|
|move|p1a: Infernape|Stealth Rock|p2a: Florges
|-sidestart|p2: Bawbs|move: Stealth Rock
|move|p2a: Florges|Moonblast|p1a: Infernape
|-damage|p1a: Infernape|101\/293
|
|turn|34
|
|switch|p1a: Milotic|Milotic, F|183\/393
|move|p2a: Florges|Wish|p2a: Florges
|
|-heal|p1a: Milotic|207\/393|[from] item: Leftovers
|turn|35
|
|switch|p2a: Roserade|Roserade, M, shiny|181\/321
|-damage|p2a: Roserade|141\/321|[from] Stealth Rock
|move|p1a: Milotic|Scald|p2a: Roserade
|-resisted|p2a: Roserade
|-damage|p2a: Roserade|105\/321
|
|-heal|p2a: Roserade|285\/321|[from] move: Wish|[wisher] Florges
|-heal|p1a: Milotic|231\/393|[from] item: Leftovers
|turn|36
|
|move|p2a: Roserade|Spikes|p1a: Milotic
|-sidestart|p1: Mliok|Spikes
|move|p1a: Milotic|Recover|p1a: Milotic
|-heal|p1a: Milotic|393\/393
|
|turn|37
|
|switch|p1a: Toxicroak|Toxicroak, F|195\/307
|-damage|p1a: Toxicroak|157\/307|[from] Spikes
|move|p2a: Roserade|Spikes|p1a: Toxicroak
|-sidestart|p1: Mliok|Spikes
|
|turn|38
|
|move|p1a: Toxicroak|Substitute|p1a: Toxicroak
|-start|p1a: Toxicroak|Substitute
|-damage|p1a: Toxicroak|81\/307
|move|p2a: Roserade|Sludge Bomb|p1a: Toxicroak
|-resisted|p1a: Toxicroak
|-end|p1a: Toxicroak|Substitute
|
|turn|39
|
|move|p1a: Toxicroak|Gunk Shot|p2a: Roserade
|-damage|p2a: Roserade|0 fnt
|-damage|p1a: Toxicroak|51\/307|[from] item: Life Orb
|faint|p2a: Roserade
|
|
|switch|p2a: Forretress|Forretress, M|192\/354
|-damage|p2a: Forretress|148\/354|[from] Stealth Rock
|turn|40
|
|move|p1a: Toxicroak|Drain Punch|p2a: Forretress
|-crit|p2a: Forretress
|-damage|p2a: Forretress|0 fnt
|-heal|p1a: Toxicroak|125\/307|[from] drain|[of] p2a: Forretress
|-damage|p1a: Toxicroak|95\/307|[from] item: Life Orb
|faint|p2a: Forretress
|
|
|switch|p2a: Mienshao|Mienshao, M, shiny|272\/272
|-damage|p2a: Mienshao|255\/272|[from] Stealth Rock
|turn|41
|
|switch|p1a: Tangrowth|Tangrowth, F|384\/404
|-damage|p1a: Tangrowth|317\/404|[from] Spikes
|move|p2a: Mienshao|U-turn|p1a: Tangrowth
|-supereffective|p1a: Tangrowth
|-damage|p1a: Tangrowth|221\/404
|-damage|p2a: Mienshao|210\/272|[from] item: Rocky Helmet|[of] p1a: Tangrowth
|
|switch|p2a: Florges|Florges, F, shiny|360\/360
|-damage|p2a: Florges|315\/360|[from] Stealth Rock
|
|-heal|p2a: Florges|337\/360|[from] item: Leftovers
|turn|42
|
|switch|p1a: Milotic|Milotic, F|393\/393
|-damage|p1a: Milotic|328\/393|[from] Spikes
|move|p2a: Florges|Moonblast|p1a: Milotic
|-damage|p1a: Milotic|256\/393
|
|-heal|p1a: Milotic|280\/393|[from] item: Leftovers
|-heal|p2a: Florges|359\/360|[from] item: Leftovers
|turn|43
|
|switch|p2a: Mienshao|Mienshao, M, shiny|272\/272
|-damage|p2a: Mienshao|255\/272|[from] Stealth Rock
|move|p1a: Milotic|Toxic|p2a: Mienshao
|-status|p2a: Mienshao|tox
|
|-heal|p1a: Milotic|304\/393|[from] item: Leftovers
|-damage|p2a: Mienshao|238\/272 tox|[from] psn
|turn|44
|
|move|p2a: Mienshao|High Jump Kick|p1a: Milotic
|-damage|p1a: Milotic|34\/393
|move|p1a: Milotic|Recover|p1a: Milotic
|-heal|p1a: Milotic|231\/393
|
|-heal|p1a: Milotic|255\/393|[from] item: Leftovers
|-damage|p2a: Mienshao|204\/272 tox|[from] psn
|turn|45
|
|switch|p2a: Florges|Florges, F, shiny|359\/360
|-damage|p2a: Florges|314\/360|[from] Stealth Rock
|switch|p1a: Tangrowth|Tangrowth, F|355\/404
|-damage|p1a: Tangrowth|288\/404|[from] Spikes
|
|-heal|p2a: Florges|336\/360|[from] item: Leftovers
|turn|46
|
|move|p2a: Florges|Moonblast|p1a: Tangrowth
|-damage|p1a: Tangrowth|39\/404
|move|p1a: Tangrowth|Leech Seed|p2a: Florges
|-start|p2a: Florges|move: Leech Seed
|
|-heal|p2a: Florges|358\/360|[from] item: Leftovers
|-damage|p2a: Florges|313\/360|[from] Leech Seed|[of] p1a: Tangrowth
|-heal|p1a: Tangrowth|84\/404|[silent]
|turn|47
|
|switch|p2a: Mienshao|Mienshao, M, shiny|272\/272 tox
|-damage|p2a: Mienshao|255\/272 tox|[from] Stealth Rock
|switch|p1a: Milotic|Milotic, F|255\/393
|-damage|p1a: Milotic|190\/393|[from] Spikes
|
|-heal|p1a: Milotic|214\/393|[from] item: Leftovers
|-damage|p2a: Mienshao|238\/272 tox|[from] psn
|turn|48
|
|switch|p1a: Infernape|Infernape, F|101\/293
|-damage|p1a: Infernape|53\/293|[from] Spikes
|move|p2a: Mienshao|High Jump Kick|p1a: Infernape
|-damage|p1a: Infernape|0 fnt
|faint|p1a: Infernape
|
|-damage|p2a: Mienshao|204\/272 tox|[from] psn
|
|switch|p1a: Ampharos|Ampharos, F|384\/384
|-damage|p1a: Ampharos|320\/384|[from] Spikes
|turn|49
|
|switch|p2a: Florges|Florges, F, shiny|313\/360
|-damage|p2a: Florges|268\/360|[from] Stealth Rock
|detailschange|p1a: Ampharos|Ampharos-Mega, F
|message|Ampharos has Mega Evolved into Mega Ampharos!
|-ability|p1a: Ampharos|Mold Breaker
|move|p1a: Ampharos|Volt Switch|p2a: Florges
|-damage|p2a: Florges|178\/360
|
|switch|p1a: Toxicroak|Toxicroak, F|95\/307
|-damage|p1a: Toxicroak|44\/307|[from] Spikes
|
|-heal|p2a: Florges|200\/360|[from] item: Leftovers
|turn|50
|
|switch|p2a: Sharpedo|Sharpedo, F|247\/282
|-damage|p2a: Sharpedo|212\/282|[from] Stealth Rock
|move|p1a: Toxicroak|Drain Punch|p2a: Sharpedo
|-supereffective|p2a: Sharpedo
|-damage|p2a: Sharpedo|0 fnt
|-heal|p1a: Toxicroak|150\/307|[from] drain|[of] p2a: Sharpedo
|-damage|p1a: Toxicroak|120\/307|[from] item: Life Orb
|faint|p2a: Sharpedo
|
|
|switch|p2a: Mienshao|Mienshao, M, shiny|272\/272 tox
|-damage|p2a: Mienshao|255\/272 tox|[from] Stealth Rock
|turn|51
|
|switch|p1a: Milotic|Milotic, F|214\/393
|-damage|p1a: Milotic|149\/393|[from] Spikes
|move|p2a: Mienshao|Knock Off|p1a: Milotic
|-damage|p1a: Milotic|14\/393
|-enditem|p1a: Milotic|Leftovers|[from] move: Knock Off|[of] p2a: Mienshao
|
|-damage|p2a: Mienshao|238\/272 tox|[from] psn
|turn|52
|
|move|p2a: Mienshao|Knock Off|p1a: Milotic
|-damage|p1a: Milotic|0 fnt
|faint|p1a: Milotic
|
|-damage|p2a: Mienshao|204\/272 tox|[from] psn
|
|switch|p1a: Tangrowth|Tangrowth, F|218\/404
|-damage|p1a: Tangrowth|151\/404|[from] Spikes
|turn|53
|
|switch|p2a: Florges|Florges, F, shiny|200\/360
|-damage|p2a: Florges|155\/360|[from] Stealth Rock
|switch|p1a: Ampharos|Ampharos-Mega, F|320\/384
|-damage|p1a: Ampharos|256\/384|[from] Spikes
|-ability|p1a: Ampharos|Mold Breaker
|
|-heal|p2a: Florges|177\/360|[from] item: Leftovers
|turn|54
|
|move|p2a: Florges|Moonblast|p1a: Ampharos
|-supereffective|p1a: Ampharos
|-damage|p1a: Ampharos|38\/384
|move|p1a: Ampharos|Volt Switch|p2a: Florges
|-damage|p2a: Florges|87\/360
|
|switch|p1a: Toxicroak|Toxicroak, F|120\/307
|-damage|p1a: Toxicroak|69\/307|[from] Spikes
|
|-heal|p2a: Florges|109\/360|[from] item: Leftovers
|turn|55
|
|move|p1a: Toxicroak|Gunk Shot|p2a: Florges
|-supereffective|p2a: Florges
|-damage|p2a: Florges|0 fnt
|-damage|p1a: Toxicroak|39\/307|[from] item: Life Orb
|faint|p2a: Florges
|
|
|switch|p2a: Mienshao|Mienshao, M, shiny|272\/272 tox
|-damage|p2a: Mienshao|255\/272 tox|[from] Stealth Rock
|turn|56
|
|move|p1a: Toxicroak|Sucker Punch|p2a: Mienshao
|-resisted|p2a: Mienshao
|-damage|p2a: Mienshao|160\/272 tox
|-damage|p1a: Toxicroak|9\/307|[from] item: Life Orb
|move|p2a: Mienshao|High Jump Kick|p1a: Toxicroak
|-resisted|p1a: Toxicroak
|-damage|p1a: Toxicroak|0 fnt
|faint|p1a: Toxicroak
|
|-damage|p2a: Mienshao|143\/272 tox|[from] psn
|
|switch|p1a: Tangrowth|Tangrowth, F|285\/404
|-damage|p1a: Tangrowth|218\/404|[from] Spikes
|turn|57
|
|switch|p1a: Ampharos|Ampharos-Mega, F|38\/384
|-damage|p1a: Ampharos|0 fnt|[from] Spikes
|faint|p1a: Ampharos
|move|p2a: Mienshao|High Jump Kick|p1: Ampharos|[notarget]
|-notarget
|
|-damage|p2a: Mienshao|109\/272 tox|[from] psn
|
|switch|p1a: Tangrowth|Tangrowth, F|352\/404
|-damage|p1a: Tangrowth|285\/404|[from] Spikes
|turn|58
|c|★Mliok|gg
|
|move|p2a: Mienshao|High Jump Kick|p1a: Tangrowth
|-damage|p1a: Tangrowth|149\/404
|-damage|p2a: Mienshao|64\/272 tox|[from] item: Rocky Helmet|[of] p1a: Tangrowth
|move|p1a: Tangrowth|Giga Drain|p2a: Mienshao
|-damage|p2a: Mienshao|0 fnt
|-heal|p1a: Tangrowth|181\/404|[from] drain|[of] p2a: Mienshao
|faint|p2a: Mienshao
|
|win|Mliok
|raw|Ladder updating...
|leave|Bawbs
|player|p2
|raw|Mliok's rating: 1314 &rarr; <strong>1338<\/strong><br \/>(+24 for winning)
|raw|Bawbs's rating: 1389 &rarr; <strong>1365<\/strong><br \/>(-24 for losing)