|join|mliok
|join|Time Square
|player|p1|mliok|101
|player|p2|Time Square|88
|gametype|singles
|gen|6
|tier|UU
|rated
|rule|Sleep Clause Mod: Limit one foe put to sleep
|rule|Species Clause: Limit one of each Pokémon
|rule|OHKO Clause: OHKO moves are banned
|rule|Moody Clause: Moody is banned
|rule|Evasion Moves Clause: Evasion moves are banned
|rule|Endless Battle Clause: Forcing endless battles is banned
|rule|HP Percentage Mod: HP is shown in percentages
|clearpoke
|poke|p1|Tangrowth, F
|poke|p1|Milotic, M
|poke|p1|Toxicroak, M
|poke|p1|Jirachi
|poke|p1|Crobat, M
|poke|p1|Ampharos, F, shiny
|poke|p2|Beedrill, F
|poke|p2|Forretress, M
|poke|p2|Swampert, M
|poke|p2|Togekiss, F, shiny
|poke|p2|Roserade, M
|poke|p2|Zygarde
|rule|Swagger Clause: Swagger is banned
|rule|Baton Pass Clause: Limit one Pokémon knowing Baton Pass
|teampreview
|
|start
|switch|p1a: Ampharos|Ampharos, F, shiny|384\/384
|switch|p2a: Beedrill|Beedrill, F|271\/271
|turn|1
|
|detailschange|p2a: Beedrill|Beedrill-Mega, F
|message|Beedrill has Mega Evolved into Mega Beedrill!
|detailschange|p1a: Ampharos|Ampharos-Mega, F, shiny
|message|Ampharos has Mega Evolved into Mega Ampharos!
|-ability|p1a: Ampharos|Mold Breaker
|move|p2a: Beedrill|U-turn|p1a: Ampharos
|-damage|p1a: Ampharos|250\/384
|
|switch|p2a: Swampert|Swampert, M|401\/401
|move|p1a: Ampharos|Dragon Pulse|p2a: Swampert
|-damage|p2a: Swampert|244\/401
|
|-heal|p2a: Swampert|269\/401|[from] item: Leftovers
|turn|2
|
|switch|p1a: Tangrowth|Tangrowth, F|404\/404
|move|p2a: Swampert|Stealth Rock|p1a: Tangrowth
|-sidestart|p1: mliok|move: Stealth Rock
|
|-heal|p2a: Swampert|294\/401|[from] item: Leftovers
|turn|3
|
|switch|p2a: Roserade|Roserade, M|261\/261
|move|p1a: Tangrowth|Knock Off|p2a: Roserade
|-crit|p2a: Roserade
|-damage|p2a: Roserade|95\/261
|-enditem|p2a: Roserade|Life Orb|[from] move: Knock Off|[of] p1a: Tangrowth
|
|turn|4
|
|switch|p1a: Crobat|Crobat, M|373\/373
|-damage|p1a: Crobat|280\/373|[from] Stealth Rock
|move|p2a: Roserade|Sludge Bomb|p1a: Crobat
|-resisted|p1a: Crobat
|-damage|p1a: Crobat|178\/373
|
|-heal|p1a: Crobat|201\/373|[from] item: Black Sludge
|turn|5
|
|switch|p2a: Forretress|Forretress, M|353\/353
|move|p1a: Crobat|Defog|p2a: Forretress
|-unboost|p2a: Forretress|evasion|1
|-sideend|p1: mliok|Stealth Rock|[from] move: Defog|[of] p1a: Crobat
|
|-heal|p1a: Crobat|224\/373|[from] item: Black Sludge
|turn|6
|
|switch|p1a: Ampharos|Ampharos-Mega, F, shiny|250\/384
|-ability|p1a: Ampharos|Mold Breaker
|move|p2a: Forretress|Volt Switch|p1a: Ampharos
|-resisted|p1a: Ampharos
|-damage|p1a: Ampharos|242\/384
|
|switch|p2a: Swampert|Swampert, M|294\/401
|
|-heal|p2a: Swampert|319\/401|[from] item: Leftovers
|turn|7
|
|switch|p2a: Beedrill|Beedrill-Mega, F|271\/271
|move|p1a: Ampharos|Dragon Pulse|p2a: Beedrill
|-damage|p2a: Beedrill|69\/271
|
|turn|8
|
|move|p2a: Beedrill|U-turn|p1a: Ampharos
|-damage|p1a: Ampharos|108\/384
|
|switch|p2a: Swampert|Swampert, M|319\/401
|move|p1a: Ampharos|Volt Switch|p2a: Swampert
|-immune|p2a: Swampert|[msg]
|
|-heal|p2a: Swampert|344\/401|[from] item: Leftovers
|turn|9
|
|switch|p1a: Tangrowth|Tangrowth, F|404\/404
|move|p2a: Swampert|Stealth Rock|p1a: Tangrowth
|-sidestart|p1: mliok|move: Stealth Rock
|
|-heal|p2a: Swampert|369\/401|[from] item: Leftovers
|turn|10
|
|switch|p2a: Roserade|Roserade, M|95\/261
|move|p1a: Tangrowth|Toxic|p2a: Roserade
|-fail|p2a: Roserade
|
|turn|11
|
|switch|p1a: Jirachi|Jirachi|404\/404
|-damage|p1a: Jirachi|379\/404|[from] Stealth Rock
|move|p2a: Roserade|Sleep Powder|p1a: Jirachi
|-status|p1a: Jirachi|slp
|
|-heal|p1a: Jirachi|404\/404 slp|[from] item: Leftovers
|turn|12
|
|switch|p2a: Zygarde|Zygarde|407\/407
|-ability|p2a: Zygarde|Aura Break
|switch|p1a: Crobat|Crobat, M|224\/373
|-damage|p1a: Crobat|131\/373|[from] Stealth Rock
|
|-heal|p1a: Crobat|154\/373|[from] item: Black Sludge
|turn|13
|
|move|p1a: Crobat|Toxic|p2a: Zygarde
|-status|p2a: Zygarde|tox
|move|p2a: Zygarde|Coil|p2a: Zygarde
|-boost|p2a: Zygarde|atk|1
|-boost|p2a: Zygarde|def|1
|-boost|p2a: Zygarde|accuracy|1
|
|-heal|p1a: Crobat|177\/373|[from] item: Black Sludge
|-damage|p2a: Zygarde|382\/407 tox|[from] psn
|turn|14
|
|move|p1a: Crobat|Defog|p2a: Zygarde
|-unboost|p2a: Zygarde|evasion|1
|-sideend|p1: mliok|Stealth Rock|[from] move: Defog|[of] p1a: Crobat
|move|p2a: Zygarde|Dragon Tail|p1a: Crobat
|-damage|p1a: Crobat|53\/373
|drag|p1a: Jirachi|Jirachi|404\/404 slp
|
|-heal|p2a: Zygarde|407\/407 tox|[from] item: Leftovers
|-damage|p2a: Zygarde|357\/407 tox|[from] psn
|turn|15
|
|switch|p2a: Swampert|Swampert, M|369\/401
|switch|p1a: Tangrowth|Tangrowth, F|404\/404
|
|-heal|p2a: Swampert|394\/401|[from] item: Leftovers
|turn|16
|
|switch|p2a: Togekiss|Togekiss, F, shiny|355\/355
|move|p1a: Tangrowth|Giga Drain|p2a: Togekiss
|-resisted|p2a: Togekiss
|-damage|p2a: Togekiss|313\/355
|
|-heal|p2a: Togekiss|335\/355|[from] item: Leftovers
|turn|17
|
|switch|p1a: Milotic|Milotic, M|394\/394
|move|p2a: Togekiss|Heal Bell|p2a: Togekiss
|-cureteam|p2a: Togekiss|[from] move: HealBell
|
|-heal|p2a: Togekiss|355\/355|[from] item: Leftovers
|turn|18
|
|move|p2a: Togekiss|Nasty Plot|p2a: Togekiss
|-boost|p2a: Togekiss|spa|2
|move|p1a: Milotic|Toxic|p2a: Togekiss
|-status|p2a: Togekiss|tox
|
|-damage|p2a: Togekiss|333\/355 tox|[from] psn
|turn|19
|
|move|p2a: Togekiss|Heal Bell|p2a: Togekiss
|-cureteam|p2a: Togekiss|[from] move: HealBell
|move|p1a: Milotic|Mirror Coat|p2a: Togekiss
|-fail|p2a: Togekiss
|
|-heal|p2a: Togekiss|355\/355|[from] item: Leftovers
|turn|20
|
|switch|p1a: Toxicroak|Toxicroak, M|307\/307
|move|p2a: Togekiss|Nasty Plot|p2a: Togekiss
|-boost|p2a: Togekiss|spa|2
|
|turn|21
|
|switch|p2a: Forretress|Forretress, M|353\/353
|move|p1a: Toxicroak|Gunk Shot|p2a: Forretress
|-immune|p2a: Forretress|[msg]
|
|turn|22
|
|switch|p1a: Ampharos|Ampharos-Mega, F, shiny|108\/384
|-ability|p1a: Ampharos|Mold Breaker
|move|p2a: Forretress|Spikes|p1a: Ampharos
|-sidestart|p1: mliok|Spikes
|
|turn|23
|
|switch|p2a: Swampert|Swampert, M|394\/401
|move|p1a: Ampharos|Rest|p1a: Ampharos
|-status|p1a: Ampharos|slp
|-heal|p1a: Ampharos|384\/384 slp|[silent]
|-status|p1a: Ampharos|slp|[from] move: Rest
|
|-heal|p2a: Swampert|401\/401|[from] item: Leftovers
|turn|24
|
|switch|p1a: Crobat|Crobat, M|53\/373
|move|p2a: Swampert|Scald|p1a: Crobat
|-damage|p1a: Crobat|0 fnt
|faint|p1a: Crobat
|
|
|switch|p1a: Tangrowth|Tangrowth, F|404\/404
|-damage|p1a: Tangrowth|354\/404|[from] Spikes
|turn|25
|
|switch|p2a: Roserade|Roserade, M|95\/261
|move|p1a: Tangrowth|Knock Off|p2a: Roserade
|-damage|p2a: Roserade|27\/261
|
|turn|26
|
|switch|p1a: Jirachi|Jirachi|404\/404 slp
|-damage|p1a: Jirachi|354\/404 slp|[from] Spikes
|move|p2a: Roserade|Hidden Power|p1a: Jirachi
|-supereffective|p1a: Jirachi
|-damage|p1a: Jirachi|248\/404 slp
|
|-heal|p1a: Jirachi|273\/404 slp|[from] item: Leftovers
|turn|27
|
|move|p2a: Roserade|Hidden Power|p1a: Jirachi
|-supereffective|p1a: Jirachi
|-damage|p1a: Jirachi|179\/404 slp
|cant|p1a: Jirachi|slp
|
|-heal|p1a: Jirachi|204\/404 slp|[from] item: Leftovers
|turn|28
|
|move|p2a: Roserade|Hidden Power|p1a: Jirachi
|-crit|p1a: Jirachi
|-supereffective|p1a: Jirachi
|-damage|p1a: Jirachi|52\/404 slp
|-curestatus|p1a: Jirachi|slp
|move|p1a: Jirachi|Stealth Rock|p2a: Roserade
|-sidestart|p2: Time Square|move: Stealth Rock
|
|-heal|p1a: Jirachi|77\/404|[from] item: Leftovers
|turn|29
|
|move|p2a: Roserade|Hidden Power|p1a: Jirachi
|-supereffective|p1a: Jirachi
|-damage|p1a: Jirachi|0 fnt
|faint|p1a: Jirachi
|
|
|switch|p1a: Ampharos|Ampharos-Mega, F, shiny|384\/384 slp
|-damage|p1a: Ampharos|336\/384 slp|[from] Spikes
|-ability|p1a: Ampharos|Mold Breaker
|turn|30
|
|move|p2a: Roserade|Sludge Bomb|p1a: Ampharos
|-damage|p1a: Ampharos|203\/384 slp
|cant|p1a: Ampharos|slp
|move|p1a: Ampharos|Sleep Talk|p1a: Ampharos
|move|p1a: Ampharos|Volt Switch|p2a: Roserade|[from]Sleep Talk
|-resisted|p2a: Roserade
|-damage|p2a: Roserade|0 fnt
|faint|p2a: Roserade
|
|switch|p1a: Milotic|Milotic, M|394\/394
|-damage|p1a: Milotic|345\/394|[from] Spikes
|
|-heal|p1a: Milotic|369\/394|[from] item: Leftovers
|
|switch|p2a: Forretress|Forretress, M|353\/353
|-damage|p2a: Forretress|309\/353|[from] Stealth Rock
|turn|31
|
|move|p1a: Milotic|Scald|p2a: Forretress
|-damage|p2a: Forretress|174\/353
|move|p2a: Forretress|Rapid Spin|p1a: Milotic
|-damage|p1a: Milotic|350\/394
|-sideend|p2: Time Square|Stealth Rock|[from] move: Rapid Spin|[of] p2a: Forretress
|
|-heal|p1a: Milotic|374\/394|[from] item: Leftovers
|-heal|p2a: Forretress|196\/353|[from] item: Leftovers
|turn|32
|
|move|p1a: Milotic|Scald|p2a: Forretress
|-crit|p2a: Forretress
|-damage|p2a: Forretress|0 fnt
|faint|p2a: Forretress
|
|-heal|p1a: Milotic|394\/394|[from] item: Leftovers
|
|switch|p2a: Togekiss|Togekiss, F, shiny|355\/355
|turn|33
|
|move|p2a: Togekiss|Air Slash|p1a: Milotic
|-crit|p1a: Milotic
|-damage|p1a: Milotic|274\/394
|cant|p1a: Milotic|flinch
|
|-heal|p1a: Milotic|298\/394|[from] item: Leftovers
|turn|34
|
|move|p2a: Togekiss|Nasty Plot|p2a: Togekiss
|-boost|p2a: Togekiss|spa|2
|move|p1a: Milotic|Mirror Coat|p2a: Togekiss
|-fail|p2a: Togekiss
|
|-heal|p1a: Milotic|322\/394|[from] item: Leftovers
|turn|35
|
|move|p2a: Togekiss|Air Slash|p1a: Milotic
|-damage|p1a: Milotic|144\/394
|cant|p1a: Milotic|flinch
|
|-heal|p1a: Milotic|168\/394|[from] item: Leftovers
|turn|36
|
|switch|p1a: Ampharos|Ampharos-Mega, F, shiny|203\/384 slp
|-damage|p1a: Ampharos|155\/384 slp|[from] Spikes
|-ability|p1a: Ampharos|Mold Breaker
|move|p2a: Togekiss|Air Slash|p1a: Ampharos
|-crit|p1a: Ampharos
|-resisted|p1a: Ampharos
|-damage|p1a: Ampharos|0 fnt
|faint|p1a: Ampharos
|
|
|switch|p1a: Toxicroak|Toxicroak, M|307\/307
|-damage|p1a: Toxicroak|269\/307|[from] Spikes
|turn|37
|
|move|p1a: Toxicroak|Gunk Shot|p2a: Togekiss
|-crit|p2a: Togekiss
|-supereffective|p2a: Togekiss
|-damage|p2a: Togekiss|0 fnt
|-damage|p1a: Toxicroak|239\/307|[from] item: Life Orb
|faint|p2a: Togekiss
|
|
|switch|p2a: Swampert|Swampert, M|401\/401
|turn|38
|
|switch|p1a: Milotic|Milotic, M|168\/394
|-damage|p1a: Milotic|119\/394|[from] Spikes
|switch|p2a: Beedrill|Beedrill-Mega, F|69\/271
|
|-heal|p1a: Milotic|143\/394|[from] item: Leftovers
|turn|39
|
|switch|p1a: Tangrowth|Tangrowth, F|404\/404
|-damage|p1a: Tangrowth|354\/404|[from] Spikes
|move|p2a: Beedrill|U-turn|p1a: Tangrowth
|-supereffective|p1a: Tangrowth
|-damage|p1a: Tangrowth|142\/404
|-damage|p2a: Beedrill|24\/271|[from] item: Rocky Helmet|[of] p1a: Tangrowth
|
|switch|p2a: Zygarde|Zygarde|357\/407
|-ability|p2a: Zygarde|Aura Break
|
|-heal|p2a: Zygarde|382\/407|[from] item: Leftovers
|turn|40
|
|move|p2a: Zygarde|Substitute|p2a: Zygarde
|-start|p2a: Zygarde|Substitute
|-damage|p2a: Zygarde|281\/407
|move|p1a: Tangrowth|Toxic|p2a: Zygarde
|
|-heal|p2a: Zygarde|306\/407|[from] item: Leftovers
|turn|41
|
|move|p2a: Zygarde|Coil|p2a: Zygarde
|-boost|p2a: Zygarde|atk|1
|-boost|p2a: Zygarde|def|1
|-boost|p2a: Zygarde|accuracy|1
|move|p1a: Tangrowth|Giga Drain|p2a: Zygarde
|-activate|p2a: Zygarde|Substitute|[damage]
|-heal|p1a: Tangrowth|175\/404|[from] drain|[of] p2a: Zygarde
|
|-heal|p2a: Zygarde|331\/407|[from] item: Leftovers
|turn|42
|
|move|p2a: Zygarde|Coil|p2a: Zygarde
|-boost|p2a: Zygarde|atk|1
|-boost|p2a: Zygarde|def|1
|-boost|p2a: Zygarde|accuracy|1
|move|p1a: Tangrowth|Giga Drain|p2a: Zygarde
|-end|p2a: Zygarde|Substitute
|-heal|p1a: Tangrowth|193\/404|[from] drain|[of] p2a: Zygarde
|
|-heal|p2a: Zygarde|356\/407|[from] item: Leftovers
|turn|43
|
|move|p2a: Zygarde|Substitute|p2a: Zygarde
|-start|p2a: Zygarde|Substitute
|-damage|p2a: Zygarde|255\/407
|move|p1a: Tangrowth|Giga Drain|p2a: Zygarde
|-activate|p2a: Zygarde|Substitute|[damage]
|-heal|p1a: Tangrowth|228\/404|[from] drain|[of] p2a: Zygarde
|
|-heal|p2a: Zygarde|280\/407|[from] item: Leftovers
|turn|44
|
|move|p2a: Zygarde|Earthquake|p1a: Tangrowth
|-resisted|p1a: Tangrowth
|-damage|p1a: Tangrowth|160\/404
|move|p1a: Tangrowth|Giga Drain|p2a: Zygarde
|-end|p2a: Zygarde|Substitute
|-heal|p1a: Tangrowth|176\/404|[from] drain|[of] p2a: Zygarde
|
|-heal|p2a: Zygarde|305\/407|[from] item: Leftovers
|turn|45
|
|move|p1a: Tangrowth|Giga Drain|p2a: Zygarde
|-damage|p2a: Zygarde|239\/407
|-heal|p1a: Tangrowth|209\/404|[from] drain|[of] p2a: Zygarde
|move|p2a: Zygarde|Dragon Tail|p1a: Tangrowth
|-damage|p1a: Tangrowth|121\/404
|-damage|p2a: Zygarde|172\/407|[from] item: Rocky Helmet|[of] p1a: Tangrowth
|drag|p1a: Toxicroak|Toxicroak, M|239\/307
|-damage|p1a: Toxicroak|201\/307|[from] Spikes
|
|-heal|p2a: Zygarde|197\/407|[from] item: Leftovers
|turn|46
|
|switch|p1a: Tangrowth|Tangrowth, F|255\/404
|-damage|p1a: Tangrowth|205\/404|[from] Spikes
|move|p2a: Zygarde|Earthquake|p1a: Tangrowth
|-crit|p1a: Tangrowth
|-resisted|p1a: Tangrowth
|-damage|p1a: Tangrowth|100\/404
|
|-heal|p2a: Zygarde|222\/407|[from] item: Leftovers
|turn|47
|
|move|p2a: Zygarde|Earthquake|p1a: Tangrowth
|-resisted|p1a: Tangrowth
|-damage|p1a: Tangrowth|28\/404
|move|p1a: Tangrowth|Giga Drain|p2a: Zygarde
|-damage|p2a: Zygarde|149\/407
|-heal|p1a: Tangrowth|65\/404|[from] drain|[of] p2a: Zygarde
|
|-heal|p2a: Zygarde|174\/407|[from] item: Leftovers
|turn|48
|
|switch|p1a: Milotic|Milotic, M|143\/394
|-damage|p1a: Milotic|94\/394|[from] Spikes
|move|p2a: Zygarde|Earthquake|p1a: Milotic
|-damage|p1a: Milotic|0 fnt
|faint|p1a: Milotic
|
|-heal|p2a: Zygarde|199\/407|[from] item: Leftovers
|
|switch|p1a: Tangrowth|Tangrowth, F|199\/404
|-damage|p1a: Tangrowth|149\/404|[from] Spikes
|turn|49
|
|move|p2a: Zygarde|Earthquake|p1a: Tangrowth
|-crit|p1a: Tangrowth
|-resisted|p1a: Tangrowth
|-damage|p1a: Tangrowth|40\/404
|move|p1a: Tangrowth|Leech Seed|p2a: Zygarde
|-start|p2a: Zygarde|move: Leech Seed
|
|-heal|p2a: Zygarde|224\/407|[from] item: Leftovers
|-damage|p2a: Zygarde|174\/407|[from] Leech Seed|[of] p1a: Tangrowth
|-heal|p1a: Tangrowth|90\/404|[silent]
|turn|50
|
|switch|p2a: Beedrill|Beedrill-Mega, F|24\/271
|move|p1a: Tangrowth|Knock Off|p2a: Beedrill
|-damage|p2a: Beedrill|0 fnt
|faint|p2a: Beedrill
|
|
|switch|p2a: Zygarde|Zygarde|174\/407
|-ability|p2a: Zygarde|Aura Break
|turn|51
|
|move|p2a: Zygarde|Substitute|p2a: Zygarde
|-start|p2a: Zygarde|Substitute
|-damage|p2a: Zygarde|73\/407
|move|p1a: Tangrowth|Giga Drain|p2a: Zygarde
|-activate|p2a: Zygarde|Substitute|[damage]
|-heal|p1a: Tangrowth|126\/404|[from] drain|[of] p2a: Zygarde
|
|-heal|p2a: Zygarde|98\/407|[from] item: Leftovers
|turn|52
|
|move|p2a: Zygarde|Coil|p2a: Zygarde
|-boost|p2a: Zygarde|atk|1
|-boost|p2a: Zygarde|def|1
|-boost|p2a: Zygarde|accuracy|1
|move|p1a: Tangrowth|Giga Drain|p2a: Zygarde
|-end|p2a: Zygarde|Substitute
|-heal|p1a: Tangrowth|141\/404|[from] drain|[of] p2a: Zygarde
|
|-heal|p2a: Zygarde|123\/407|[from] item: Leftovers
|turn|53
|
|move|p2a: Zygarde|Coil|p2a: Zygarde
|-boost|p2a: Zygarde|atk|1
|-boost|p2a: Zygarde|def|1
|-boost|p2a: Zygarde|accuracy|1
|move|p1a: Tangrowth|Giga Drain|p2a: Zygarde
|-damage|p2a: Zygarde|48\/407
|-heal|p1a: Tangrowth|179\/404|[from] drain|[of] p2a: Zygarde
|
|-heal|p2a: Zygarde|73\/407|[from] item: Leftovers
|turn|54
|
|move|p2a: Zygarde|Earthquake|p1a: Tangrowth
|-resisted|p1a: Tangrowth
|-damage|p1a: Tangrowth|108\/404
|move|p1a: Tangrowth|Giga Drain|p2a: Zygarde
|-damage|p2a: Zygarde|0 fnt
|-heal|p1a: Tangrowth|145\/404|[from] drain|[of] p2a: Zygarde
|faint|p2a: Zygarde
|
|
|switch|p2a: Swampert|Swampert, M|401\/401
|turn|55
|
|switch|p1a: Toxicroak|Toxicroak, M|201\/307
|-damage|p1a: Toxicroak|163\/307|[from] Spikes
|move|p2a: Swampert|Scald|p1a: Toxicroak
|-heal|p1a: Toxicroak|239\/307|[from] ability: Dry Skin|[of] p2a: Swampert
|
|turn|56
|c|★Time Square|lol i lost like a idiot
|
|move|p1a: Toxicroak|Drain Punch|p2a: Swampert
|-damage|p2a: Swampert|272\/401
|-heal|p1a: Toxicroak|304\/307|[from] drain|[of] p2a: Swampert
|-damage|p1a: Toxicroak|274\/307|[from] item: Life Orb
|move|p2a: Swampert|Earthquake|p1a: Toxicroak
|-supereffective|p1a: Toxicroak
|-damage|p1a: Toxicroak|0 fnt
|faint|p1a: Toxicroak
|
|-heal|p2a: Swampert|297\/401|[from] item: Leftovers
|c|★Time Square|a ez game
|
|switch|p1a: Tangrowth|Tangrowth, F|279\/404
|-damage|p1a: Tangrowth|229\/404|[from] Spikes
|turn|57
|
|move|p2a: Swampert|Scald|p1a: Tangrowth
|-resisted|p1a: Tangrowth
|-damage|p1a: Tangrowth|156\/404
|-status|p1a: Tangrowth|brn
|move|p1a: Tangrowth|Giga Drain|p2a: Swampert
|-supereffective|p2a: Swampert
|-damage|p2a: Swampert|0 fnt
|-heal|p1a: Tangrowth|305\/404 brn|[from] drain|[of] p2a: Swampert
|faint|p2a: Swampert
|
|win|mliok
|raw|Ladder updating...
|raw|mliok's rating: 1430 &rarr; <strong>1461<\/strong><br \/>(+31 for winning)
|raw|Time Square's rating: 1631 &rarr; <strong>1601<\/strong><br \/>(-30 for losing)
|leave|Time Square
|player|p2
|c|★mliok|gg