|join|Alt0927
|join|dedic
|player|p1|Alt0927|225
|player|p2|dedic|#cpgtan
|gametype|singles
|gen|6
|tier|OU
|rated
|clearpoke
|poke|p1|Togekiss, F
|poke|p1|Metagross
|poke|p1|Garchomp, F
|poke|p1|Latios, M
|poke|p1|Heatran, M
|poke|p1|Keldeo
|poke|p2|Sableye, M
|poke|p2|Chansey, F
|poke|p2|Cresselia, F
|poke|p2|Alomomola, F
|poke|p2|Amoonguss, M
|poke|p2|Doublade, F
|rule|Swagger Clause: Swagger is banned
|rule|Baton Pass Clause: Limit one Pokémon knowing Baton Pass
|rule|Sleep Clause Mod: Limit one foe put to sleep
|rule|Species Clause: Limit one of each Pokémon
|rule|OHKO Clause: OHKO moves are banned
|rule|Moody Clause: Moody is banned
|rule|Evasion Moves Clause: Evasion moves are banned
|rule|Endless Battle Clause: Forcing endless battles is banned
|rule|HP Percentage Mod: HP is shown in percentages
|teampreview
|join|Test2017
|join|trev
|
|start
|switch|p1a: Heatran|Heatran, M|323\/323
|switch|p2a: Sableye|Sableye, M|303\/303
|-item|p1a: Heatran|Air Balloon
|turn|1
|
|detailschange|p2a: Sableye|Sableye-Mega, M
|message|Sableye has Mega Evolved into Mega Sableye!
|move|p2a: Sableye|Calm Mind|p2a: Sableye
|-boost|p2a: Sableye|spa|1
|-boost|p2a: Sableye|spd|1
|move|p1a: Heatran|Magma Storm|p2a: Sableye
|-damage|p2a: Sableye|204\/303
|-activate|p2a: Sableye|move: Magma Storm|[of] p1a: Heatran
|
|-damage|p2a: Sableye|167\/303|[from] move: Magma Storm|[partiallytrapped]
|turn|2
|
|move|p1a: Heatran|Magma Storm|p2a: Sableye|[miss]
|-miss|p1a: Heatran|p2a: Sableye
|move|p2a: Sableye|Recover|p2a: Sableye
|-heal|p2a: Sableye|303\/303
|
|-damage|p2a: Sableye|266\/303|[from] move: Magma Storm|[partiallytrapped]
|turn|3
|
|switch|p1a: Togekiss|Togekiss, F|330\/330
|move|p2a: Sableye|Recover|p2a: Sableye
|-heal|p2a: Sableye|303\/303
|
|-end|p2a: Sableye|Magma Storm|[partiallytrapped]
|turn|4
|
|switch|p2a: Doublade|Doublade, F|322\/322
|move|p1a: Togekiss|Nasty Plot|p1a: Togekiss
|-boost|p1a: Togekiss|spa|2
|
|turn|5
|
|switch|p1a: Heatran|Heatran, M|323\/323
|-item|p1a: Heatran|Air Balloon
|move|p2a: Doublade|Gyro Ball|p1a: Heatran
|-resisted|p1a: Heatran
|-damage|p1a: Heatran|292\/323
|-enditem|p1a: Heatran|Air Balloon
|
|turn|6
|
|switch|p2a: Sableye|Sableye-Mega, M|303\/303
|move|p1a: Heatran|Stealth Rock|p2a: Sableye
|move|p2a: Sableye|Stealth Rock|p1a: Heatran|[from]Magic Bounce
|-sidestart|p1: Alt0927|move: Stealth Rock
|
|turn|7
|
|move|p1a: Heatran|Magma Storm|p2a: Sableye
|-damage|p2a: Sableye|156\/303
|-activate|p2a: Sableye|move: Magma Storm|[of] p1a: Heatran
|move|p2a: Sableye|Calm Mind|p2a: Sableye
|-boost|p2a: Sableye|spa|1
|-boost|p2a: Sableye|spd|1
|
|-damage|p2a: Sableye|119\/303|[from] move: Magma Storm|[partiallytrapped]
|turn|8
|
|move|p1a: Heatran|Magma Storm|p2a: Sableye|[miss]
|-miss|p1a: Heatran|p2a: Sableye
|move|p2a: Sableye|Recover|p2a: Sableye
|-heal|p2a: Sableye|271\/303
|
|-damage|p2a: Sableye|234\/303|[from] move: Magma Storm|[partiallytrapped]
|turn|9
|
|switch|p1a: Togekiss|Togekiss, F|330\/330
|-damage|p1a: Togekiss|248\/330|[from] Stealth Rock
|move|p2a: Sableye|Recover|p2a: Sableye
|-heal|p2a: Sableye|303\/303
|
|-end|p2a: Sableye|Magma Storm|[partiallytrapped]
|turn|10
|
|switch|p1a: Garchomp|Garchomp, F|357\/357
|-damage|p1a: Garchomp|335\/357|[from] Stealth Rock
|switch|p2a: Doublade|Doublade, F|322\/322
|
|turn|11
|
|switch|p2a: Cresselia|Cresselia, F|444\/444
|move|p1a: Garchomp|Swords Dance|p1a: Garchomp
|-boost|p1a: Garchomp|atk|2
|
|turn|12
|join|Big the Hedgehog
|
|switch|p1a: Heatran|Heatran, M|292\/323
|-damage|p1a: Heatran|252\/323|[from] Stealth Rock
|move|p2a: Cresselia|Toxic|p1a: Heatran
|-fail|p1a: Heatran
|
|turn|13
|
|switch|p2a: Sableye|Sableye-Mega, M|303\/303
|move|p1a: Heatran|Magma Storm|p2a: Sableye|[miss]
|-miss|p1a: Heatran|p2a: Sableye
|
|turn|14
|
|switch|p1a: Togekiss|Togekiss, F|248\/330
|-damage|p1a: Togekiss|166\/330|[from] Stealth Rock
|move|p2a: Sableye|Recover|p2a: Sableye
|-fail|p2a: Sableye
|
|turn|15
|
|switch|p2a: Chansey|Chansey, F|642\/642
|move|p1a: Togekiss|Roost|p1a: Togekiss
|-heal|p1a: Togekiss|330\/330
|
|turn|16
|
|switch|p2a: Doublade|Doublade, F|322\/322
|move|p1a: Togekiss|Air Slash|p2a: Doublade
|-resisted|p2a: Doublade
|-damage|p2a: Doublade|281\/322
|
|turn|17
|
|switch|p1a: Heatran|Heatran, M|252\/323
|-damage|p1a: Heatran|212\/323|[from] Stealth Rock
|move|p2a: Doublade|Sacred Sword|p1a: Heatran
|-supereffective|p1a: Heatran
|-damage|p1a: Heatran|74\/323
|
|turn|18
|
|switch|p2a: Sableye|Sableye-Mega, M|303\/303
|move|p1a: Heatran|Magma Storm|p2a: Sableye
|-damage|p2a: Sableye|147\/303
|-activate|p2a: Sableye|move: Magma Storm|[of] p1a: Heatran
|
|-damage|p2a: Sableye|110\/303|[from] move: Magma Storm|[partiallytrapped]
|turn|19
|
|move|p1a: Heatran|Magma Storm|p2a: Sableye
|-damage|p2a: Sableye|0 fnt
|faint|p2a: Sableye
|
|
|switch|p2a: Chansey|Chansey, F|642\/642
|turn|20
|
|move|p1a: Heatran|Stealth Rock|p2a: Chansey
|-sidestart|p2: dedic|move: Stealth Rock
|move|p2a: Chansey|Seismic Toss|p1a: Heatran
|-damage|p1a: Heatran|0 fnt
|faint|p1a: Heatran
|
|
|switch|p1a: Garchomp|Garchomp, F|335\/357
|-damage|p1a: Garchomp|313\/357|[from] Stealth Rock
|turn|21
|
|switch|p2a: Cresselia|Cresselia, F|444\/444
|-damage|p2a: Cresselia|389\/444|[from] Stealth Rock
|move|p1a: Garchomp|Swords Dance|p1a: Garchomp
|-boost|p1a: Garchomp|atk|2
|
|-heal|p2a: Cresselia|416\/444|[from] item: Leftovers
|turn|22
|
|move|p1a: Garchomp|Dragon Claw|p2a: Cresselia
|-damage|p2a: Cresselia|169\/444
|-damage|p1a: Garchomp|278\/357|[from] item: Life Orb
|move|p2a: Cresselia|Toxic|p1a: Garchomp
|-status|p1a: Garchomp|tox
|
|-heal|p2a: Cresselia|196\/444|[from] item: Leftovers
|-damage|p1a: Garchomp|256\/357 tox|[from] psn
|turn|23
|
|switch|p2a: Alomomola|Alomomola, F|534\/534
|-damage|p2a: Alomomola|468\/534|[from] Stealth Rock
|move|p1a: Garchomp|Earthquake|p2a: Alomomola
|-damage|p2a: Alomomola|61\/534
|-damage|p1a: Garchomp|221\/357 tox|[from] item: Life Orb
|
|-heal|p2a: Alomomola|94\/534|[from] item: Leftovers
|-damage|p1a: Garchomp|177\/357 tox|[from] psn
|turn|24
|
|move|p2a: Alomomola|Protect|p2a: Alomomola
|-singleturn|p2a: Alomomola|Protect
|move|p1a: Garchomp|Dragon Claw|p2a: Alomomola
|-activate|p2a: Alomomola|Protect
|
|-heal|p2a: Alomomola|127\/534|[from] item: Leftovers
|-damage|p1a: Garchomp|111\/357 tox|[from] psn
|turn|25
|join|Redew
|leave|Big the Hedgehog
|
|switch|p2a: Cresselia|Cresselia, F|196\/444
|-damage|p2a: Cresselia|141\/444|[from] Stealth Rock
|move|p1a: Garchomp|Dragon Claw|p2a: Cresselia
|-damage|p2a: Cresselia|0 fnt
|-damage|p1a: Garchomp|76\/357 tox|[from] item: Life Orb
|faint|p2a: Cresselia
|
|-damage|p1a: Garchomp|0 fnt|[from] psn
|faint|p1a: Garchomp
|
|switch|p1a: Togekiss|Togekiss, F|330\/330
|switch|p2a: Alomomola|Alomomola, F|305\/534
|-damage|p1a: Togekiss|248\/330|[from] Stealth Rock
|-damage|p2a: Alomomola|239\/534|[from] Stealth Rock
|turn|26
|
|switch|p2a: Doublade|Doublade, F|281\/322
|-damage|p2a: Doublade|261\/322|[from] Stealth Rock
|move|p1a: Togekiss|Nasty Plot|p1a: Togekiss
|-boost|p1a: Togekiss|spa|2
|
|turn|27
|
|move|p1a: Togekiss|Air Slash|p2a: Doublade
|-resisted|p2a: Doublade
|-damage|p2a: Doublade|165\/322
|cant|p2a: Doublade|flinch
|
|turn|28
|
|move|p1a: Togekiss|Air Slash|p2a: Doublade
|-resisted|p2a: Doublade
|-damage|p2a: Doublade|74\/322
|cant|p2a: Doublade|flinch
|
|turn|29
|-message|dedic forfeited.
|
|win|Alt0927
|raw|Ladder updating...
|leave|dedic
|player|p2
|raw|Alt0927's rating: 1535 &rarr; <strong>1556<\/strong><br \/>(+21 for winning)
|raw|dedic's rating: 1554 &rarr; <strong>1533<\/strong><br \/>(-21 for losing)