|join|Ryuk97
|join|Alt0927
|player|p1|Ryuk97|2
|player|p2|Alt0927|3
|gametype|singles
|gen|6
|tier|OU
|rated
|clearpoke
|poke|p1|Garchomp, F
|poke|p1|Tyranitar, M
|poke|p1|Excadrill, M
|poke|p1|Clefable, F
|poke|p1|Ferrothorn, M
|poke|p1|Azumarill, M
|poke|p2|Gardevoir, M
|poke|p2|Tornadus-Therian, M
|poke|p2|Landorus-Therian, M
|poke|p2|Greninja, M
|poke|p2|Latios, M
|poke|p2|Keldeo
|rule|Swagger Clause: Swagger is banned
|rule|Baton Pass Clause: Limit one Pokémon knowing Baton Pass
|rule|Sleep Clause Mod: Limit one foe put to sleep
|rule|Species Clause: Limit one of each Pokémon
|rule|OHKO Clause: OHKO moves are banned
|rule|Moody Clause: Moody is banned
|rule|Evasion Moves Clause: Evasion moves are banned
|rule|Endless Battle Clause: Forcing endless battles is banned
|rule|HP Percentage Mod: HP is shown in percentages
|teampreview
|
|start
|switch|p1a: Ferrothorn|Ferrothorn, M|352\/352
|switch|p2a: Greninja|Greninja, M|285\/285
|turn|1
|
|move|p2a: Greninja|Spikes|p1a: Ferrothorn
|-start|p2a: Greninja|typechange|Ground|[from] Protean
|-sidestart|p1: Ryuk97|Spikes
|move|p1a: Ferrothorn|Thunder Wave|p2a: Greninja
|-immune|p2a: Greninja|[msg]
|
|turn|2
|
|switch|p2a: Landorus-Therian|Landorus-Therian, M|337\/337
|-ability|p2a: Landorus-Therian|Intimidate|[of] p1a: Ferrothorn
|-unboost|p1a: Ferrothorn|atk|1
|move|p1a: Ferrothorn|Spikes|p2a: Landorus-Therian
|-sidestart|p2: Alt0927|Spikes
|
|turn|3
|
|move|p2a: Landorus-Therian|Earthquake|p1a: Ferrothorn
|-damage|p1a: Ferrothorn|193\/352
|move|p1a: Ferrothorn|Leech Seed|p2a: Landorus-Therian|[miss]
|-miss|p1a: Ferrothorn|p2a: Landorus-Therian
|
|-heal|p1a: Ferrothorn|215\/352|[from] item: Leftovers
|turn|4
|
|move|p2a: Landorus-Therian|Earthquake|p1a: Ferrothorn
|-damage|p1a: Ferrothorn|50\/352
|move|p1a: Ferrothorn|Leech Seed|p2a: Landorus-Therian
|-start|p2a: Landorus-Therian|move: Leech Seed
|
|-heal|p1a: Ferrothorn|72\/352|[from] item: Leftovers
|-damage|p2a: Landorus-Therian|295\/337|[from] Leech Seed|[of] p1a: Ferrothorn
|-heal|p1a: Ferrothorn|114\/352|[silent]
|turn|5
|
|move|p2a: Landorus-Therian|U-turn|p1a: Ferrothorn
|-damage|p1a: Ferrothorn|41\/352
|-damage|p2a: Landorus-Therian|253\/337|[from] ability: Iron Barbs|[of] p1a: Ferrothorn
|
|switch|p2a: Tornadus-Therian|Tornadus-Therian, M|299\/299
|move|p1a: Ferrothorn|Spikes|p2a: Tornadus-Therian
|-sidestart|p2: Alt0927|Spikes
|
|-heal|p1a: Ferrothorn|63\/352|[from] item: Leftovers
|turn|6
|
|switch|p1a: Tyranitar|Tyranitar, M|403\/403
|-damage|p1a: Tyranitar|353\/403|[from] Spikes
|-weather|Sandstorm
|move|p2a: Tornadus-Therian|Heat Wave|p1a: Tyranitar
|-resisted|p1a: Tyranitar
|-damage|p1a: Tyranitar|317\/403
|-damage|p2a: Tornadus-Therian|270\/299|[from] item: Life Orb
|
|-weather|Sandstorm|[upkeep]
|-damage|p2a: Tornadus-Therian|252\/299|[from] sandstorm
|turn|7
|
|switch|p1a: Ferrothorn|Ferrothorn, M|63\/352
|-damage|p1a: Ferrothorn|19\/352|[from] Spikes
|move|p2a: Tornadus-Therian|Superpower|p1a: Ferrothorn
|-crit|p1a: Ferrothorn
|-supereffective|p1a: Ferrothorn
|-damage|p1a: Ferrothorn|0 fnt
|-damage|p2a: Tornadus-Therian|215\/299|[from] ability: Iron Barbs|[of] p1a: Ferrothorn
|-unboost|p2a: Tornadus-Therian|atk|1
|-unboost|p2a: Tornadus-Therian|def|1
|-damage|p2a: Tornadus-Therian|186\/299|[from] item: Life Orb
|faint|p1a: Ferrothorn
|
|-weather|Sandstorm|[upkeep]
|-damage|p2a: Tornadus-Therian|168\/299|[from] sandstorm
|
|switch|p1a: Excadrill|Excadrill, M|361\/361
|-damage|p1a: Excadrill|316\/361|[from] Spikes
|turn|8
|
|switch|p2a: Keldeo|Keldeo|323\/323
|-damage|p2a: Keldeo|270\/323|[from] Spikes
|move|p1a: Excadrill|Iron Head|p2a: Keldeo
|-resisted|p2a: Keldeo
|-damage|p2a: Keldeo|161\/323
|-damage|p1a: Excadrill|280\/361|[from] item: Life Orb
|
|-weather|Sandstorm|[upkeep]
|-damage|p2a: Keldeo|141\/323|[from] sandstorm
|turn|9
|
|switch|p1a: Azumarill|Azumarill, M|364\/364
|-damage|p1a: Azumarill|319\/364|[from] Spikes
|switch|p2a: Landorus-Therian|Landorus-Therian, M|253\/337
|-ability|p2a: Landorus-Therian|Intimidate|[of] p1a: Azumarill
|-unboost|p1a: Azumarill|atk|1
|
|-weather|Sandstorm|[upkeep]
|-damage|p1a: Azumarill|297\/364|[from] sandstorm
|turn|10
|
|move|p2a: Landorus-Therian|Earthquake|p1a: Azumarill
|-damage|p1a: Azumarill|0 fnt
|faint|p1a: Azumarill
|
|-weather|Sandstorm|[upkeep]
|
|switch|p1a: Garchomp|Garchomp, F|357\/357
|-damage|p1a: Garchomp|313\/357|[from] Spikes
|turn|11
|
|switch|p2a: Tornadus-Therian|Tornadus-Therian, M|267\/299
|detailschange|p1a: Garchomp|Garchomp-Mega, F
|-mega|p1a: Garchomp|Garchomp|Garchompite
|move|p1a: Garchomp|Draco Meteor|p2a: Tornadus-Therian
|-damage|p2a: Tornadus-Therian|18\/299
|-unboost|p1a: Garchomp|spa|2
|
|-weather|Sandstorm|[upkeep]
|-damage|p2a: Tornadus-Therian|0 fnt|[from] sandstorm
|faint|p2a: Tornadus-Therian
|
|switch|p2a: Gardevoir|Gardevoir, M|277\/277
|-damage|p2a: Gardevoir|231\/277|[from] Spikes
|-ability|p2a: Gardevoir|Sand Force|[from] ability: Trace|[of] p1a: Garchomp
|turn|12
|c|★Alt0927|damn
|
|switch|p2a: Latios|Latios, M|301\/301
|switch|p1a: Clefable|Clefable, F|394\/394
|
|-weather|Sandstorm|[upkeep]
|-damage|p2a: Latios|283\/301|[from] sandstorm
|turn|13
|
|move|p2a: Latios|Calm Mind|p2a: Latios
|-boost|p2a: Latios|spa|1
|-boost|p2a: Latios|spd|1
|move|p1a: Clefable|Calm Mind|p1a: Clefable
|-boost|p1a: Clefable|spa|1
|-boost|p1a: Clefable|spd|1
|
|-weather|none
|turn|14
|
|move|p2a: Latios|Psyshock|p1a: Clefable
|-crit|p1a: Clefable
|-damage|p1a: Clefable|0 fnt
|-damage|p2a: Latios|253\/301|[from] item: Life Orb
|faint|p1a: Clefable
|
|
|switch|p1a: Tyranitar|Tyranitar, M|317\/403
|-damage|p1a: Tyranitar|267\/403|[from] Spikes
|-weather|Sandstorm
|turn|15
|
|move|p2a: Latios|Draco Meteor|p1a: Tyranitar|[miss]
|-miss|p2a: Latios|p1a: Tyranitar
|move|p1a: Tyranitar|Pursuit|p2a: Latios
|-supereffective|p2a: Latios
|-damage|p2a: Latios|97\/301
|
|-weather|Sandstorm|[upkeep]
|-damage|p2a: Latios|79\/301|[from] sandstorm
|turn|16
|
|move|p2a: Latios|Draco Meteor|p1a: Tyranitar
|-damage|p1a: Tyranitar|32\/403
|-unboost|p2a: Latios|spa|2
|-damage|p2a: Latios|49\/301|[from] item: Life Orb
|move|p1a: Tyranitar|Pursuit|p2a: Latios
|-supereffective|p2a: Latios
|-damage|p2a: Latios|0 fnt
|faint|p2a: Latios
|
|-weather|Sandstorm|[upkeep]
|
|switch|p2a: Landorus-Therian|Landorus-Therian, M|253\/337
|-ability|p2a: Landorus-Therian|Intimidate|[of] p1a: Tyranitar
|-unboost|p1a: Tyranitar|atk|1
|turn|17
|
|move|p2a: Landorus-Therian|U-turn|p1a: Tyranitar
|-supereffective|p1a: Tyranitar
|-damage|p1a: Tyranitar|0 fnt
|faint|p1a: Tyranitar
|
|switch|p2a: Keldeo|Keldeo|141\/323
|-damage|p2a: Keldeo|88\/323|[from] Spikes
|
|-weather|Sandstorm|[upkeep]
|-damage|p2a: Keldeo|68\/323|[from] sandstorm
|
|switch|p1a: Excadrill|Excadrill, M|280\/361
|-damage|p1a: Excadrill|235\/361|[from] Spikes
|turn|18
|
|move|p1a: Excadrill|Iron Head|p2a: Keldeo
|-resisted|p2a: Keldeo
|-damage|p2a: Keldeo|0 fnt
|-damage|p1a: Excadrill|199\/361|[from] item: Life Orb
|faint|p2a: Keldeo
|
|-weather|Sandstorm|[upkeep]
|
|switch|p2a: Gardevoir|Gardevoir, M|231\/277
|-damage|p2a: Gardevoir|185\/277|[from] Spikes
|-ability|p2a: Gardevoir|Sand Rush|[from] ability: Trace|[of] p1a: Excadrill
|turn|19
|
|detailschange|p2a: Gardevoir|Gardevoir-Mega, M
|-mega|p2a: Gardevoir|Gardevoir|Gardevoirite
|move|p2a: Gardevoir|Hyper Voice|p1a: Excadrill
|-resisted|p1a: Excadrill
|-damage|p1a: Excadrill|11\/361
|move|p1a: Excadrill|Iron Head|p2a: Gardevoir
|-supereffective|p2a: Gardevoir
|-damage|p2a: Gardevoir|0 fnt
|-damage|p1a: Excadrill|0 fnt|[from] item: Life Orb
|faint|p2a: Gardevoir
|faint|p1a: Excadrill
|
|-weather|Sandstorm|[upkeep]
|
|switch|p2a: Greninja|Greninja, M|285\/285
|switch|p1a: Garchomp|Garchomp-Mega, F|313\/357
|-damage|p2a: Greninja|238\/285|[from] Spikes
|-damage|p1a: Garchomp|269\/357|[from] Spikes
|turn|20
|
|move|p2a: Greninja|Ice Beam|p1a: Garchomp
|-start|p2a: Greninja|typechange|Ice|[from] Protean
|-supereffective|p1a: Garchomp
|-damage|p1a: Garchomp|0 fnt
|-damage|p2a: Greninja|210\/285|[from] item: Life Orb
|faint|p1a: Garchomp
|
|win|Alt0927
|raw|Ladder updating...
|raw|Ryuk97's rating: 1507 &rarr; <strong>1488<\/strong><br \/>(-19 for losing)
|raw|Alt0927's rating: 1536 &rarr; <strong>1554<\/strong><br \/>(+18 for winning)
|leave|Ryuk97
|player|p1