|join|Lange98
|join|Spammernoob
|player|p1|Lange98|68
|player|p2|Spammernoob|170
|gametype|singles
|gen|6
|tier|OU
|rated
|clearpoke
|poke|p1|Greninja, M
|poke|p1|Lopunny, F, shiny
|poke|p1|Landorus-Therian, M
|poke|p1|Talonflame, M
|poke|p1|Rotom-Wash
|poke|p1|Latios, M
|poke|p2|Latias, F
|poke|p2|Breloom, M
|poke|p2|Heatran, M
|poke|p2|Gyarados, F, shiny
|poke|p2|Greninja, M, shiny
|poke|p2|Bisharp, F, shiny
|rule|Swagger Clause: Swagger is banned
|rule|Baton Pass Clause: Limit one Pokémon knowing Baton Pass
|rule|Sleep Clause Mod: Limit one foe put to sleep
|rule|Species Clause: Limit one of each Pokémon
|rule|OHKO Clause: OHKO moves are banned
|rule|Moody Clause: Moody is banned
|rule|Evasion Moves Clause: Evasion moves are banned
|rule|Endless Battle Clause: Forcing endless battles is banned
|rule|HP Percentage Mod: HP is shown in percentages
|teampreview
|join|Rene.B.H.
|
|start
|switch|p1a: Lopunny|Lopunny, F, shiny|271\/271
|switch|p2a: Breloominati|Breloom, M|262\/262
|turn|1
|
|switch|p2a: Mizuhime|Gyarados, F, shiny|332\/332
|-ability|p2a: Mizuhime|Intimidate|[of] p1a: Lopunny
|-unboost|p1a: Lopunny|atk|1
|detailschange|p1a: Lopunny|Lopunny-Mega, F, shiny
|message|Lopunny has Mega Evolved into Mega Lopunny!
|move|p1a: Lopunny|Fake Out|p2a: Mizuhime
|-damage|p2a: Mizuhime|275\/332
|
|turn|2
|leave|Rene.B.H.
|c|★Spammernoob|lel fite meh
|
|switch|p1a: Landorus-Therian|Landorus-Therian, M|381\/381
|-ability|p1a: Landorus-Therian|Intimidate|[of] p2a: Mizuhime
|-unboost|p2a: Mizuhime|atk|1
|move|p2a: Mizuhime|Dragon Dance|p2a: Mizuhime
|-boost|p2a: Mizuhime|atk|1
|-boost|p2a: Mizuhime|spe|1
|
|turn|3
|
|move|p2a: Mizuhime|Substitute|p2a: Mizuhime
|-start|p2a: Mizuhime|Substitute
|-damage|p2a: Mizuhime|192\/332
|move|p1a: Landorus-Therian|Rock Tomb|p2a: Mizuhime
|-crit|p2a: Mizuhime
|-supereffective|p2a: Mizuhime
|-end|p2a: Mizuhime|Substitute
|
|turn|4
|
|switch|p2a: Red Ranger|Bisharp, F, shiny|272\/272
|move|p1a: Landorus-Therian|Rock Tomb|p2a: Red Ranger
|-crit|p2a: Red Ranger
|-resisted|p2a: Red Ranger
|-damage|p2a: Red Ranger|217\/272
|-unboost|p2a: Red Ranger|spe|1
|-boost|p2a: Red Ranger|atk|2|[from] ability: Defiant
|
|turn|5
|
|move|p2a: Red Ranger|Sucker Punch|p1a: Landorus-Therian
|-damage|p1a: Landorus-Therian|0 fnt
|-damage|p2a: Red Ranger|190\/272|[from] item: Life Orb
|faint|p1a: Landorus-Therian
|
|
|switch|p1a: Lopunny|Lopunny-Mega, F, shiny|271\/271
|turn|6
|c|★Spammernoob|#swag
|
|move|p1a: Lopunny|Fake Out|p2a: Red Ranger
|-resisted|p2a: Red Ranger
|-damage|p2a: Red Ranger|154\/272
|cant|p2a: Red Ranger|flinch
|
|turn|7
|
|move|p2a: Red Ranger|Sucker Punch|p1a: Lopunny
|-crit|p1a: Lopunny
|-resisted|p1a: Lopunny
|-damage|p1a: Lopunny|0 fnt
|-damage|p2a: Red Ranger|127\/272|[from] item: Life Orb
|faint|p1a: Lopunny
|
|c|★Spammernoob|lol
|c|★Spammernoob|Rekt
|
|switch|p1a: Greninja|Greninja, M|285\/285
|turn|8
|
|move|p2a: Red Ranger|Sucker Punch|p1a: Greninja
|-resisted|p1a: Greninja
|-damage|p1a: Greninja|11\/285
|-damage|p2a: Red Ranger|100\/272|[from] item: Life Orb
|move|p1a: Greninja|Hydro Pump|p2a: Red Ranger
|-start|p1a: Greninja|typechange|Water|[from] Protean
|-damage|p2a: Red Ranger|0 fnt
|-damage|p1a: Greninja|0 fnt|[from] item: Life Orb
|faint|p2a: Red Ranger
|faint|p1a: Greninja
|
|-message|Lange98 forfeited.
|
|win|Spammernoob
|raw|Ladder updating...
|leave|Lange98
|player|p1
|raw|Lange98's rating: 1527 &rarr; <strong>1504<\/strong><br \/>(-23 for losing)
|raw|Spammernoob's rating: 1466 &rarr; <strong>1490<\/strong><br \/>(+24 for winning)