|join|ANGER MANAGEMENT
|join|viaw
|player|p1|ANGER MANAGEMENT|123
|player|p2|viaw|183
|gametype|singles
|gen|6
|tier|UU
|rated
|rule|Sleep Clause Mod: Limit one foe put to sleep
|rule|Species Clause: Limit one of each Pokémon
|rule|OHKO Clause: OHKO moves are banned
|rule|Moody Clause: Moody is banned
|rule|Evasion Moves Clause: Evasion moves are banned
|rule|Endless Battle Clause: Forcing endless battles is banned
|rule|HP Percentage Mod: HP is shown in percentages
|clearpoke
|poke|p1|Haxorus, M
|poke|p1|Lucario, M
|poke|p1|Nidoqueen, F
|poke|p1|Tornadus, M, shiny
|poke|p1|Azelf, shiny
|poke|p1|Absol, M
|poke|p2|Ampharos, F
|poke|p2|Hippowdon, M
|poke|p2|Stoutland, F, shiny
|poke|p2|Hydreigon, M
|poke|p2|Jirachi
|poke|p2|Sandslash, F, shiny
|rule|Swagger Clause: Swagger is banned
|rule|Baton Pass Clause: Limit one Pokémon knowing Baton Pass
|teampreview
|c|★viaw|oh
|c|★viaw|hi
|c|★ANGER MANAGEMENT|hi
|
|start
|switch|p1a: Dudeman130498|Azelf, shiny|291\/291
|switch|p2a: bobo gets mad|Hydreigon, M|325\/325
|turn|1
|
|move|p2a: bobo gets mad|U-turn|p1a: Dudeman130498
|-supereffective|p1a: Dudeman130498
|-damage|p1a: Dudeman130498|131\/291
|
|switch|p2a: Jirachi|Jirachi|404\/404
|move|p1a: Dudeman130498|Knock Off|p2a: Jirachi
|-supereffective|p2a: Jirachi
|-damage|p2a: Jirachi|174\/404
|-enditem|p2a: Jirachi|Leftovers|[from] move: Knock Off|[of] p1a: Dudeman130498
|
|turn|2
|
|move|p1a: Dudeman130498|Stealth Rock|p2a: Jirachi
|-sidestart|p2: viaw|move: Stealth Rock
|move|p2a: Jirachi|U-turn|p1a: Dudeman130498
|-supereffective|p1a: Dudeman130498
|-damage|p1a: Dudeman130498|0 fnt
|faint|p1a: Dudeman130498
|
|switch|p2a: hip hop katsu don|Hippowdon, M|420\/420
|-damage|p2a: hip hop katsu don|394\/420|[from] Stealth Rock
|-weather|Sandstorm
|
|-weather|Sandstorm|[upkeep]
|
|switch|p1a: Kitten Milk|Absol, M|281\/281
|turn|3
|
|detailschange|p1a: Kitten Milk|Absol-Mega, M
|message|Absol has Mega Evolved into Mega Absol!
|move|p1a: Kitten Milk|Swords Dance|p1a: Kitten Milk
|-boost|p1a: Kitten Milk|atk|2
|move|p2a: hip hop katsu don|Earthquake|p1a: Kitten Milk
|-damage|p1a: Kitten Milk|97\/281
|
|-weather|Sandstorm|[upkeep]
|-damage|p1a: Kitten Milk|80\/281|[from] sandstorm
|turn|4
|
|switch|p2a: Jirachi|Jirachi|174\/404
|-damage|p2a: Jirachi|149\/404|[from] Stealth Rock
|move|p1a: Kitten Milk|Knock Off|p2a: Jirachi
|-supereffective|p2a: Jirachi
|-damage|p2a: Jirachi|0 fnt
|faint|p2a: Jirachi
|
|-weather|Sandstorm|[upkeep]
|-damage|p1a: Kitten Milk|63\/281|[from] sandstorm
|
|switch|p2a: bobo gets mad|Hydreigon, M|325\/325
|-damage|p2a: bobo gets mad|285\/325|[from] Stealth Rock
|turn|5
|
|move|p1a: Kitten Milk|Sucker Punch|p2a: bobo gets mad
|-resisted|p2a: bobo gets mad
|-damage|p2a: bobo gets mad|66\/325
|move|p2a: bobo gets mad|U-turn|p1a: Kitten Milk
|-supereffective|p1a: Kitten Milk
|-damage|p1a: Kitten Milk|0 fnt
|faint|p1a: Kitten Milk
|join|no soul
|
|switch|p2a: oldie|Stoutland, F, shiny|316\/316
|-damage|p2a: oldie|277\/316|[from] Stealth Rock
|
|-weather|Sandstorm|[upkeep]
|
|switch|p1a: King UU|Nidoqueen, F|351\/351
|turn|6
|
|move|p2a: oldie|Frustration|p1a: King UU
|-damage|p1a: King UU|38\/351
|move|p1a: King UU|Sludge Wave|p2a: oldie
|-damage|p2a: oldie|39\/316
|
|-weather|Sandstorm|[upkeep]
|turn|7
|
|move|p2a: oldie|Frustration|p1a: King UU
|-damage|p1a: King UU|0 fnt
|faint|p1a: King UU
|
|-weather|Sandstorm|[upkeep]
|join|Feng
|
|switch|p1a: ahyueah|Lucario, M|289\/289
|turn|8
|
|move|p1a: ahyueah|Vacuum Wave|p2a: oldie
|-supereffective|p2a: oldie
|-damage|p2a: oldie|0 fnt
|-damage|p1a: ahyueah|261\/289|[from] item: Life Orb
|faint|p2a: oldie
|
|-weather|Sandstorm|[upkeep]
|
|switch|p2a: hip hop katsu don|Hippowdon, M|394\/420
|-damage|p2a: hip hop katsu don|368\/420|[from] Stealth Rock
|turn|9
|
|switch|p1a: xMarth|Haxorus, M|307\/307
|-ability|p1a: xMarth|Mold Breaker
|move|p2a: hip hop katsu don|Earthquake|p1a: xMarth
|-damage|p1a: xMarth|166\/307
|
|-weather|none
|turn|10
|
|switch|p2a: bobo gets mad|Hydreigon, M|66\/325
|-damage|p2a: bobo gets mad|26\/325|[from] Stealth Rock
|move|p1a: xMarth|Swords Dance|p1a: xMarth
|-boost|p1a: xMarth|atk|2
|
|turn|11
|
|switch|p1a: ANGER MANAGEMENT|Tornadus, M, shiny|299\/299
|move|p2a: bobo gets mad|Draco Meteor|p1a: ANGER MANAGEMENT
|-damage|p1a: ANGER MANAGEMENT|14\/299
|-unboost|p2a: bobo gets mad|spa|2
|
|turn|12
|
|move|p1a: ANGER MANAGEMENT|Tailwind|p1a: ANGER MANAGEMENT
|-sidestart|p1: ANGER MANAGEMENT|move: Tailwind
|move|p2a: bobo gets mad|Draco Meteor|p1a: ANGER MANAGEMENT
|-damage|p1a: ANGER MANAGEMENT|0 fnt
|-unboost|p2a: bobo gets mad|spa|2
|faint|p1a: ANGER MANAGEMENT
|
|c| Feng|whhhy am i getting mad
|c|★viaw|nb
|
|switch|p1a: ahyueah|Lucario, M|261\/289
|turn|13
|
|switch|p2a: hip hop katsu don|Hippowdon, M|368\/420
|-damage|p2a: hip hop katsu don|342\/420|[from] Stealth Rock
|-weather|Sandstorm
|move|p1a: ahyueah|Nasty Plot|p1a: ahyueah
|-boost|p1a: ahyueah|spa|2
|
|-weather|Sandstorm|[upkeep]
|turn|14
|
|move|p1a: ahyueah|Flash Cannon|p2a: hip hop katsu don
|-damage|p2a: hip hop katsu don|0 fnt
|-damage|p1a: ahyueah|233\/289|[from] item: Life Orb
|faint|p2a: hip hop katsu don
|
|-weather|Sandstorm|[upkeep]
|c|★viaw|holy shiittt
|c|★viaw|that ohkos
|c| Feng|the power tho
|c| no soul|unless
|c| no soul|u r spdef hippo
|c| no soul|u have chances to survive +2 modest lo
|c|★viaw|i'm not max
|c| no soul|flash cannon
|c| no soul|then
|c| no soul|it ohkos
|
|switch|p2a: EB|Ampharos, F|384\/384
|-damage|p2a: EB|336\/384|[from] Stealth Rock
|turn|15
|
|detailschange|p2a: EB|Ampharos-Mega, F
|message|Ampharos has Mega Evolved into Mega Ampharos!
|-ability|p2a: EB|Mold Breaker
|move|p1a: ahyueah|Aura Sphere|p2a: EB
|-damage|p2a: EB|0 fnt
|-damage|p1a: ahyueah|205\/289|[from] item: Life Orb
|faint|p2a: EB
|
|-weather|Sandstorm|[upkeep]
|-sideend|p1: ANGER MANAGEMENT|move: Tailwind
|
|switch|p2a: sand \/|Sandslash, F, shiny|292\/292
|-damage|p2a: sand \/|274\/292|[from] Stealth Rock
|turn|16
|
|move|p1a: ahyueah|Vacuum Wave|p2a: sand \/
|-damage|p2a: sand \/|0 fnt
|-damage|p1a: ahyueah|177\/289|[from] item: Life Orb
|faint|p2a: sand \/
|
|-weather|Sandstorm|[upkeep]
|c|★viaw|omfg
|c|★viaw|nothing lives
|c|★viaw|gg
|
|switch|p2a: bobo gets mad|Hydreigon, M|26\/325
|-damage|p2a: bobo gets mad|0 fnt|[from] Stealth Rock
|faint|p2a: bobo gets mad
|
|win|ANGER MANAGEMENT
|raw|Ladder updating...
|c|★ANGER MANAGEMENT|gg
|join|watfor
|raw|ANGER MANAGEMENT's rating: 1635 &rarr; <strong>1647<\/strong><br \/>(+12 for winning)
|raw|viaw's rating: 1487 &rarr; <strong>1475<\/strong><br \/>(-12 for losing)
|leave|ANGER MANAGEMENT
|player|p1
|leave|ahyueah
|leave|viaw
|player|p2
|leave|Feng
|join|Feng
|leave|Feng