|join|LiberalLucario
|join|HeimerdingerFarms
|player|p1|LiberalLucario|290
|player|p2|HeimerdingerFarms|78
|gametype|singles
|gen|6
|tier|UU
|rated
|rule|Sleep Clause Mod: Limit one foe put to sleep
|rule|Species Clause: Limit one of each Pokémon
|rule|OHKO Clause: OHKO moves are banned
|rule|Moody Clause: Moody is banned
|rule|Evasion Moves Clause: Evasion moves are banned
|rule|Endless Battle Clause: Forcing endless battles is banned
|rule|HP Percentage Mod: HP is shown in percentages
|clearpoke
|poke|p1|Beedrill, M
|poke|p1|Raikou
|poke|p1|Swampert, M
|poke|p1|Whimsicott, M
|poke|p1|Crobat, F
|poke|p1|Jirachi
|poke|p2|Donphan, F
|poke|p2|Quagsire, F
|poke|p2|Florges, F
|poke|p2|Aggron, F
|poke|p2|Raikou
|poke|p2|Infernape, M
|rule|Swagger Clause: Swagger is banned
|rule|Baton Pass Clause: Limit one Pokémon knowing Baton Pass
|teampreview
|
|start
|switch|p1a: Beedrill|Beedrill, M|272\/272
|switch|p2a: Flotsam|Infernape, M|293\/293
|turn|1
|
|detailschange|p1a: Beedrill|Beedrill-Mega, M
|message|Beedrill has Mega Evolved into Mega Beedrill!
|move|p1a: Beedrill|Protect|p1a: Beedrill
|-singleturn|p1a: Beedrill|Protect
|move|p2a: Flotsam|U-turn|p1a: Beedrill
|-activate|p1a: Beedrill|Protect
|
|turn|2
|
|move|p2a: Flotsam|U-turn|p1a: Beedrill
|-resisted|p1a: Beedrill
|-damage|p1a: Beedrill|203\/272
|
|switch|p2a: Twenny Wan|Quagsire, F|394\/394
|move|p1a: Beedrill|Poison Jab|p2a: Twenny Wan
|-resisted|p2a: Twenny Wan
|-damage|p2a: Twenny Wan|302\/394
|
|-heal|p2a: Twenny Wan|326\/394|[from] item: Leftovers
|turn|3
|
|move|p1a: Beedrill|U-turn|p2a: Twenny Wan
|-damage|p2a: Twenny Wan|178\/394
|
|switch|p1a: Whimsicott|Whimsicott, M|261\/261
|move|p2a: Twenny Wan|Scald|p1a: Whimsicott
|-resisted|p1a: Whimsicott
|-damage|p1a: Whimsicott|216\/261
|-status|p1a: Whimsicott|brn
|
|-heal|p1a: Whimsicott|232\/261 brn|[from] item: Leftovers
|-heal|p2a: Twenny Wan|202\/394|[from] item: Leftovers
|-damage|p1a: Whimsicott|200\/261 brn|[from] brn
|turn|4
|
|switch|p2a: Queen Bey|Florges, F|360\/360
|move|p1a: Whimsicott|U-turn|p2a: Queen Bey
|-crit|p2a: Queen Bey
|-resisted|p2a: Queen Bey
|-damage|p2a: Queen Bey|346\/360
|
|switch|p1a: Beedrill|Beedrill-Mega, M|203\/272
|
|-heal|p2a: Queen Bey|360\/360|[from] item: Leftovers
|turn|5
|
|move|p2a: Queen Bey|Protect|p2a: Queen Bey
|-singleturn|p2a: Queen Bey|Protect
|move|p1a: Beedrill|Drill Run|p2a: Queen Bey
|-activate|p2a: Queen Bey|Protect
|
|turn|6
|
|switch|p2a: Twenny Wan|Quagsire, F|202\/394
|move|p1a: Beedrill|Poison Jab|p2a: Twenny Wan
|-resisted|p2a: Twenny Wan
|-damage|p2a: Twenny Wan|118\/394
|-status|p2a: Twenny Wan|psn
|
|-heal|p2a: Twenny Wan|142\/394 psn|[from] item: Leftovers
|-damage|p2a: Twenny Wan|93\/394 psn|[from] psn
|turn|7
|
|move|p1a: Beedrill|U-turn|p2a: Twenny Wan
|-damage|p2a: Twenny Wan|0 fnt
|faint|p2a: Twenny Wan
|
|switch|p1a: Raikou|Raikou|322\/322
|-ability|p1a: Raikou|Pressure
|
|
|switch|p2a: Donald|Donphan, F|363\/363
|turn|8
|
|switch|p1a: Swampert|Swampert, M|404\/404
|move|p2a: Donald|Earthquake|p1a: Swampert
|-damage|p1a: Swampert|251\/404
|
|-heal|p1a: Swampert|276\/404|[from] item: Leftovers
|turn|9
|
|move|p2a: Donald|Seed Bomb|p1a: Swampert
|-supereffective|p1a: Swampert
|-damage|p1a: Swampert|0 fnt
|faint|p1a: Swampert
|
|
|switch|p1a: Whimsicott|Whimsicott, M|200\/261 brn
|turn|10
|
|move|p2a: Donald|Ice Shard|p1a: Whimsicott
|-supereffective|p1a: Whimsicott
|-damage|p1a: Whimsicott|80\/261 brn
|move|p1a: Whimsicott|Giga Drain|p2a: Donald
|-crit|p2a: Donald
|-supereffective|p2a: Donald
|-damage|p2a: Donald|49\/363
|-heal|p1a: Whimsicott|237\/261 brn|[from] drain|[of] p2a: Donald
|
|-heal|p1a: Whimsicott|253\/261 brn|[from] item: Leftovers
|-damage|p1a: Whimsicott|221\/261 brn|[from] brn
|turn|11
|
|move|p2a: Donald|Ice Shard|p1a: Whimsicott
|-supereffective|p1a: Whimsicott
|-damage|p1a: Whimsicott|109\/261 brn
|move|p1a: Whimsicott|Giga Drain|p2a: Donald
|-supereffective|p2a: Donald
|-damage|p2a: Donald|0 fnt
|-heal|p1a: Whimsicott|134\/261 brn|[from] drain|[of] p2a: Donald
|faint|p2a: Donald
|
|-heal|p1a: Whimsicott|150\/261 brn|[from] item: Leftovers
|-damage|p1a: Whimsicott|118\/261 brn|[from] brn
|
|switch|p2a: THE BEAST|Aggron, F|344\/344
|turn|12
|
|switch|p1a: Raikou|Raikou|322\/322
|-ability|p1a: Raikou|Pressure
|detailschange|p2a: THE BEAST|Aggron-Mega, F
|message|Aggron has Mega Evolved into Mega Aggron!
|move|p2a: THE BEAST|Stealth Rock|p1a: Raikou
|-sidestart|p1: LiberalLucario|move: Stealth Rock
|
|turn|13
|
|move|p1a: Raikou|Thunderbolt|p2a: THE BEAST
|-crit|p2a: THE BEAST
|-damage|p2a: THE BEAST|155\/344
|move|p2a: THE BEAST|Roar|p1a: Raikou
|drag|p1a: Whimsicott|Whimsicott, M|118\/261 brn
|-damage|p1a: Whimsicott|86\/261 brn|[from] Stealth Rock
|
|-heal|p1a: Whimsicott|102\/261 brn|[from] item: Leftovers
|-damage|p1a: Whimsicott|70\/261 brn|[from] brn
|turn|14
|
|move|p1a: Whimsicott|Moonblast|p2a: THE BEAST
|-resisted|p2a: THE BEAST
|-damage|p2a: THE BEAST|104\/344
|move|p2a: THE BEAST|Heavy Slam|p1a: Whimsicott
|-crit|p1a: Whimsicott
|-supereffective|p1a: Whimsicott
|-damage|p1a: Whimsicott|0 fnt
|faint|p1a: Whimsicott
|
|
|switch|p1a: Raikou|Raikou|322\/322
|-damage|p1a: Raikou|282\/322|[from] Stealth Rock
|-ability|p1a: Raikou|Pressure
|turn|15
|
|switch|p2a: Queen Bey|Florges, F|360\/360
|move|p1a: Raikou|Volt Switch|p2a: Queen Bey
|-damage|p2a: Queen Bey|278\/360
|
|switch|p1a: Beedrill|Beedrill-Mega, M|203\/272
|-damage|p1a: Beedrill|135\/272|[from] Stealth Rock
|
|-heal|p2a: Queen Bey|300\/360|[from] item: Leftovers
|turn|16
|join|Volbeatdown
|
|switch|p2a: THE BEAST|Aggron-Mega, F|104\/344
|move|p1a: Beedrill|Poison Jab|p2a: THE BEAST
|-immune|p2a: THE BEAST|[msg]
|
|turn|17
|
|move|p1a: Beedrill|Drill Run|p2a: THE BEAST
|-supereffective|p2a: THE BEAST
|-damage|p2a: THE BEAST|22\/344
|move|p2a: THE BEAST|Heavy Slam|p1a: Beedrill
|-crit|p1a: Beedrill
|-damage|p1a: Beedrill|0 fnt
|faint|p1a: Beedrill
|
|
|switch|p1a: Raikou|Raikou|282\/322
|-damage|p1a: Raikou|242\/322|[from] Stealth Rock
|-ability|p1a: Raikou|Pressure
|turn|18
|
|move|p1a: Raikou|Volt Switch|p2a: THE BEAST
|-damage|p2a: THE BEAST|0 fnt
|faint|p2a: THE BEAST
|
|switch|p1a: Crobat|Crobat, F|374\/374
|-damage|p1a: Crobat|281\/374|[from] Stealth Rock
|
|-heal|p1a: Crobat|304\/374|[from] item: Black Sludge
|
|switch|p2a: Flotsam|Infernape, M|293\/293
|turn|19
|leave|Volbeatdown
|
|move|p2a: Flotsam|Flare Blitz|p1a: Crobat
|-damage|p1a: Crobat|84\/374
|-damage|p2a: Flotsam|220\/293|[from] recoil|[of] p1a: Crobat
|move|p1a: Crobat|Brave Bird|p2a: Flotsam
|-supereffective|p2a: Flotsam
|-damage|p2a: Flotsam|0 fnt
|-damage|p1a: Crobat|11\/374|[from] recoil|[of] p2a: Flotsam
|faint|p2a: Flotsam
|
|-heal|p1a: Crobat|34\/374|[from] item: Black Sludge
|
|switch|p2a: Puff The Magic Cat|Raikou|321\/321
|-ability|p2a: Puff The Magic Cat|Pressure
|turn|20
|
|move|p1a: Crobat|Brave Bird|p2a: Puff The Magic Cat
|-resisted|p2a: Puff The Magic Cat
|-damage|p2a: Puff The Magic Cat|236\/321
|-damage|p1a: Crobat|6\/374|[from] recoil|[of] p2a: Puff The Magic Cat
|move|p2a: Puff The Magic Cat|Thunderbolt|p1a: Crobat
|-supereffective|p1a: Crobat
|-damage|p1a: Crobat|0 fnt
|faint|p1a: Crobat
|
|-heal|p2a: Puff The Magic Cat|256\/321|[from] item: Leftovers
|
|switch|p1a: Jirachi|Jirachi|362\/362
|-damage|p1a: Jirachi|340\/362|[from] Stealth Rock
|turn|21
|join|Volbeatdown
|
|move|p1a: Jirachi|Iron Head|p2a: Puff The Magic Cat
|-resisted|p2a: Puff The Magic Cat
|-damage|p2a: Puff The Magic Cat|187\/321
|cant|p2a: Puff The Magic Cat|flinch
|
|-heal|p2a: Puff The Magic Cat|207\/321|[from] item: Leftovers
|turn|22
|
|move|p1a: Jirachi|Iron Head|p2a: Puff The Magic Cat
|-resisted|p2a: Puff The Magic Cat
|-damage|p2a: Puff The Magic Cat|143\/321
|move|p2a: Puff The Magic Cat|Thunderbolt|p1a: Jirachi
|-crit|p1a: Jirachi
|-damage|p1a: Jirachi|151\/362
|
|-heal|p2a: Puff The Magic Cat|163\/321|[from] item: Leftovers
|turn|23
|
|move|p1a: Jirachi|Iron Head|p2a: Puff The Magic Cat
|-resisted|p2a: Puff The Magic Cat
|-damage|p2a: Puff The Magic Cat|100\/321
|cant|p2a: Puff The Magic Cat|flinch
|
|-heal|p2a: Puff The Magic Cat|120\/321|[from] item: Leftovers
|turn|24
|
|move|p1a: Jirachi|Iron Head|p2a: Puff The Magic Cat
|-resisted|p2a: Puff The Magic Cat
|-damage|p2a: Puff The Magic Cat|55\/321
|cant|p2a: Puff The Magic Cat|flinch
|
|-heal|p2a: Puff The Magic Cat|75\/321|[from] item: Leftovers
|turn|25
|
|move|p1a: Jirachi|Iron Head|p2a: Puff The Magic Cat
|-resisted|p2a: Puff The Magic Cat
|-damage|p2a: Puff The Magic Cat|15\/321
|cant|p2a: Puff The Magic Cat|flinch
|
|-heal|p2a: Puff The Magic Cat|35\/321|[from] item: Leftovers
|turn|26
|c|★HeimerdingerFarms|well
|c|★HeimerdingerFarms|thats cool
|
|move|p1a: Jirachi|Iron Head|p2a: Puff The Magic Cat
|-resisted|p2a: Puff The Magic Cat
|-damage|p2a: Puff The Magic Cat|0 fnt
|faint|p2a: Puff The Magic Cat
|
|
|switch|p2a: Queen Bey|Florges, F|300\/360
|turn|27
|c|★LiberalLucario|rofl
|c|★LiberalLucario|you had seed bomb donphan
|c|★LiberalLucario|you deserve it
|
|move|p1a: Jirachi|Iron Head|p2a: Queen Bey
|-supereffective|p2a: Queen Bey
|-damage|p2a: Queen Bey|114\/360
|cant|p2a: Queen Bey|flinch
|
|-heal|p2a: Queen Bey|136\/360|[from] item: Leftovers
|turn|28
|c|★HeimerdingerFarms|?
|c|★HeimerdingerFarms|specific move for a common switch in lol
|
|move|p1a: Jirachi|Iron Head|p2a: Queen Bey
|-supereffective|p2a: Queen Bey
|-damage|p2a: Queen Bey|0 fnt
|faint|p2a: Queen Bey
|
|win|LiberalLucario
|raw|Ladder updating...
|raw|LiberalLucario's rating: 1386 &rarr; <strong>1405<\/strong><br \/>(+19 for winning)
|raw|HeimerdingerFarms's rating: 1370 &rarr; <strong>1351<\/strong><br \/>(-19 for losing)