|join|FNH
|join|Altestadores
|player|p1|FNH|169
|player|p2|Altestadores|286
|gametype|singles
|gen|5
|tier|[Gen 5] OU
|rated
|rule|Evasion Abilities Clause: Evasion abilities are banned
|clearpoke
|poke|p1|Breloom, M
|poke|p1|Gyarados, M
|poke|p1|Dragonite, M
|poke|p1|Skarmory, M
|poke|p1|Heatran, M
|poke|p1|Latios, M
|poke|p2|Abomasnow, M
|poke|p2|Starmie
|poke|p2|Latios, M
|poke|p2|Landorus-Therian, M
|poke|p2|Jirachi
|poke|p2|Volcarona, M
|rule|Sleep Clause Mod: Limit one foe put to sleep
|rule|Species Clause: Limit one of each Pokémon
|rule|OHKO Clause: OHKO moves are banned
|rule|Moody Clause: Moody is banned
|rule|Evasion Moves Clause: Evasion moves are banned
|rule|Endless Battle Clause: Forcing endless battles is banned
|rule|HP Percentage Mod: HP is shown in percentages
|teampreview
|c|★FNH|hia
|
|start
|switch|p1a: Skarmory|Skarmory, M|334\/334
|switch|p2a: Abomasnow|Abomasnow, M|321\/321
|-weather|Hail|[from] ability: Snow Warning|[of] p2a: Abomasnow
|turn|1
|
|move|p2a: Abomasnow|Blizzard|p1a: Skarmory
|-damage|p1a: Skarmory|138\/334
|move|p1a: Skarmory|Stealth Rock|p2a: Abomasnow
|-sidestart|p2: Altestadores|move: Stealth Rock
|
|-weather|Hail|[upkeep]
|-damage|p1a: Skarmory|118\/334|[from] hail
|turn|2
|
|move|p2a: Abomasnow|Blizzard|p1a: Skarmory
|-damage|p1a: Skarmory|0 fnt
|faint|p1a: Skarmory
|
|-weather|Hail|[upkeep]
|
|switch|p1a: Heatran|Heatran, M|337\/337
|turn|3
|
|switch|p2a: Starmie|Starmie|262\/262
|-damage|p2a: Starmie|230\/262|[from] Stealth Rock
|move|p1a: Heatran|Fire Blast|p2a: Starmie
|-resisted|p2a: Starmie
|-damage|p2a: Starmie|86\/262
|
|-weather|Hail|[upkeep]
|-damage|p2a: Starmie|70\/262|[from] hail
|-damage|p1a: Heatran|316\/337|[from] hail
|turn|4
|
|switch|p2a: Latios|Latios, M|302\/302
|-damage|p2a: Latios|265\/302|[from] Stealth Rock
|move|p1a: Heatran|Fire Blast|p2a: Latios
|-resisted|p2a: Latios
|-damage|p2a: Latios|166\/302
|
|-weather|Hail|[upkeep]
|-damage|p1a: Heatran|295\/337|[from] hail
|-damage|p2a: Latios|148\/302|[from] hail
|turn|5
|
|switch|p1a: Breloom|Breloom, M|289\/289
|move|p2a: Latios|Draco Meteor|p1a: Breloom
|-damage|p1a: Breloom|0 fnt
|-unboost|p2a: Latios|spa|2
|faint|p1a: Breloom
|
|-weather|Hail|[upkeep]
|-damage|p2a: Latios|130\/302|[from] hail
|c|★FNH|drat
|
|switch|p1a: Gyarados|Gyarados, M|353\/353
|turn|6
|
|move|p2a: Latios|Draco Meteor|p1a: Gyarados|[miss]
|-miss|p2a: Latios|p1a: Gyarados
|move|p1a: Gyarados|Substitute|p1a: Gyarados
|-start|p1a: Gyarados|Substitute
|-damage|p1a: Gyarados|265\/353
|
|-weather|Hail|[upkeep]
|-damage|p2a: Latios|112\/302|[from] hail
|-damage|p1a: Gyarados|243\/353|[from] hail
|-heal|p1a: Gyarados|265\/353|[from] item: Leftovers
|turn|7
|
|move|p2a: Latios|Draco Meteor|p1a: Gyarados
|-end|p1a: Gyarados|Substitute
|-unboost|p2a: Latios|spa|2
|move|p1a: Gyarados|Dragon Dance|p1a: Gyarados
|-boost|p1a: Gyarados|atk|1
|-boost|p1a: Gyarados|spe|1
|
|-weather|Hail|[upkeep]
|-damage|p1a: Gyarados|243\/353|[from] hail
|-damage|p2a: Latios|94\/302|[from] hail
|-heal|p1a: Gyarados|265\/353|[from] item: Leftovers
|turn|8
|
|switch|p2a: Abomasnow|Abomasnow, M|321\/321
|-damage|p2a: Abomasnow|241\/321|[from] Stealth Rock
|move|p1a: Gyarados|Substitute|p1a: Gyarados
|-start|p1a: Gyarados|Substitute
|-damage|p1a: Gyarados|177\/353
|
|-weather|Hail|[upkeep]
|-damage|p1a: Gyarados|155\/353|[from] hail
|-heal|p1a: Gyarados|177\/353|[from] item: Leftovers
|turn|9
|
|move|p2a: Abomasnow|Ice Shard|p1a: Gyarados
|-activate|p1a: Gyarados|Substitute|[damage]
|move|p1a: Gyarados|Dragon Dance|p1a: Gyarados
|-boost|p1a: Gyarados|atk|1
|-boost|p1a: Gyarados|spe|1
|
|-weather|Hail|[upkeep]
|-damage|p1a: Gyarados|155\/353|[from] hail
|-heal|p1a: Gyarados|177\/353|[from] item: Leftovers
|turn|10
|
|move|p1a: Gyarados|Waterfall|p2a: Abomasnow
|-resisted|p2a: Abomasnow
|-damage|p2a: Abomasnow|32\/321
|move|p2a: Abomasnow|Blizzard|p1a: Gyarados
|-end|p1a: Gyarados|Substitute
|
|-weather|Hail|[upkeep]
|-damage|p1a: Gyarados|155\/353|[from] hail
|-heal|p1a: Gyarados|177\/353|[from] item: Leftovers
|turn|11
|
|move|p2a: Abomasnow|Ice Shard|p1a: Gyarados
|-damage|p1a: Gyarados|110\/353
|move|p1a: Gyarados|Waterfall|p2a: Abomasnow
|-resisted|p2a: Abomasnow
|-damage|p2a: Abomasnow|0 fnt
|faint|p2a: Abomasnow
|-boost|p1a: Gyarados|atk|1|[from] ability: Moxie
|
|-weather|Hail|[upkeep]
|-damage|p1a: Gyarados|88\/353|[from] hail
|-heal|p1a: Gyarados|110\/353|[from] item: Leftovers
|
|switch|p2a: Jirachi|Jirachi|367\/367
|-damage|p2a: Jirachi|345\/367|[from] Stealth Rock
|turn|12
|
|move|p1a: Gyarados|Earthquake|p2a: Jirachi
|-supereffective|p2a: Jirachi
|-damage|p2a: Jirachi|0 fnt
|faint|p2a: Jirachi
|-boost|p1a: Gyarados|atk|1|[from] ability: Moxie
|
|-weather|Hail|[upkeep]
|-damage|p1a: Gyarados|88\/353|[from] hail
|-heal|p1a: Gyarados|110\/353|[from] item: Leftovers
|c|★Altestadores|yep
|c|★Altestadores|the miss completely ruined my chances
|c|★FNH|kinda
|-message|Altestadores forfeited.
|
|win|FNH
|raw|Ladder updating...
|leave|Altestadores
|player|p2
|raw|FNH's rating: 1000 &rarr; <strong>1046<\/strong><br \/>(+46 for winning)
|raw|Altestadores's rating: 1048 &rarr; <strong>1029<\/strong><br \/>(-19 for losing)