|join|Pleasure Kitten
|join|Brock's Blue Balls
|player|p1|Pleasure Kitten|39
|player|p2|Brock's Blue Balls|154
|gametype|singles
|gen|6
|tier|UU
|rated
|rule|Sleep Clause Mod: Limit one foe put to sleep
|rule|Species Clause: Limit one of each Pokémon
|rule|OHKO Clause: OHKO moves are banned
|rule|Moody Clause: Moody is banned
|rule|Evasion Moves Clause: Evasion moves are banned
|rule|Endless Battle Clause: Forcing endless battles is banned
|rule|HP Percentage Mod: HP is reported as percentages
|clearpoke
|poke|p1|Forretress, M
|poke|p1|Umbreon, M
|poke|p1|Ampharos, F
|poke|p1|Heracross, M
|poke|p1|Dugtrio, M
|poke|p1|Volcarona, M
|poke|p2|Doublade, F, shiny
|poke|p2|Granbull, M
|poke|p2|Blissey, F
|poke|p2|Houndoom, M
|poke|p2|Tentacruel, M
|poke|p2|Rotom-Mow
|rule|Swagger Clause: Swagger is banned
|rule|Baton Pass Clause: Limit one Pokémon knowing Baton Pass
|teampreview
|
|start
|switch|p1a: Ampharos|Ampharos, F|378\/378
|switch|p2a: Landing Strip?|Rotom-Mow|241\/241
|turn|1
|join|Dracp
|
|detailschange|p1a: Ampharos|Ampharos-Mega, F
|message|Ampharos has Mega Evolved into Mega Ampharos!
|-ability|p1a: Ampharos|Mold Breaker
|move|p2a: Landing Strip?|Volt Switch|p1a: Ampharos
|-resisted|p1a: Ampharos
|-damage|p1a: Ampharos|351\/378
|
|switch|p2a: Teen Mom|Blissey, F|651\/651
|move|p1a: Ampharos|Volt Switch|p2a: Teen Mom
|-damage|p2a: Teen Mom|537\/651
|
|switch|p1a: Heracross|Heracross, M|301\/301
|
|-heal|p2a: Teen Mom|577\/651|[from] item: Leftovers
|turn|2
|
|move|p1a: Heracross|Pursuit|p2a: Teen Mom|[from]Pursuit
|-damage|p2a: Teen Mom|312\/651
|switch|p2a: Boodro|Granbull, M|377\/377
|-ability|p2a: Boodro|Intimidate|[of] p1a: Heracross
|-unboost|p1a: Heracross|atk|1
|
|turn|3
|
|switch|p1a: Forretress|Forretress, M|354\/354
|switch|p2a: Cerberus|Houndoom, M|291\/291
|
|turn|4
|
|switch|p1a: Ampharos|Ampharos-Mega, F|351\/378
|-ability|p1a: Ampharos|Mold Breaker
|detailschange|p2a: Cerberus|Houndoom-Mega, M
|message|Houndoom has Mega Evolved into Mega Houndoom!
|move|p2a: Cerberus|Dark Pulse|p1a: Ampharos
|-crit|p1a: Ampharos
|-damage|p1a: Ampharos|144\/378
|
|turn|5
|
|move|p2a: Cerberus|Dark Pulse|p1a: Ampharos
|-damage|p1a: Ampharos|17\/378
|move|p1a: Ampharos|Power Gem|p2a: Cerberus
|-supereffective|p2a: Cerberus
|-damage|p2a: Cerberus|7\/291
|
|turn|6
|chat|Pleasure Kitten|._.
|
|move|p2a: Cerberus|Fire Blast|p1a: Ampharos
|-resisted|p1a: Ampharos
|-damage|p1a: Ampharos|0 fnt
|faint|p1a: Ampharos
|
|
|switch|p1a: Umbreon|Umbreon, M|394\/394
|turn|7
|
|switch|p2a: Teen Mom|Blissey, F|312\/651
|move|p1a: Umbreon|Foul Play|p2a: Teen Mom
|-damage|p2a: Teen Mom|291\/651
|
|-heal|p2a: Teen Mom|331\/651|[from] item: Leftovers
|turn|8
|
|switch|p1a: Forretress|Forretress, M|354\/354
|switch|p2a: Cerberus|Houndoom-Mega, M|7\/291
|
|turn|9
|
|switch|p1a: Umbreon|Umbreon, M|394\/394
|move|p2a: Cerberus|Fire Blast|p1a: Umbreon
|-damage|p1a: Umbreon|265\/394
|-status|p1a: Umbreon|brn
|
|-heal|p1a: Umbreon|289\/394 brn|[from] item: Leftovers
|-damage|p1a: Umbreon|240\/394 brn|[from] brn
|turn|10
|
|switch|p2a: Teen Mom|Blissey, F|331\/651
|move|p1a: Umbreon|Wish|p1a: Umbreon
|
|-heal|p1a: Umbreon|264\/394 brn|[from] item: Leftovers
|-heal|p2a: Teen Mom|371\/651|[from] item: Leftovers
|-damage|p1a: Umbreon|215\/394 brn|[from] brn
|turn|11
|
|switch|p1a: Forretress|Forretress, M|354\/354
|move|p2a: Teen Mom|Stealth Rock|p1a: Forretress
|-sidestart|p1: Pleasure Kitten|move: Stealth Rock
|
|-heal|p2a: Teen Mom|411\/651|[from] item: Leftovers
|turn|12
|
|switch|p2a: Kraken|Tentacruel, M|361\/361
|move|p1a: Forretress|Volt Switch|p2a: Kraken
|-supereffective|p2a: Kraken
|-damage|p2a: Kraken|293\/361
|
|switch|p1a: Dugtrio|Dugtrio, M|221\/221
|-damage|p1a: Dugtrio|208\/221|[from] Stealth Rock
|
|-heal|p2a: Kraken|315\/361|[from] item: Leftovers
|turn|13
|
|move|p2a: Kraken|Protect|p2a: Kraken
|-singleturn|p2a: Kraken|Protect
|move|p1a: Dugtrio|Earthquake|p2a: Kraken
|-activate|p2a: Kraken|Protect
|
|-heal|p2a: Kraken|337\/361|[from] item: Leftovers
|turn|14
|
|move|p1a: Dugtrio|Earthquake|p2a: Kraken
|-crit|p2a: Kraken
|-supereffective|p2a: Kraken
|-damage|p2a: Kraken|0 fnt
|faint|p2a: Kraken
|
|chat|Brock's Blue Balls|that crit actually mattered a lot
|chat|Brock's Blue Balls|unless ur adamant
|chat|Pleasure Kitten|i'm band
|chat|Pleasure Kitten|o_o
|chat|Brock's Blue Balls|i still live if jolly
|
|switch|p2a: Landing Strip?|Rotom-Mow|241\/241
|turn|15
|chat|Brock's Blue Balls|well there would have been a roll at least
|chat|Pleasure Kitten|252 Atk Choice Band Dugtrio Earthquake vs. 252 HP \/ 240+ Def Tentacruel: 338-398 (92.8 - 109.3%) -- 56.3% chance to OHKO
|
|switch|p1a: Umbreon|Umbreon, M|215\/394 brn
|-damage|p1a: Umbreon|166\/394 brn|[from] Stealth Rock
|move|p2a: Landing Strip?|Trick|p1a: Umbreon
|-activate|p2a: Landing Strip?|move: Trick|[of] p1a: Umbreon
|-item|p1a: Umbreon|Choice Scarf|[from] move: Trick
|-item|p2a: Landing Strip?|Leftovers|[from] move: Trick
|
|-damage|p1a: Umbreon|117\/394 brn|[from] brn
|turn|16
|
|move|p2a: Landing Strip?|Volt Switch|p1a: Umbreon
|-damage|p1a: Umbreon|47\/394 brn
|
|switch|p2a: Teen Mom|Blissey, F|411\/651
|move|p1a: Umbreon|Baton Pass|p1a: Umbreon
|
|switch|p1a: Forretress|Forretress, M|354\/354
|-damage|p1a: Forretress|310\/354|[from] Stealth Rock
|
|-heal|p2a: Teen Mom|451\/651|[from] item: Leftovers
|-heal|p1a: Forretress|332\/354|[from] item: Leftovers
|turn|17
|
|switch|p2a: Venetia Shield|Doublade, F, shiny|309\/309
|move|p1a: Forretress|Stealth Rock|p2a: Venetia Shield
|-sidestart|p2: Brock's Blue Balls|move: Stealth Rock
|
|-heal|p1a: Forretress|354\/354|[from] item: Leftovers
|turn|18
|
|move|p2a: Venetia Shield|Swords Dance|p2a: Venetia Shield
|-boost|p2a: Venetia Shield|atk|2
|move|p1a: Forretress|Volt Switch|p2a: Venetia Shield
|-damage|p2a: Venetia Shield|269\/309
|
|switch|p1a: Heracross|Heracross, M|301\/301
|-damage|p1a: Heracross|264\/301|[from] Stealth Rock
|
|turn|19
|
|move|p1a: Heracross|Pursuit|p2a: Venetia Shield
|-supereffective|p2a: Venetia Shield
|-damage|p2a: Venetia Shield|191\/309
|move|p2a: Venetia Shield|Iron Head|p1a: Heracross
|-damage|p1a: Heracross|0 fnt
|faint|p1a: Heracross
|
|
|switch|p1a: Volcarona|Volcarona, M|312\/312
|-damage|p1a: Volcarona|156\/312|[from] Stealth Rock
|turn|20
|
|move|p2a: Venetia Shield|Shadow Sneak|p1a: Volcarona
|-damage|p1a: Volcarona|0 fnt
|faint|p1a: Volcarona
|
|leave|Pleasure Kitten
|player|p1
|chat|Brock's Blue Balls|lol
|leave|Dracp
|-message|pleasurekitten lost due to inactivity.
|
|win|Brock's Blue Balls
|raw|Ladder updating...
|raw|Pleasure Kitten's rating: 1635 &rarr; <strong>1606<\/strong><br \/>(-29 for losing)
|raw|Brock&apos;s Blue Balls's rating: 1463 &rarr; <strong>1492<\/strong><br \/>(+29 for winning)