|join|Brock's Blue Balls
|join|minecraft pokemon
|player|p1|Brock's Blue Balls|154
|player|p2|minecraft pokemon|293
|gametype|singles
|gen|6
|tier|UU
|rated
|rule|Sleep Clause Mod: Limit one foe put to sleep
|rule|Species Clause: Limit one of each Pokemon
|rule|OHKO Clause: OHKO moves are banned
|rule|Moody Clause: Moody is banned
|rule|Evasion Moves Clause: Evasion moves are banned
|rule|Endless Battle Clause: Forcing endless battles is banned.
|rule|HP Percentage Mod: HP is reported as percentages
|clearpoke
|poke|p1|Granbull, M
|poke|p1|Hydreigon, M
|poke|p1|Jirachi
|poke|p1|Donphan, M
|poke|p1|Chandelure, M, shiny
|poke|p1|Heracross, M, shiny
|poke|p2|Machamp, F, shiny
|poke|p2|Forretress, M
|poke|p2|Slowking, M
|poke|p2|Victini, shiny
|poke|p2|Blastoise, M, shiny
|poke|p2|Honchkrow, F
|teampreview
|
|start
|switch|p1a: Lumière|Chandelure, M, shiny|261\/261
|switch|p2a: Blastoise|Blastoise, M, shiny|321\/321
|turn|1
|
|switch|p1a: Hydra|Hydreigon, M|325\/325
|-formechange|p2a: Blastoise|Blastoise-Mega
|message|Blastoise has Mega Evolved into Mega Blastoise!
|move|p2a: Blastoise|Water Pulse|p1a: Hydra
|-crit|p1a: Hydra
|-resisted|p1a: Hydra
|-damage|p1a: Hydra|170\/325
|
|turn|2
|
|move|p1a: Hydra|Draco Meteor|p2a: Blastoise
|-damage|p2a: Blastoise|12\/321
|-unboost|p1a: Hydra|spa|2
|move|p2a: Blastoise|Aura Sphere|p1a: Hydra
|-supereffective|p1a: Hydra
|-damage|p1a: Hydra|0 fnt
|faint|p1a: Hydra
|
|
|switch|p1a: Rick Rollin|Donphan, M|384\/384
|turn|3
|
|switch|p2a: Forretress|Forretress, M|354\/354
|move|p1a: Rick Rollin|Ice Shard|p2a: Forretress
|-resisted|p2a: Forretress
|-damage|p2a: Forretress|342\/354
|
|-heal|p2a: Forretress|354\/354|[from] item: Leftovers
|turn|4
|
|switch|p2a: Slowking|Slowking, M|348\/348
|move|p1a: Rick Rollin|Stealth Rock|p2a: Slowking
|-sidestart|p2: minecraft pokemon|move: Stealth Rock
|
|turn|5
|
|switch|p1a: Mega Horny|Heracross, M, shiny|301\/301
|move|p2a: Slowking|Scald|p1a: Mega Horny
|-damage|p1a: Mega Horny|162\/301
|
|turn|6
|
|move|p1a: Mega Horny|Knock Off|p2a: Slowking
|-supereffective|p2a: Slowking
|-damage|p2a: Slowking|110\/348
|-enditem|p2a: Slowking|Assault Vest|[from] move: Knock Off|[of] p1a: Mega Horny
|move|p2a: Slowking|Flamethrower|p1a: Mega Horny
|-supereffective|p1a: Mega Horny
|-damage|p1a: Mega Horny|0 fnt
|faint|p1a: Mega Horny
|
|
|switch|p1a: Lumière|Chandelure, M, shiny|261\/261
|turn|7
|
|move|p1a: Lumière|Substitute|p1a: Lumière
|-start|p1a: Lumière|Substitute
|-damage|p1a: Lumière|196\/261
|move|p2a: Slowking|Scald|p1a: Lumière
|-supereffective|p1a: Lumière
|-end|p1a: Lumière|Substitute
|
|turn|8
|
|move|p1a: Lumière|Shadow Ball|p2a: Slowking
|-supereffective|p2a: Slowking
|-damage|p2a: Slowking|0 fnt
|-damage|p1a: Lumière|170\/261|[from] item: Life Orb
|faint|p2a: Slowking
|
|
|switch|p2a: Forretress|Forretress, M|354\/354
|-damage|p2a: Forretress|310\/354|[from] Stealth Rock
|turn|9
|
|switch|p2a: Blastoise|Blastoise, M, shiny|12\/321
|-formechange|p2a: Blastoise|Blastoise-Mega
|-damage|p2a: Blastoise|0 fnt|[from] Stealth Rock
|faint|p2a: Blastoise
|move|p1a: Lumière|Substitute|p1a: Lumière
|-start|p1a: Lumière|Substitute
|-damage|p1a: Lumière|105\/261
|
|
|switch|p2a: Honchkrow|Honchkrow, F|341\/341
|-damage|p2a: Honchkrow|256\/341|[from] Stealth Rock
|turn|10
|
|move|p2a: Honchkrow|Sucker Punch|p1a: Lumière
|-crit|p1a: Lumière
|-supereffective|p1a: Lumière
|-end|p1a: Lumière|Substitute
|move|p1a: Lumière|Fire Blast|p2a: Honchkrow
|-damage|p2a: Honchkrow|0 fnt
|-damage|p1a: Lumière|79\/261|[from] item: Life Orb
|faint|p2a: Honchkrow
|
|
|switch|p2a: Victini|Victini, shiny|341\/341
|-damage|p2a: Victini|256\/341|[from] Stealth Rock
|turn|11
|
|switch|p1a: Rick Rollin|Donphan, M|384\/384
|move|p2a: Victini|Bolt Strike|p1a: Rick Rollin
|-immune|p1a: Rick Rollin|[msg]
|
|turn|12
|
|switch|p2a: Forretress|Forretress, M|310\/354
|-damage|p2a: Forretress|266\/354|[from] Stealth Rock
|move|p1a: Rick Rollin|Earthquake|p2a: Forretress
|-damage|p2a: Forretress|182\/354
|
|-heal|p2a: Forretress|204\/354|[from] item: Leftovers
|turn|13
|
|move|p1a: Rick Rollin|Earthquake|p2a: Forretress
|-damage|p2a: Forretress|119\/354
|move|p2a: Forretress|Rapid Spin|p1a: Rick Rollin
|-damage|p1a: Rick Rollin|375\/384
|-sideend|p2: minecraft pokemon|Stealth Rock|[from] move: Rapid Spin|[of] p2a: Forretress
|
|-heal|p1a: Rick Rollin|384\/384|[from] item: Leftovers
|-heal|p2a: Forretress|141\/354|[from] item: Leftovers
|turn|14
|
|move|p1a: Rick Rollin|Earthquake|p2a: Forretress
|-damage|p2a: Forretress|68\/354
|move|p2a: Forretress|Stealth Rock|p1a: Rick Rollin
|-sidestart|p1: Brock's Blue Balls|move: Stealth Rock
|
|-heal|p2a: Forretress|90\/354|[from] item: Leftovers
|turn|15
|
|move|p1a: Rick Rollin|Earthquake|p2a: Forretress
|-damage|p2a: Forretress|11\/354
|move|p2a: Forretress|Toxic Spikes|p1a: Rick Rollin
|-sidestart|p1: Brock's Blue Balls|move: Toxic Spikes
|
|-heal|p2a: Forretress|33\/354|[from] item: Leftovers
|turn|16
|
|move|p1a: Rick Rollin|Rapid Spin|p2a: Forretress
|-crit|p2a: Forretress
|-resisted|p2a: Forretress
|-damage|p2a: Forretress|25\/354
|-sideend|p1: Brock's Blue Balls|Toxic Spikes|[from] move: Rapid Spin|[of] p1a: Rick Rollin
|-sideend|p1: Brock's Blue Balls|Stealth Rock|[from] move: Rapid Spin|[of] p1a: Rick Rollin
|move|p2a: Forretress|Toxic Spikes|p1a: Rick Rollin
|-sidestart|p1: Brock's Blue Balls|move: Toxic Spikes
|
|-heal|p2a: Forretress|47\/354|[from] item: Leftovers
|turn|17
|
|move|p1a: Rick Rollin|Stealth Rock|p2a: Forretress
|-sidestart|p2: minecraft pokemon|move: Stealth Rock
|move|p2a: Forretress|Stealth Rock|p1a: Rick Rollin
|-sidestart|p1: Brock's Blue Balls|move: Stealth Rock
|
|-heal|p2a: Forretress|69\/354|[from] item: Leftovers
|turn|18
|
|move|p1a: Rick Rollin|Earthquake|p2a: Forretress
|-damage|p2a: Forretress|0 fnt
|faint|p2a: Forretress
|
|
|switch|p2a: Machamp|Machamp, F, shiny|374\/374
|-damage|p2a: Machamp|351\/374|[from] Stealth Rock
|turn|19
|
|move|p2a: Machamp|Dynamic Punch|p1a: Rick Rollin
|-damage|p1a: Rick Rollin|251\/384
|-start|p1a: Rick Rollin|confusion
|-activate|p1a: Rick Rollin|confusion
|move|p1a: Rick Rollin|Rapid Spin|p2a: Machamp
|-damage|p2a: Machamp|329\/374
|-sideend|p1: Brock's Blue Balls|Toxic Spikes|[from] move: Rapid Spin|[of] p1a: Rick Rollin
|-sideend|p1: Brock's Blue Balls|Stealth Rock|[from] move: Rapid Spin|[of] p1a: Rick Rollin
|
|-heal|p2a: Machamp|352\/374|[from] item: Leftovers
|-heal|p1a: Rick Rollin|275\/384|[from] item: Leftovers
|turn|20
|
|switch|p1a: Boodro|Granbull, M|384\/384
|-ability|p1a: Boodro|Intimidate|[of] p2a: Machamp
|-unboost|p2a: Machamp|atk|1
|move|p2a: Machamp|Dynamic Punch|p1a: Boodro
|-resisted|p1a: Boodro
|-damage|p1a: Boodro|304\/384
|-start|p1a: Boodro|confusion
|
|-heal|p2a: Machamp|374\/374|[from] item: Leftovers
|-heal|p1a: Boodro|328\/384|[from] item: Leftovers
|turn|21
|
|move|p2a: Machamp|Stone Edge|p1a: Boodro
|-damage|p1a: Boodro|218\/384
|-activate|p1a: Boodro|confusion
|move|p1a: Boodro|Thunder Wave|p2a: Machamp
|-status|p2a: Machamp|par
|
|-heal|p1a: Boodro|242\/384|[from] item: Leftovers
|turn|22
|
|-activate|p1a: Boodro|confusion
|move|p1a: Boodro|Play Rough|p2a: Machamp
|-supereffective|p2a: Machamp
|-damage|p2a: Machamp|0 fnt
|faint|p2a: Machamp
|
|-heal|p1a: Boodro|266\/384|[from] item: Leftovers
|
|switch|p2a: Victini|Victini, shiny|256\/341
|-damage|p2a: Victini|171\/341|[from] Stealth Rock
|turn|23
|
|move|p2a: Victini|Zen Headbutt|p1a: Boodro
|-damage|p1a: Boodro|103\/384
|-activate|p1a: Boodro|confusion
|move|p1a: Boodro|Thunder Wave|p2a: Victini
|-status|p2a: Victini|par
|
|-heal|p1a: Boodro|127\/384|[from] item: Leftovers
|turn|24
|
|-end|p1a: Boodro|confusion
|move|p1a: Boodro|Earthquake|p2a: Victini
|-supereffective|p2a: Victini
|-damage|p2a: Victini|0 fnt
|faint|p2a: Victini
|
|win|Brock's Blue Balls
|raw|Ladder updating...
|raw|Brock&apos;s Blue Balls's rating: 1546 &rarr; <strong>1554<\/strong><br \/>(+8 for winning)
|raw|minecraft pokemon's rating: 1317 &rarr; <strong>1309<\/strong><br \/>(-8 for losing)
|leave|minecraft pokemon
|player|p2