|join|Brock's Blue Balls
|join|Xercez
|player|p1|Brock's Blue Balls|154
|player|p2|Xercez|2
|gametype|singles
|gen|6
|tier|UU
|rated
|rule|Sleep Clause Mod: Limit one foe put to sleep
|rule|Species Clause: Limit one of each Pokemon
|rule|OHKO Clause: OHKO moves are banned
|rule|Moody Clause: Moody is banned
|rule|Evasion Moves Clause: Evasion moves are banned
|rule|Endless Battle Clause: Forcing endless battles is banned.
|rule|HP Percentage Mod: HP is reported as percentages
|clearpoke
|poke|p1|Granbull, M
|poke|p1|Hydreigon, M
|poke|p1|Jirachi
|poke|p1|Donphan, M
|poke|p1|Chandelure, M, shiny
|poke|p1|Heracross, M, shiny
|poke|p2|Swellow, M
|poke|p2|Forretress, M
|poke|p2|Heracross, F
|poke|p2|Manectric, M
|poke|p2|Rotom-Heat
|poke|p2|Celebi
|teampreview
|
|start
|switch|p1a: Lumière|Chandelure, M, shiny|261\/261
|switch|p2a: TURNTUP|Rotom-Heat|304\/304
|turn|1
|
|move|p2a: TURNTUP|Volt Switch|p1a: Lumière
|-damage|p1a: Lumière|164\/261
|
|switch|p2a: G6|Swellow, M|262\/262
|move|p1a: Lumière|Fire Blast|p2a: G6
|-damage|p2a: G6|0 fnt
|-damage|p1a: Lumière|138\/261|[from] item: Life Orb
|faint|p2a: G6
|
|
|switch|p2a: TeenWolf|Manectric, M|281\/281
|turn|2
|
|switch|p1a: Stardust|Jirachi|404\/404
|-formechange|p2a: TeenWolf|Manectric-Mega
|message|Manectric has Mega Evolved into Mega Manectric!
|-ability|p2a: TeenWolf|Intimidate|[of] p1a: Stardust
|-unboost|p1a: Stardust|atk|1
|move|p2a: TeenWolf|Thunderbolt|p1a: Stardust
|-damage|p1a: Stardust|277\/404
|
|-heal|p1a: Stardust|302\/404|[from] item: Leftovers
|turn|3
|
|move|p2a: TeenWolf|Volt Switch|p1a: Stardust
|-damage|p1a: Stardust|203\/404
|
|switch|p2a: TURNTUP|Rotom-Heat|304\/304
|move|p1a: Stardust|Body Slam|p2a: TURNTUP
|-damage|p2a: TURNTUP|263\/304
|
|-heal|p1a: Stardust|228\/404|[from] item: Leftovers
|turn|4
|
|switch|p1a: Hydra|Hydreigon, M|325\/325
|move|p2a: TURNTUP|Volt Switch|p1a: Hydra
|-resisted|p1a: Hydra
|-damage|p1a: Hydra|283\/325
|
|switch|p2a: FITE MEH|Heracross, F|302\/302
|
|turn|5
|
|move|p2a: FITE MEH|Megahorn|p1a: Hydra
|-supereffective|p1a: Hydra
|-damage|p1a: Hydra|0 fnt
|faint|p1a: Hydra
|-boost|p2a: FITE MEH|atk|1|[from] ability: Moxie
|
|
|switch|p1a: Rick Rollin|Donphan, M|384\/384
|turn|6
|
|move|p2a: FITE MEH|Megahorn|p1a: Rick Rollin
|-damage|p1a: Rick Rollin|197\/384
|move|p1a: Rick Rollin|Stealth Rock|p2a: FITE MEH
|-sidestart|p2: Xercez|move: Stealth Rock
|
|-heal|p1a: Rick Rollin|221\/384|[from] item: Leftovers
|turn|7
|
|switch|p1a: Boodro|Granbull, M|384\/384
|-ability|p1a: Boodro|Intimidate|[of] p2a: FITE MEH
|-unboost|p2a: FITE MEH|atk|1
|move|p2a: FITE MEH|Megahorn|p1a: Boodro|[miss]
|-miss|p2a: FITE MEH|p1a: Boodro
|
|turn|8
|
|switch|p2a: ROLLYPOLLYOLLY|Forretress, M|354\/354
|-damage|p2a: ROLLYPOLLYOLLY|310\/354|[from] Stealth Rock
|move|p1a: Boodro|Earthquake|p2a: ROLLYPOLLYOLLY
|-damage|p2a: ROLLYPOLLYOLLY|245\/354
|
|-heal|p2a: ROLLYPOLLYOLLY|267\/354|[from] item: Leftovers
|turn|9
|
|switch|p1a: Lumière|Chandelure, M, shiny|138\/261
|move|p2a: ROLLYPOLLYOLLY|Volt Switch|p1a: Lumière
|-damage|p1a: Lumière|97\/261
|
|switch|p2a: TeenWolf|Manectric, M|281\/281
|-formechange|p2a: TeenWolf|Manectric-Mega
|-damage|p2a: TeenWolf|246\/281|[from] Stealth Rock
|-ability|p2a: TeenWolf|Intimidate|[of] p1a: Lumière
|-unboost|p1a: Lumière|atk|1
|
|turn|10
|
|switch|p1a: Rick Rollin|Donphan, M|221\/384
|move|p2a: TeenWolf|Volt Switch|p1a: Rick Rollin
|-immune|p1a: Rick Rollin|[msg]
|
|-heal|p1a: Rick Rollin|245\/384|[from] item: Leftovers
|turn|11
|
|move|p2a: TeenWolf|Hidden Power|p1a: Rick Rollin
|-supereffective|p1a: Rick Rollin
|-damage|p1a: Rick Rollin|25\/384
|move|p1a: Rick Rollin|Earthquake|p2a: TeenWolf
|-supereffective|p2a: TeenWolf
|-damage|p2a: TeenWolf|0 fnt
|faint|p2a: TeenWolf
|
|-heal|p1a: Rick Rollin|49\/384|[from] item: Leftovers
|
|switch|p2a: ROLLYPOLLYOLLY|Forretress, M|267\/354
|-damage|p2a: ROLLYPOLLYOLLY|223\/354|[from] Stealth Rock
|turn|12
|
|move|p1a: Rick Rollin|Earthquake|p2a: ROLLYPOLLYOLLY
|-damage|p2a: ROLLYPOLLYOLLY|144\/354
|move|p2a: ROLLYPOLLYOLLY|Rapid Spin|p1a: Rick Rollin
|-damage|p1a: Rick Rollin|41\/384
|-sideend|p2: Xercez|Stealth Rock|[from] move: Rapid Spin|[of] p2a: ROLLYPOLLYOLLY
|
|-heal|p1a: Rick Rollin|65\/384|[from] item: Leftovers
|-heal|p2a: ROLLYPOLLYOLLY|166\/354|[from] item: Leftovers
|turn|13
|
|move|p1a: Rick Rollin|Stealth Rock|p2a: ROLLYPOLLYOLLY
|-sidestart|p2: Xercez|move: Stealth Rock
|move|p2a: ROLLYPOLLYOLLY|Toxic Spikes|p1a: Rick Rollin
|-sidestart|p1: Brock's Blue Balls|move: Toxic Spikes
|
|-heal|p1a: Rick Rollin|89\/384|[from] item: Leftovers
|-heal|p2a: ROLLYPOLLYOLLY|188\/354|[from] item: Leftovers
|turn|14
|
|move|p1a: Rick Rollin|Earthquake|p2a: ROLLYPOLLYOLLY
|-crit|p2a: ROLLYPOLLYOLLY
|-damage|p2a: ROLLYPOLLYOLLY|67\/354
|move|p2a: ROLLYPOLLYOLLY|Volt Switch|p1a: Rick Rollin
|-immune|p1a: Rick Rollin|[msg]
|
|-heal|p1a: Rick Rollin|113\/384|[from] item: Leftovers
|-heal|p2a: ROLLYPOLLYOLLY|89\/354|[from] item: Leftovers
|turn|15
|
|move|p1a: Rick Rollin|Rapid Spin|p2a: ROLLYPOLLYOLLY
|-resisted|p2a: ROLLYPOLLYOLLY
|-damage|p2a: ROLLYPOLLYOLLY|84\/354
|-sideend|p1: Brock's Blue Balls|Toxic Spikes|[from] move: Rapid Spin|[of] p1a: Rick Rollin
|move|p2a: ROLLYPOLLYOLLY|Volt Switch|p1a: Rick Rollin
|-immune|p1a: Rick Rollin|[msg]
|
|-heal|p1a: Rick Rollin|137\/384|[from] item: Leftovers
|-heal|p2a: ROLLYPOLLYOLLY|106\/354|[from] item: Leftovers
|turn|16
|
|move|p1a: Rick Rollin|Earthquake|p2a: ROLLYPOLLYOLLY
|-damage|p2a: ROLLYPOLLYOLLY|31\/354
|move|p2a: ROLLYPOLLYOLLY|Toxic Spikes|p1a: Rick Rollin
|-sidestart|p1: Brock's Blue Balls|move: Toxic Spikes
|
|-heal|p1a: Rick Rollin|161\/384|[from] item: Leftovers
|-heal|p2a: ROLLYPOLLYOLLY|53\/354|[from] item: Leftovers
|turn|17
|
|move|p1a: Rick Rollin|Rapid Spin|p2a: ROLLYPOLLYOLLY
|-resisted|p2a: ROLLYPOLLYOLLY
|-damage|p2a: ROLLYPOLLYOLLY|47\/354
|-sideend|p1: Brock's Blue Balls|Toxic Spikes|[from] move: Rapid Spin|[of] p1a: Rick Rollin
|move|p2a: ROLLYPOLLYOLLY|Rapid Spin|p1a: Rick Rollin
|-damage|p1a: Rick Rollin|152\/384
|-sideend|p2: Xercez|Stealth Rock|[from] move: Rapid Spin|[of] p2a: ROLLYPOLLYOLLY
|
|-heal|p1a: Rick Rollin|176\/384|[from] item: Leftovers
|-heal|p2a: ROLLYPOLLYOLLY|69\/354|[from] item: Leftovers
|turn|18
|
|switch|p2a: TURNTUP|Rotom-Heat|263\/304
|move|p1a: Rick Rollin|Earthquake|p2a: TURNTUP
|-immune|p2a: TURNTUP|[msg]
|
|-heal|p1a: Rick Rollin|200\/384|[from] item: Leftovers
|turn|19
|
|move|p2a: TURNTUP|Volt Switch|p1a: Rick Rollin
|-immune|p1a: Rick Rollin|[msg]
|move|p1a: Rick Rollin|Stealth Rock|p2a: TURNTUP
|-sidestart|p2: Xercez|move: Stealth Rock
|
|-heal|p1a: Rick Rollin|224\/384|[from] item: Leftovers
|turn|20
|leave|Xercez
|player|p2
|chat|Brock's Blue Balls|but i was having so much fun outplaying you...
|-message|xercez lost due to inactivity.
|
|win|Brock's Blue Balls
|raw|Ladder updating...
|raw|Ladder (probably) updated, but score could not be retrieved (timeout).
|raw|Ladder (probably) updated, but score could not be retrieved (Error: socket hang up).