|join|I ABR I
|join|daftmau5
|player|p1|I ABR I|290
|player|p2|daftmau5|3
|gametype|singles
|gen|6
|tier|OU
|clearpoke
|poke|p1|Smeargle, M
|poke|p1|Gengar, M
|poke|p1|Lopunny, F
|poke|p1|Diggersby, M, shiny
|poke|p1|Latias, F
|poke|p1|Azumarill, M
|poke|p2|Slowbro, F
|poke|p2|Dragalge, F
|poke|p2|Crawdaunt, M
|poke|p2|Jirachi
|poke|p2|Druddigon, M
|poke|p2|Porygon2
|rule|Swagger Clause: Swagger is banned
|rule|Baton Pass Clause: Limit one Pokémon knowing Baton Pass
|rule|Sleep Clause Mod: Limit one foe put to sleep
|rule|Species Clause: Limit one of each Pokémon
|rule|OHKO Clause: OHKO moves are banned
|rule|Moody Clause: Moody is banned
|rule|Evasion Moves Clause: Evasion moves are banned
|rule|Endless Battle Clause: Forcing endless battles is banned
|rule|HP Percentage Mod: HP is shown in percentages
|teampreview
|c|★daftmau5|one
|c|★I ABR I|?
|c|★daftmau5|typed in the wrong box
|c|★I ABR I|oh
|c|★daftmau5|rip fake
|c|★daftmau5|*fake out
|
|start
|switch|p1a: Smeargle|Smeargle, M|313\/313
|switch|p2a: Slowbro|Slowbro, F|393\/393
|turn|1
|c|★I ABR I|the real question is
|c|★I ABR I|how do u set up tr on gengar
|c|★I ABR I|lol
|
|detailschange|p2a: Slowbro|Slowbro-Mega, F
|message|Slowbro has Mega Evolved into Mega Slowbro!
|move|p1a: Smeargle|Taunt|p2a: Slowbro
|-start|p2a: Slowbro|move: Taunt
|cant|p2a: Slowbro|move: Taunt|Trick Room
|
|turn|2
|
|move|p1a: Smeargle|Stealth Rock|p2a: Slowbro
|-sidestart|p2: daftmau5|move: Stealth Rock
|move|p2a: Slowbro|Scald|p1a: Smeargle
|-damage|p1a: Smeargle|21\/313
|
|turn|3
|
|move|p1a: Smeargle|Dark Void|p2a: Slowbro
|-status|p2a: Slowbro|slp
|cant|p2a: Slowbro|slp
|
|-end|p2a: Slowbro|move: Taunt
|turn|4
|c|★daftmau5|the real question is
|c|★daftmau5|how do i set up tr
|c|★daftmau5|on smeargle
|c|★daftmau5|._.
|c|★I ABR I|u kill me first
|join|Fedayi
|
|switch|p2a: Crawdaunt|Crawdaunt, M|329\/329
|-damage|p2a: Crawdaunt|288\/329|[from] Stealth Rock
|move|p1a: Smeargle|Taunt|p2a: Crawdaunt
|-start|p2a: Crawdaunt|move: Taunt
|
|turn|5
|
|move|p2a: Crawdaunt|Aqua Jet|p1a: Smeargle
|-damage|p1a: Smeargle|0 fnt
|-damage|p2a: Crawdaunt|256\/329|[from] item: Life Orb
|faint|p1a: Smeargle
|
|c|★daftmau5|why didn't you spike?
|c|★daftmau5|._.
|c|★I ABR I|i have skill swap over spike
|c|★I ABR I|for sab
|c|★I ABR I|lol
|c|★daftmau5|oh, neat
|join|Gizmo
|c| Gizmo|i've been thinking about
|c| Gizmo|tox on skill swap smearg
|
|switch|p1a: Lopunny|Lopunny, F|271\/271
|turn|6
|join|dedic
|c| Gizmo|but it's not worth it
|join|Dragonite VII
|
|switch|p2a: Slowbro|Slowbro-Mega, F|393\/393 slp
|-damage|p2a: Slowbro|344\/393 slp|[from] Stealth Rock
|detailschange|p1a: Lopunny|Lopunny-Mega, F
|message|Lopunny has Mega Evolved into Mega Lopunny!
|move|p1a: Lopunny|Drain Punch|p2a: Slowbro
|-resisted|p2a: Slowbro
|-damage|p2a: Slowbro|301\/393 slp
|
|turn|7
|c|★I ABR I|damage :)
|
|switch|p2a: Jirachi|Jirachi|404\/404
|-damage|p2a: Jirachi|379\/404|[from] Stealth Rock
|move|p1a: Lopunny|Return|p2a: Jirachi
|-resisted|p2a: Jirachi
|-damage|p2a: Jirachi|289\/404
|
|-heal|p2a: Jirachi|314\/404|[from] item: Leftovers
|turn|8
|
|move|p1a: Lopunny|High Jump Kick|p2a: Jirachi
|-damage|p2a: Jirachi|92\/404
|move|p2a: Jirachi|Trick Room|p2a: Jirachi
|-fieldstart|move: Trick Room|[of] p2a: Jirachi
|
|-heal|p2a: Jirachi|117\/404|[from] item: Leftovers
|turn|9
|
|switch|p1a: Latias|Latias, F|319\/319
|move|p2a: Jirachi|Stealth Rock|p1a: Latias
|-sidestart|p1: I ABR I|move: Stealth Rock
|
|-heal|p2a: Jirachi|142\/404|[from] item: Leftovers
|turn|10
|
|move|p2a: Jirachi|Healing Wish|p2a: Jirachi
|faint|p2a: Jirachi
|move|p1a: Latias|Defog|p2: Jirachi|[notarget]
|-notarget
|
|c|★I ABR I|yea yea craw
|c|★I ABR I|old news
|c|★I ABR I|imho js
|join|YOUsucke
|
|switch|p2a: Dragalge|Dragalge, F|269\/269
|-heal|p2a: Dragalge|269\/269|[from] move: Healing Wish
|-damage|p2a: Dragalge|236\/269|[from] Stealth Rock
|turn|11
|
|switch|p1a: Azumarill|Azumarill, M|355\/355
|-damage|p1a: Azumarill|311\/355|[from] Stealth Rock
|move|p2a: Dragalge|Draco Meteor|p1a: Azumarill
|-immune|p1a: Azumarill|[msg]
|
|turn|12
|join|Jukain
|
|switch|p1a: Gengar|Gengar, M|261\/261
|-damage|p1a: Gengar|229\/261|[from] Stealth Rock
|move|p2a: Dragalge|Draco Meteor|p1a: Gengar
|-damage|p1a: Gengar|0 fnt
|-unboost|p2a: Dragalge|spa|2
|-damage|p2a: Dragalge|210\/269|[from] item: Life Orb
|faint|p1a: Gengar
|
|-fieldend|move: Trick Room
|c|+Jukain|sludge wave
|c|+Jukain|here
|join|scottiafk
|c|+Jukain|its obviously cb
|c|★I ABR I|ite so
|c|★I ABR I|can bro tank a diggers hit?
|
|switch|p1a: Azumarill|Azumarill, M|311\/355
|-damage|p1a: Azumarill|267\/355|[from] Stealth Rock
|turn|13
|c|+Jukain|yes of course
|c|+Jukain|+2?
|c|+Jukain|i think so
|c|★I ABR I|yes
|c|★I ABR I|damn
|
|switch|p2a: Slowbro|Slowbro-Mega, F|301\/393 slp
|-damage|p2a: Slowbro|252\/393 slp|[from] Stealth Rock
|move|p1a: Azumarill|Play Rough|p2a: Slowbro
|-damage|p2a: Slowbro|90\/393 slp
|
|turn|14
|
|move|p1a: Azumarill|Play Rough|p2a: Slowbro
|-damage|p2a: Slowbro|0 fnt
|faint|p2a: Slowbro
|
|
|switch|p2a: Porygon2|Porygon2|374\/374
|-damage|p2a: Porygon2|328\/374|[from] Stealth Rock
|-ability|p2a: Porygon2|Huge Power|[from] ability: Trace|[of] p1a: Azumarill
|turn|15
|
|move|p1a: Azumarill|Play Rough|p2a: Porygon2
|-damage|p2a: Porygon2|97\/374
|move|p2a: Porygon2|Trick Room|p2a: Porygon2
|-fieldstart|move: Trick Room|[of] p2a: Porygon2
|
|turn|16
|c|+Jukain|+2 252+ Atk Life Orb Huge Power Diggersby Return vs. 252 HP \/ 252+ Def Slowbro: 263-309 (66.7 - 78.4%) -- guaranteed 2HKO
|c|+Jukain|LOL
|c|+Jukain|holy
|c|★I ABR I|lol
|c|★I ABR I|im not orb so
|leave|dedic
|
|move|p2a: Porygon2|Thunderbolt|p1a: Azumarill
|-supereffective|p1a: Azumarill
|-damage|p1a: Azumarill|39\/355
|move|p1a: Azumarill|Play Rough|p2a: Porygon2
|-damage|p2a: Porygon2|0 fnt
|faint|p2a: Porygon2
|
|c|★I ABR I|drudd sweep y\/y?
|
|switch|p2a: Druddigon|Druddigon, M|358\/358
|-damage|p2a: Druddigon|314\/358|[from] Stealth Rock
|turn|17
|
|move|p2a: Druddigon|Fire Punch|p1a: Azumarill
|-resisted|p1a: Azumarill
|-damage|p1a: Azumarill|0 fnt
|faint|p1a: Azumarill
|
|
|switch|p1a: Lopunny|Lopunny-Mega, F|271\/271
|-damage|p1a: Lopunny|255\/271|[from] Stealth Rock
|turn|18
|
|move|p1a: Lopunny|Fake Out|p2a: Druddigon
|-damage|p2a: Druddigon|233\/358
|cant|p2a: Druddigon|flinch
|
|turn|19
|leave|scottiafk
|c|★I ABR I|i have 2 ways to win
|c|★I ABR I|which is cooler
|c|★I ABR I|?
|
|switch|p1a: Latias|Latias, F|319\/319
|-damage|p1a: Latias|280\/319|[from] Stealth Rock
|move|p2a: Druddigon|Outrage|p1a: Latias
|-supereffective|p1a: Latias
|-damage|p1a: Latias|0 fnt
|-damage|p2a: Druddigon|198\/358|[from] item: Life Orb
|faint|p1a: Latias
|
|-fieldend|move: Trick Room
|
|switch|p1a: Diggersby|Diggersby, M, shiny|311\/311
|-damage|p1a: Diggersby|292\/311|[from] Stealth Rock
|turn|20
|c|+Jukain|u actually lose imho
|c|★I ABR I|whats a lopunny
|c|+Jukain|easily
|c|★I ABR I|or diggers
|
|move|p1a: Diggersby|Earthquake|p2a: Druddigon
|-damage|p2a: Druddigon|0 fnt
|faint|p2a: Druddigon
|
|c|+Jukain|whats a diggersby to a crawdaunt
|c|★I ABR I|a quick attack.
|c|★I ABR I|and a fake out
|
|switch|p2a: Crawdaunt|Crawdaunt, M|256\/329
|-damage|p2a: Crawdaunt|215\/329|[from] Stealth Rock
|turn|21
|c|+Jukain|a dragalge
|c|★I ABR I|dies to a return
|c|+Jukain|lopunny*
|c|+Jukain|to a dragalge
|
|switch|p1a: Lopunny|Lopunny-Mega, F|255\/271
|-damage|p1a: Lopunny|239\/271|[from] Stealth Rock
|move|p2a: Crawdaunt|Crabhammer|p1a: Lopunny
|-crit|p1a: Lopunny
|-damage|p1a: Lopunny|0 fnt
|-damage|p2a: Crawdaunt|183\/329|[from] item: Life Orb
|faint|p1a: Lopunny
|
|c|+Jukain|LOL
|c|★I ABR I|nigga
|c|★I ABR I|why
|c|+Jukain|this man
|
|switch|p1a: Diggersby|Diggersby, M, shiny|292\/311
|-damage|p1a: Diggersby|273\/311|[from] Stealth Rock
|turn|22
|
|move|p1a: Diggersby|Quick Attack|p2a: Crawdaunt
|-damage|p2a: Crawdaunt|75\/329
|move|p2a: Crawdaunt|Aqua Jet|p1a: Diggersby
|-supereffective|p1a: Diggersby
|-damage|p1a: Diggersby|0 fnt
|-damage|p2a: Crawdaunt|43\/329|[from] item: Life Orb
|faint|p1a: Diggersby
|
|win|daftmau5
|c|+Jukain|annihilated
|c|★I ABR I|i dont get why