|join|RS Swept
|join|I ABR I
|player|p1|RS Swept|29
|player|p2|I ABR I|291
|gametype|singles
|gen|6
|tier|OU
|rated
|clearpoke
|poke|p1|Gothitelle, M
|poke|p1|Skarmory, M
|poke|p1|Cresselia, F
|poke|p1|Quagsire, M
|poke|p1|Sableye, F
|poke|p1|Chansey, F
|poke|p2|Diggersby, M, shiny
|poke|p2|Scizor, M
|poke|p2|Latios, M
|poke|p2|Landorus, M
|poke|p2|Breloom, M
|poke|p2|Heatran, M
|rule|Swagger Clause: Swagger is banned
|rule|Baton Pass Clause: Limit one Pokémon knowing Baton Pass
|rule|Sleep Clause Mod: Limit one foe put to sleep
|rule|Species Clause: Limit one of each Pokémon
|rule|OHKO Clause: OHKO moves are banned
|rule|Moody Clause: Moody is banned
|rule|Evasion Moves Clause: Evasion moves are banned
|rule|Endless Battle Clause: Forcing endless battles is banned
|rule|HP Percentage Mod: HP is shown in percentages
|teampreview
|c|★I ABR I|sigh
|c|★I ABR I|again
|
|start
|switch|p1a: Sableye|Sableye, F|303\/303
|switch|p2a: Heatran|Heatran, M|323\/323
|-item|p2a: Heatran|Air Balloon
|turn|1
|
|detailschange|p1a: Sableye|Sableye-Mega, F
|message|Sableye has Mega Evolved into Mega Sableye!
|move|p2a: Heatran|Lava Plume|p1a: Sableye
|-damage|p1a: Sableye|201\/303
|move|p1a: Sableye|Snarl|p2a: Heatran
|-damage|p2a: Heatran|266\/323
|-enditem|p2a: Heatran|Air Balloon
|-unboost|p2a: Heatran|spa|1
|
|turn|2
|c|★I ABR I|get a burn tran
|c|★I ABR I|ass mon
|
|move|p2a: Heatran|Lava Plume|p1a: Sableye
|-damage|p1a: Sableye|131\/303
|-status|p1a: Sableye|brn
|move|p1a: Sableye|Recover|p1a: Sableye
|-heal|p1a: Sableye|283\/303 brn
|
|-damage|p1a: Sableye|246\/303 brn|[from] brn
|turn|3
|
|move|p2a: Heatran|Lava Plume|p1a: Sableye
|-damage|p1a: Sableye|170\/303 brn
|move|p1a: Sableye|Snarl|p2a: Heatran
|-damage|p2a: Heatran|212\/323
|-unboost|p2a: Heatran|spa|1
|
|-damage|p1a: Sableye|133\/303 brn|[from] brn
|turn|4
|
|switch|p2a: Landorus|Landorus, M|319\/319
|move|p1a: Sableye|Recover|p1a: Sableye
|-heal|p1a: Sableye|285\/303 brn
|
|-damage|p1a: Sableye|248\/303 brn|[from] brn
|turn|5
|
|switch|p2a: Heatran|Heatran, M|212\/323
|switch|p1a: Cresselia|Cresselia, F|444\/444
|
|turn|6
|
|move|p2a: Heatran|Lava Plume|p1a: Cresselia
|-damage|p1a: Cresselia|345\/444
|move|p1a: Cresselia|Thunder Wave|p2a: Heatran
|-status|p2a: Heatran|par
|
|-heal|p1a: Cresselia|372\/444|[from] item: Leftovers
|turn|7
|
|switch|p1a: Gothitelle|Gothitelle, M|301\/301
|move|p2a: Heatran|Stealth Rock|p1a: Gothitelle
|-sidestart|p1: RS Swept|move: Stealth Rock
|
|turn|8
|
|move|p1a: Gothitelle|Trick|p2a: Heatran
|-activate|p1a: Gothitelle|move: Trick|[of] p2a: Heatran
|-item|p2a: Heatran|Choice Scarf|[from] move: Trick
|move|p2a: Heatran|Lava Plume|p1a: Gothitelle
|-crit|p1a: Gothitelle
|-damage|p1a: Gothitelle|118\/301
|
|turn|9
|
|move|p1a: Gothitelle|Calm Mind|p1a: Gothitelle
|-boost|p1a: Gothitelle|spa|1
|-boost|p1a: Gothitelle|spd|1
|move|p2a: Heatran|Lava Plume|p1a: Gothitelle
|-damage|p1a: Gothitelle|25\/301
|
|turn|10
|c|★I ABR I|ah
|
|move|p1a: Gothitelle|Rest|p1a: Gothitelle
|-status|p1a: Gothitelle|slp
|-heal|p1a: Gothitelle|301\/301 slp|[silent]
|-status|p1a: Gothitelle|slp|[from] move: Rest
|cant|p2a: Heatran|par
|
|turn|11
|
|cant|p1a: Gothitelle|slp
|cant|p2a: Heatran|par
|
|turn|12
|
|cant|p1a: Gothitelle|slp
|move|p2a: Heatran|Lava Plume|p1a: Gothitelle
|-damage|p1a: Gothitelle|208\/301 slp
|
|turn|13
|
|-curestatus|p1a: Gothitelle|slp
|move|p1a: Gothitelle|Calm Mind|p1a: Gothitelle
|-boost|p1a: Gothitelle|spa|1
|-boost|p1a: Gothitelle|spd|1
|cant|p2a: Heatran|par
|
|turn|14
|
|move|p1a: Gothitelle|Calm Mind|p1a: Gothitelle
|-boost|p1a: Gothitelle|spa|1
|-boost|p1a: Gothitelle|spd|1
|move|p2a: Heatran|Lava Plume|p1a: Gothitelle
|-damage|p1a: Gothitelle|159\/301
|
|turn|15
|
|move|p1a: Gothitelle|Psyshock|p2a: Heatran
|-resisted|p2a: Heatran
|-damage|p2a: Heatran|82\/323 par
|move|p2a: Heatran|Lava Plume|p1a: Gothitelle
|-damage|p1a: Gothitelle|108\/301
|
|turn|16
|
|move|p1a: Gothitelle|Rest|p1a: Gothitelle
|-status|p1a: Gothitelle|slp
|-heal|p1a: Gothitelle|301\/301 slp|[silent]
|-status|p1a: Gothitelle|slp|[from] move: Rest
|move|p2a: Heatran|Lava Plume|p1a: Gothitelle
|-crit|p1a: Gothitelle
|-damage|p1a: Gothitelle|112\/301 slp
|
|turn|17
|c|★I ABR I|1 mroe
|c|★I ABR I|more
|
|cant|p1a: Gothitelle|slp
|move|p2a: Heatran|Lava Plume|p1a: Gothitelle
|-damage|p1a: Gothitelle|63\/301 slp
|
|turn|18
|
|cant|p1a: Gothitelle|slp
|move|p2a: Heatran|Lava Plume|p1a: Gothitelle
|-damage|p1a: Gothitelle|6\/301 slp
|
|turn|19
|
|-curestatus|p1a: Gothitelle|slp
|move|p1a: Gothitelle|Rest|p1a: Gothitelle
|-status|p1a: Gothitelle|slp
|-heal|p1a: Gothitelle|301\/301 slp|[silent]
|-status|p1a: Gothitelle|slp|[from] move: Rest
|move|p2a: Heatran|Lava Plume|p1a: Gothitelle
|-damage|p1a: Gothitelle|247\/301 slp
|
|turn|20
|
|cant|p1a: Gothitelle|slp
|move|p2a: Heatran|Lava Plume|p1a: Gothitelle
|-damage|p1a: Gothitelle|198\/301 slp
|
|turn|21
|
|cant|p1a: Gothitelle|slp
|cant|p2a: Heatran|par
|
|turn|22
|
|-curestatus|p1a: Gothitelle|slp
|move|p1a: Gothitelle|Trick|p2a: Heatran
|-activate|p1a: Gothitelle|move: Trick|[of] p2a: Heatran
|-item|p1a: Gothitelle|Choice Scarf|[from] move: Trick
|move|p2a: Heatran|Lava Plume|p1a: Gothitelle
|-damage|p1a: Gothitelle|146\/301
|
|turn|23
|
|move|p1a: Gothitelle|Psyshock|p2a: Heatran
|-resisted|p2a: Heatran
|-damage|p2a: Heatran|0 fnt
|faint|p2a: Heatran
|
|
|switch|p2a: Latios|Latios, M|301\/301
|turn|24
|
|switch|p1a: Chansey|Chansey, F|645\/645
|-damage|p1a: Chansey|565\/645|[from] Stealth Rock
|move|p2a: Latios|Thunderbolt|p1a: Chansey
|-damage|p1a: Chansey|510\/645
|
|turn|25
|
|switch|p2a: Breloom|Breloom, M|261\/261
|move|p1a: Chansey|Aromatherapy|p1a: Chansey
|-cureteam|p1a: Chansey|[from] move: Aromatherapy
|
|turn|26
|
|move|p2a: Breloom|Swords Dance|p2a: Breloom
|-boost|p2a: Breloom|atk|2
|move|p1a: Chansey|Seismic Toss|p2a: Breloom
|-damage|p2a: Breloom|161\/261
|
|turn|27
|
|switch|p1a: Gothitelle|Gothitelle, M|146\/301
|-damage|p1a: Gothitelle|109\/301|[from] Stealth Rock
|move|p2a: Breloom|Mach Punch|p1a: Gothitelle
|-resisted|p1a: Gothitelle
|-damage|p1a: Gothitelle|5\/301
|
|turn|28
|
|move|p2a: Breloom|Mach Punch|p1a: Gothitelle
|-resisted|p1a: Gothitelle
|-damage|p1a: Gothitelle|0 fnt
|faint|p1a: Gothitelle
|
|
|switch|p1a: Skarmory|Skarmory, M|333\/333
|-damage|p1a: Skarmory|292\/333|[from] Stealth Rock
|turn|29
|
|switch|p1a: Cresselia|Cresselia, F|372\/444
|-damage|p1a: Cresselia|317\/444|[from] Stealth Rock
|move|p2a: Breloom|Mach Punch|p1a: Cresselia
|-resisted|p1a: Cresselia
|-damage|p1a: Cresselia|241\/444
|
|-heal|p1a: Cresselia|268\/444|[from] item: Leftovers
|turn|30
|
|move|p2a: Breloom|Bullet Seed|p1a: Cresselia
|-damage|p1a: Cresselia|169\/444
|-damage|p1a: Cresselia|78\/444
|-damage|p1a: Cresselia|0 fnt
|-hitcount|p1a: Cresselia|3
|faint|p1a: Cresselia
|
|
|switch|p1a: Skarmory|Skarmory, M|292\/333
|-damage|p1a: Skarmory|251\/333|[from] Stealth Rock
|turn|31
|
|switch|p1a: Quagsire|Quagsire, M|394\/394
|-damage|p1a: Quagsire|370\/394|[from] Stealth Rock
|move|p2a: Breloom|Mach Punch|p1a: Quagsire
|-damage|p1a: Quagsire|289\/394
|
|-heal|p1a: Quagsire|313\/394|[from] item: Leftovers
|turn|32
|
|switch|p1a: Skarmory|Skarmory, M|251\/333
|-damage|p1a: Skarmory|210\/333|[from] Stealth Rock
|move|p2a: Breloom|Bullet Seed|p1a: Skarmory
|-resisted|p1a: Skarmory
|-damage|p1a: Skarmory|191\/333
|-resisted|p1a: Skarmory
|-damage|p1a: Skarmory|172\/333
|-hitcount|p1a: Skarmory|2
|
|turn|33
|
|move|p2a: Breloom|Swords Dance|p2a: Breloom
|-boost|p2a: Breloom|atk|2
|move|p1a: Skarmory|Roost|p1a: Skarmory
|-heal|p1a: Skarmory|333\/333
|
|turn|34
|
|move|p2a: Breloom|Mach Punch|p1a: Skarmory
|-damage|p1a: Skarmory|140\/333
|move|p1a: Skarmory|Brave Bird|p2a: Breloom
|-supereffective|p2a: Breloom
|-damage|p2a: Breloom|0 fnt
|-damage|p1a: Skarmory|87\/333|[from] recoil|[of] p2a: Breloom
|faint|p2a: Breloom
|
|
|switch|p2a: Diggersby|Diggersby, M, shiny|311\/311
|turn|35
|
|move|p2a: Diggersby|Fire Punch|p1a: Skarmory
|-supereffective|p1a: Skarmory
|-damage|p1a: Skarmory|0 fnt
|-damage|p2a: Diggersby|280\/311|[from] item: Life Orb
|faint|p1a: Skarmory
|
|join|Yuttt.ttttt
|join|Gizmo∞
|c| Gizmo∞|this matchup
|c| Gizmo∞|breaks my hart
|
|switch|p1a: Sableye|Sableye-Mega, F|248\/303
|-damage|p1a: Sableye|211\/303|[from] Stealth Rock
|turn|36
|c| Gizmo∞|heart*
|join|tst_100
|join|Ox the Fox
|c|★I ABR I|sd loom breaks stall man
|
|switch|p2a: Latios|Latios, M|301\/301
|move|p1a: Sableye|Will-O-Wisp|p2a: Latios|[miss]
|-miss|p1a: Sableye|p2a: Latios
|
|turn|37
|
|move|p2a: Latios|Memento|p1a: Sableye
|-unboost|p1a: Sableye|atk|2
|-unboost|p1a: Sableye|spa|2
|faint|p2a: Latios
|move|p1a: Sableye|Recover|p1a: Sableye
|-heal|p1a: Sableye|303\/303
|
|
|switch|p2a: Landorus|Landorus, M|319\/319
|turn|38
|join|Alldaalts
|c|★I ABR I|lati the pivot
|join|Robert Edward Lee
|
|switch|p1a: Chansey|Chansey, F|510\/645
|-damage|p1a: Chansey|430\/645|[from] Stealth Rock
|move|p2a: Landorus|Earth Power|p1a: Chansey
|-damage|p1a: Chansey|292\/645
|
|turn|39
|
|move|p2a: Landorus|Knock Off|p1a: Chansey
|-damage|p1a: Chansey|141\/645
|-enditem|p1a: Chansey|Eviolite|[from] move: Knock Off|[of] p2a: Landorus
|-damage|p2a: Landorus|288\/319|[from] item: Life Orb
|move|p1a: Chansey|Soft-Boiled|p1a: Chansey
|-heal|p1a: Chansey|464\/645
|
|turn|40
|
|move|p2a: Landorus|Earth Power|p1a: Chansey
|-damage|p1a: Chansey|260\/645
|move|p1a: Chansey|Soft-Boiled|p1a: Chansey
|-heal|p1a: Chansey|583\/645
|
|turn|41
|
|switch|p2a: Scizor|Scizor, M|307\/307
|move|p1a: Chansey|Seismic Toss|p2a: Scizor
|-damage|p2a: Scizor|207\/307
|
|turn|42
|
|switch|p1a: Sableye|Sableye-Mega, F|303\/303
|-damage|p1a: Sableye|266\/303|[from] Stealth Rock
|detailschange|p2a: Scizor|Scizor-Mega, M
|message|Scizor has Mega Evolved into Mega Scizor!
|move|p2a: Scizor|Bug Bite|p1a: Sableye
|-damage|p1a: Sableye|136\/303
|
|turn|43
|
|move|p2a: Scizor|Bug Bite|p1a: Sableye
|-damage|p1a: Sableye|0 fnt
|faint|p1a: Sableye
|
|c|★RS Swept|two high rolls
|c|★RS Swept|fkn amazing
|c|★I ABR I|i couldve also
|
|switch|p1a: Quagsire|Quagsire, M|313\/394
|-damage|p1a: Quagsire|289\/394|[from] Stealth Rock
|turn|44
|c|★I ABR I|went to lando...
|c|★I ABR I|all i needed was diggers at that point
|
|move|p2a: Scizor|Bug Bite|p1a: Quagsire
|-damage|p1a: Quagsire|124\/394
|move|p1a: Quagsire|Recover|p1a: Quagsire
|-heal|p1a: Quagsire|321\/394
|
|-heal|p1a: Quagsire|345\/394|[from] item: Leftovers
|turn|45
|
|move|p2a: Scizor|Bug Bite|p1a: Quagsire
|-damage|p1a: Quagsire|194\/394
|move|p1a: Quagsire|Scald|p2a: Scizor
|-damage|p2a: Scizor|141\/307
|
|-heal|p1a: Quagsire|218\/394|[from] item: Leftovers
|turn|46
|
|move|p2a: Scizor|Bug Bite|p1a: Quagsire
|-damage|p1a: Quagsire|53\/394
|move|p1a: Quagsire|Recover|p1a: Quagsire
|-heal|p1a: Quagsire|250\/394
|
|-heal|p1a: Quagsire|274\/394|[from] item: Leftovers
|turn|47
|
|switch|p2a: Landorus|Landorus, M|288\/319
|move|p1a: Quagsire|Recover|p1a: Quagsire
|-heal|p1a: Quagsire|394\/394
|
|turn|48
|
|switch|p1a: Chansey|Chansey, F|583\/645
|-damage|p1a: Chansey|503\/645|[from] Stealth Rock
|move|p2a: Landorus|Earth Power|p1a: Chansey
|-damage|p1a: Chansey|295\/645
|
|turn|49
|
|switch|p2a: Diggersby|Diggersby, M, shiny|280\/311
|move|p1a: Chansey|Soft-Boiled|p1a: Chansey
|-heal|p1a: Chansey|618\/645
|
|turn|50
|
|move|p2a: Diggersby|Return|p1a: Chansey
|-damage|p1a: Chansey|0 fnt
|-damage|p2a: Diggersby|249\/311|[from] item: Life Orb
|faint|p1a: Chansey
|
|
|switch|p1a: Quagsire|Quagsire, M|394\/394
|-damage|p1a: Quagsire|370\/394|[from] Stealth Rock
|turn|51
|c|★I ABR I|gg
|
|move|p2a: Diggersby|Return|p1a: Quagsire
|-damage|p1a: Quagsire|111\/394
|-damage|p2a: Diggersby|218\/311|[from] item: Life Orb
|move|p1a: Quagsire|Recover|p1a: Quagsire
|-heal|p1a: Quagsire|308\/394
|
|-heal|p1a: Quagsire|332\/394|[from] item: Leftovers
|turn|52
|
|move|p2a: Diggersby|Return|p1a: Quagsire
|-damage|p1a: Quagsire|73\/394
|-damage|p2a: Diggersby|187\/311|[from] item: Life Orb
|move|p1a: Quagsire|Scald|p2a: Diggersby
|-supereffective|p2a: Diggersby
|-damage|p2a: Diggersby|29\/311
|
|-heal|p1a: Quagsire|97\/394|[from] item: Leftovers
|turn|53
|-message|RS Swept forfeited.
|leave|RS Swept
|
|win|I ABR I
|raw|Ladder updating...
|player|p1
|leave|tst_100
|raw|RS Swept's rating: 1940 &rarr; <strong>1909<\/strong><br \/>(-31 for losing)
|raw|I ABR I's rating: 1716 &rarr; <strong>1747<\/strong><br \/>(+31 for winning)
|leave|Gizmo∞
|leave|Robert Edward Lee
|leave|Alldaalts
|leave|Yuttt.ttttt