|join|I ABR I
|join|SWAGCOLFO
|player|p1|I ABR I|291
|player|p2|SWAGCOLFO|80
|gametype|singles
|gen|6
|tier|OU
|rated
|clearpoke
|poke|p1|Mamoswine, M
|poke|p1|Diggersby, M, shiny
|poke|p1|Raikou
|poke|p1|Keldeo
|poke|p1|Latias, F
|poke|p1|Pinsir, M
|poke|p2|Heracross, M
|poke|p2|Heatran, F
|poke|p2|Slowbro, M
|poke|p2|Kyurem-Black
|poke|p2|Landorus-Therian, M
|poke|p2|Latios, M
|rule|Swagger Clause: Swagger is banned
|rule|Baton Pass Clause: Limit one Pokémon knowing Baton Pass
|rule|Sleep Clause Mod: Limit one foe put to sleep
|rule|Species Clause: Limit one of each Pokémon
|rule|OHKO Clause: OHKO moves are banned
|rule|Moody Clause: Moody is banned
|rule|Evasion Moves Clause: Evasion moves are banned
|rule|Endless Battle Clause: Forcing endless battles is banned
|rule|HP Percentage Mod: HP is shown in percentages
|teampreview
|
|start
|switch|p1a: Pinsir|Pinsir, M|271\/271
|switch|p2a: Heracross|Heracross, M|301\/301
|turn|1
|join|AM) Feranium
|join|FlamingVictini PB
|join|Yuttt.annual
|c| FlamingVictini PB|yum
|c|★I ABR I|almost
|c|★I ABR I|didnt mega
|c|★SWAGCOLFO|Que?
|
|switch|p2a: Slowbro|Slowbro, M|394\/394
|move|p1a: Pinsir|Return|p2a: Slowbro
|-damage|p2a: Slowbro|312\/394
|
|-heal|p2a: Slowbro|336\/394|[from] item: Leftovers
|turn|2
|c|★I ABR I|fuck
|c|★I ABR I|cancel
|c|★I ABR I|piece of shit
|c| Yuttt.annual|that isn't mega pinsir
|join|daftmau5
|c| Yuttt.annual|is it
|c| Yuttt.annual|...
|c| Yuttt.annual|mega latias
|c| Yuttt.annual|confirmed
|leave|Yuttt.annual
|c|★I ABR I|honestly
|c|★I ABR I|this sim
|c|★I ABR I|why
|
|switch|p1a: Raikou|Raikou|329\/329
|-ability|p1a: Raikou|Pressure
|move|p2a: Slowbro|Scald|p1a: Raikou
|-damage|p1a: Raikou|266\/329
|-status|p1a: Raikou|brn
|
|-heal|p2a: Slowbro|360\/394|[from] item: Leftovers
|-damage|p1a: Raikou|225\/329 brn|[from] brn
|turn|3
|c|★SWAGCOLFO|All these people joining
|c| FlamingVictini PB|haven't u seen scarf moxie?
|c| FlamingVictini PB|get into the times SWAGCOLFO
|join|ideality'
|c|★SWAGCOLFO|Ah
|c|★SWAGCOLFO|I prefer choice banded chansey imo
|
|switch|p1a: Mamoswine|Mamoswine, M|361\/361
|switch|p2a: Kyurem-Black|Kyurem-Black|391\/391
|-ability|p2a: Kyurem-Black|Teravolt
|
|turn|4
|c|★SWAGCOLFO|Real good wallbreaker
|c| ideality'|what team<
|c| FlamingVictini PB|tbh your team just dies to lati
|join|lil manaphy
|c|★I ABR I|i used to have
|c|★I ABR I|bisharp and loom
|
|move|p2a: Kyurem-Black|Flash Cannon|p1a: Mamoswine
|-supereffective|p1a: Mamoswine
|-damage|p1a: Mamoswine|69\/361
|move|p1a: Mamoswine|Stealth Rock|p2a: Kyurem-Black
|-sidestart|p2: SWAGCOLFO|move: Stealth Rock
|
|turn|5
|c|★I ABR I|over mamo raikou
|c| FlamingVictini PB|u literally have nothing for the cm set
|leave|AM) Feranium
|c| FlamingVictini PB|roxsharp?
|c|★I ABR I|but like
|c| ideality'|and bird spam kills it
|c|★I ABR I|yes
|c|★I ABR I|nah 3 sashers
|c|★I ABR I|beat birds
|c| FlamingVictini PB|^
|
|switch|p1a: Keldeo|Keldeo|323\/323
|move|p2a: Kyurem-Black|Flash Cannon|p1a: Keldeo
|-crit|p1a: Keldeo
|-resisted|p1a: Keldeo
|-damage|p1a: Keldeo|253\/323
|
|turn|6
|c| FlamingVictini PB|nice n new sashspam
|c| FlamingVictini PB|wait did that kube
|c| FlamingVictini PB|just flash cannon
|c|★I ABR I|yes
|c|★SWAGCOLFO|Yeah
|c| ideality'|it did
|c| FlamingVictini PB|dang innovation
|c| lil manaphy|not even bad
|join|AjTheEpic
|c|★SWAGCOLFO|I predicted the diggersby
|c| FlamingVictini PB|i thought scarfmoxie was cool
|
|switch|p1a: Latias|Latias, F|319\/319
|switch|p2a: Slowbro|Slowbro, M|394\/394
|-damage|p2a: Slowbro|345\/394|[from] Stealth Rock
|
|-heal|p2a: Slowbro|369\/394|[from] item: Leftovers
|turn|7
|c| ideality'|iron head exists
|c| FlamingVictini PB|ahh the sub
|c| FlamingVictini PB|its ogre
|c|★SWAGCOLFO|Whats ya set
|c| AjTheEpic|LoL takes forever to download oml
|c|★I ABR I|i swear
|c|★I ABR I|im mega pins
|
|switch|p1a: Diggersby|Diggersby, M, shiny|311\/311
|move|p2a: Slowbro|Thunder Wave|p1a: Diggersby
|-immune|p1a: Diggersby|[msg]
|
|-heal|p2a: Slowbro|393\/394|[from] item: Leftovers
|turn|8
|c|★SWAGCOLFO|Pls no hp fire
|c|★I ABR I|i clicked cancel turn 1
|c|★I ABR I|ah
|c|★I ABR I|PREDICTED
|c|★SWAGCOLFO|U rood dood
|c| FlamingVictini PB|bop
|c|★SWAGCOLFO|I feel cheated
|c| FlamingVictini PB|i mean he wasn't predicting tran
|c| AjTheEpic|I'd believe abr
|c| FlamingVictini PB|he knew that twave was coming
|c|★SWAGCOLFO|Nah
|
|switch|p1a: Raikou|Raikou|225\/329 brn
|-ability|p1a: Raikou|Pressure
|move|p2a: Slowbro|Scald|p1a: Raikou
|-damage|p1a: Raikou|165\/329 brn
|
|-heal|p2a: Slowbro|394\/394|[from] item: Leftovers
|-damage|p1a: Raikou|124\/329 brn|[from] brn
|turn|9
|c|★SWAGCOLFO|thats the scrub play
|c|★I ABR I|dude this is gay af
|c| AjTheEpic|mlatis run sub
|c|★I ABR I|i couldnt mega
|c|★I ABR I|turn 1
|c| AjTheEpic|:\/
|c| FlamingVictini PB|an dhe didn't want to reveal sub yet
|c|★SWAGCOLFO|Weow
|c| FlamingVictini PB|see he's just making u reveal your attacks
|c| FlamingVictini PB|what a player
|c| FlamingVictini PB|lords can't compare with him
|c| AjTheEpic|Yeah, if he keeps switching, you'll not know any of his attacks
|c| AjTheEpic|and he'll win the information ar
|c| AjTheEpic|*war
|
|switch|p2a: Landorus-Therian|Landorus-Therian, M|320\/320
|-damage|p2a: Landorus-Therian|280\/320|[from] Stealth Rock
|-ability|p2a: Landorus-Therian|Intimidate|[of] p1a: Raikou
|-unboost|p1a: Raikou|atk|1
|move|p1a: Raikou|Volt Switch|p2a: Landorus-Therian
|-immune|p2a: Landorus-Therian|[msg]
|
|-damage|p1a: Raikou|83\/329 brn|[from] brn
|turn|10
|c|★SWAGCOLFO|I predicted the switch into mamo tbh
|c|★I ABR I|its ok i got this
|
|move|p2a: Landorus-Therian|U-turn|p1a: Raikou
|-damage|p1a: Raikou|0 fnt
|faint|p1a: Raikou
|join|Alldaalts
|c|★SWAGCOLFO|Does slowbro win now?
|c|★I ABR I|only if
|c|★I ABR I|u burn me
|
|switch|p2a: Slowbro|Slowbro, M|394\/394
|-damage|p2a: Slowbro|345\/394|[from] Stealth Rock
|
|-heal|p2a: Slowbro|369\/394|[from] item: Leftovers
|c|★I ABR I|which u probably will
|join|Yuttt.annual
|c|★SWAGCOLFO|Are you a youtuber or something?
|c|★SWAGCOLFO|There are a hell of a lot of people joining
|
|switch|p1a: Diggersby|Diggersby, M, shiny|311\/311
|turn|11
|c|★I ABR I|dont
|c|★I ABR I|burn
|c|★SWAGCOLFO|wat
|
|move|p1a: Diggersby|Swords Dance|p1a: Diggersby
|-boost|p1a: Diggersby|atk|2
|move|p2a: Slowbro|Scald|p1a: Diggersby
|-supereffective|p1a: Diggersby
|-damage|p1a: Diggersby|59\/311
|
|-heal|p2a: Slowbro|393\/394|[from] item: Leftovers
|turn|12
|c|★SWAGCOLFO|Broski
|c| Yuttt.annual|skillful
|c|★SWAGCOLFO|Que?
|c|★I ABR I|i need
|c|★I ABR I|purs bish
|c|★I ABR I|this is gonna do a fuck ton btw
|c|★SWAGCOLFO|Y no burn
|
|move|p1a: Diggersby|Return|p2a: Slowbro
|-damage|p2a: Slowbro|84\/394
|move|p2a: Slowbro|Scald|p1a: Diggersby
|-supereffective|p1a: Diggersby
|-damage|p1a: Diggersby|0 fnt
|faint|p1a: Diggersby
|
|-heal|p2a: Slowbro|108\/394|[from] item: Leftovers
|c|★SWAGCOLFO|wat is this hax
|c|★I ABR I|ew
|c|★I ABR I|0
|
|switch|p1a: Pinsir|Pinsir, M|271\/271
|turn|13
|c|★I ABR I|raikou is an ass mon ngl
|c|★SWAGCOLFO|Weow
|leave|Yuttt.annual
|c|★I ABR I|lets see lando wall me!
|
|switch|p2a: Landorus-Therian|Landorus-Therian, M|280\/320
|-damage|p2a: Landorus-Therian|240\/320|[from] Stealth Rock
|-ability|p2a: Landorus-Therian|Intimidate|[of] p1a: Pinsir
|-fail|p1a: Pinsir|unboost|Attack|[from] ability: Hyper Cutter|[of] p1a: Pinsir
|detailschange|p1a: Pinsir|Pinsir-Mega, M
|-mega|p1a: Pinsir|Pinsir|Pinsirite
|move|p1a: Pinsir|Return|p2a: Landorus-Therian
|-damage|p2a: Landorus-Therian|0 fnt
|faint|p2a: Landorus-Therian
|
|c|★SWAGCOLFO|wat
|c|★I ABR I|dude
|c|★I ABR I|u die
|c|★SWAGCOLFO|Its landorus man
|c|★I ABR I|lmao
|c|★SWAGCOLFO|Nice
|c|★I ABR I|thats not
|c|★I ABR I|a switch in
|c|★SWAGCOLFO|I predicted that
|c|★SWAGCOLFO|Gives me a safe switch into mhera
|
|switch|p2a: Latios|Latios, M|302\/302
|-damage|p2a: Latios|265\/302|[from] Stealth Rock
|turn|14
|c|★I ABR I|hm
|c|★SWAGCOLFO|Stay in
|join|king of spycrabs
|c|★SWAGCOLFO|I'm defogging
|c|★I ABR I|yea ik what to do
|
|switch|p1a: Keldeo|Keldeo|253\/323
|move|p2a: Latios|Draco Meteor|p1a: Keldeo
|-damage|p1a: Keldeo|0 fnt
|-unboost|p2a: Latios|spa|2
|-damage|p2a: Latios|235\/302|[from] item: Life Orb
|faint|p1a: Keldeo
|
|
|switch|p1a: Latias|Latias, F|319\/319
|turn|15
|
|switch|p2a: Heatran|Heatran, F|386\/386
|-damage|p2a: Heatran|338\/386|[from] Stealth Rock
|move|p1a: Latias|Healing Wish|p1a: Latias
|faint|p1a: Latias
|
|-heal|p2a: Heatran|362\/386|[from] item: Leftovers
|c|★SWAGCOLFO|Wa
|
|switch|p1a: Mamoswine|Mamoswine, M|69\/361
|-heal|p1a: Mamoswine|361\/361|[from] move: Healing Wish
|turn|16
|join|Highest Threat
|
|move|p1a: Mamoswine|Earthquake|p2a: Heatran
|-supereffective|p2a: Heatran
|-damage|p2a: Heatran|0 fnt
|faint|p2a: Heatran
|
|c|★SWAGCOLFO|Drat
|
|switch|p2a: Heracross|Heracross, M|301\/301
|-damage|p2a: Heracross|264\/301|[from] Stealth Rock
|turn|17
|c|★I ABR I|the q is
|c| Highest Threat|Greatsword or Bow?
|c|★I ABR I|r u real enough
|c|★I ABR I|to predict pinsir
|c|★SWAGCOLFO|I'm fake
|c|★SWAGCOLFO|Srry
|c|★I ABR I|lets see
|c|★SWAGCOLFO|I got swagger
|c|★SWAGCOLFO|its scarf swagger m8
|c|★I ABR I|if u rock blast, u win
|c|★I ABR I|if u bseed, u win
|c|★SWAGCOLFO|If I use tackle
|c|★SWAGCOLFO|Do I win?
|c| Highest Threat|y
|c| Highest Threat|o-o
|c|★I ABR I|ur def rock blasting
|c|★I ABR I|and idc cuz
|
|switch|p1a: Pinsir|Pinsir-Mega, M|271\/271
|detailschange|p2a: Heracross|Heracross-Mega, M
|-mega|p2a: Heracross|Heracross|Heracronite
|move|p2a: Heracross|Bullet Seed|p1a: Pinsir
|-resisted|p1a: Pinsir
|-damage|p1a: Pinsir|264\/271
|-resisted|p1a: Pinsir
|-damage|p1a: Pinsir|256\/271
|-resisted|p1a: Pinsir
|-damage|p1a: Pinsir|247\/271
|-resisted|p1a: Pinsir
|-damage|p1a: Pinsir|238\/271
|-resisted|p1a: Pinsir
|-damage|p1a: Pinsir|230\/271
|-hitcount|p1a: Pinsir|5
|
|turn|18
|c|★I ABR I|u cant cancel
|c|★I ABR I|ah
|c| Highest Threat|:O
|c|★SWAGCOLFO|D:
|leave|daftmau5
|c|★SWAGCOLFO|Y Geme
|c|★SWAGCOLFO|whyy
|c|★I ABR I|ok lets see
|c|★I ABR I|do i have a chance
|c|★SWAGCOLFO|Idk
|c|★SWAGCOLFO|can you break mega slowbro?
|c|★SWAGCOLFO|and mega latios?
|leave|king of spycrabs
|
|move|p1a: Pinsir|Return|p2a: Heracross
|-supereffective|p2a: Heracross
|-damage|p2a: Heracross|0 fnt
|faint|p2a: Heracross
|
|join|king of spycrabs
|c| king of spycrabs|dont forget mega kyurem black
|
|switch|p2a: Latios|Latios, M|235\/302
|-damage|p2a: Latios|198\/302|[from] Stealth Rock
|turn|19
|c|★I ABR I|the dodge tho?
|c|★SWAGCOLFO|Oh yh
|c|★SWAGCOLFO|No thanks
|
|switch|p1a: Mamoswine|Mamoswine, M|361\/361
|move|p2a: Latios|Draco Meteor|p1a: Mamoswine
|-enditem|p1a: Mamoswine|Focus Sash
|-damage|p1a: Mamoswine|1\/361
|-unboost|p2a: Latios|spa|2
|-damage|p2a: Latios|168\/302|[from] item: Life Orb
|
|turn|20
|
|move|p2a: Latios|Psyshock|p1a: Mamoswine
|-crit|p1a: Mamoswine
|-damage|p1a: Mamoswine|0 fnt
|-damage|p2a: Latios|138\/302|[from] item: Life Orb
|faint|p1a: Mamoswine
|
|c|★SWAGCOLFO|Oh fuck
|c|★I ABR I|perfect
|c|★SWAGCOLFO|Oh fuck
|c|★I ABR I|now u gotta go straight to kyub!
|c|★I ABR I|will i cc
|c|★I ABR I|or no
|c|★I ABR I|O_O
|c|★I ABR I|50 50s...
|c|★SWAGCOLFO|Que?
|c| king of spycrabs|abr just SDs and wins now
|c|★SWAGCOLFO|Whats your set
|
|switch|p1a: Pinsir|Pinsir-Mega, M|230\/271
|turn|21
|c|★SWAGCOLFO|I was gonna say
|c|★SWAGCOLFO|sd
|c|★I ABR I|no
|c|★SWAGCOLFO|wat
|c|★SWAGCOLFO|No sd?
|c|★I ABR I|have u seen
|c|★SWAGCOLFO|No sd?
|c|★I ABR I|paul gilberts
|c|★I ABR I|rmt
|c|★I ABR I|its sub flail
|c| king of spycrabs|kek
|c|★I ABR I|so
|c|★I ABR I|no sd :(
|c|★SWAGCOLFO|;c
|
|move|p2a: Latios|Draco Meteor|p1a: Pinsir
|-damage|p1a: Pinsir|51\/271
|-unboost|p2a: Latios|spa|2
|-damage|p2a: Latios|108\/302|[from] item: Life Orb
|move|p1a: Pinsir|Swords Dance|p1a: Pinsir
|-boost|p1a: Pinsir|atk|2
|
|turn|22
|c|★SWAGCOLFO|thats a sad occurence for you
|c|★I ABR I|i need
|c|★I ABR I|to dodge
|c|★SWAGCOLFO|Weow
|c|★I ABR I|this next one
|c|★SWAGCOLFO|Weow
|c|★SWAGCOLFO|You win nao D:
|c|★SWAGCOLFO|Why no crit?
|join|Doomed hi
|c| Highest Threat|scarf kyube
|c| Highest Threat|?
|c|★SWAGCOLFO|No
|c| Highest Threat|;-;
|c|★SWAGCOLFO|thats a shit set lol
|c|★I ABR I|pls
|c|★I ABR I|lord
|c|★I ABR I|cancel
|
|move|p2a: Latios|Thunderbolt|p1a: Pinsir
|-supereffective|p1a: Pinsir
|-damage|p1a: Pinsir|0 fnt
|-damage|p2a: Latios|78\/302|[from] item: Life Orb
|faint|p1a: Pinsir
|
|win|SWAGCOLFO
|raw|Ladder updating...
|c|★I ABR I|work
|c|★I ABR I|FUCK
|raw|I ABR I's rating: 1673 &rarr; <strong>1649<\/strong><br \/>(-24 for losing)
|raw|SWAGCOLFO's rating: 1595 &rarr; <strong>1619<\/strong><br \/>(+24 for winning)
|c| Highest Threat|:O
|c|★I ABR I|cancel
|c|★SWAGCOLFO|HAHAHAHAHAHAHAHHA
|c| Doomed hi|quick attack?
|c|★I ABR I|ur so shit
|c| Highest Threat|wtf
|c|★I ABR I|i clicked
|c|★I ABR I|qa
|c|★I ABR I|man,,,
|c| Highest Threat|cancel is a trick
|c| king of spycrabs|KEK
|c|★SWAGCOLFO|It was scarf btw ;D
|leave|lil manaphy
|c| Highest Threat|omg
|c|★SWAGCOLFO|<3
|c|★SWAGCOLFO|gg
|c|★I ABR I|ok then it didnt matter
|c|★I ABR I|but still
|c|★SWAGCOLFO|Btw who are you?
|c|★I ABR I|fuck cancel
|c|★I ABR I|ur mothers lover.
|leave|I ABR I
|c|★SWAGCOLFO|nice
|c| FlamingVictini PB|:]
|c|★SWAGCOLFO|dad
|leave|Alldaalts
|c|★SWAGCOLFO|NO
|c| Highest Threat|wait
|player|p1
|c| FlamingVictini PB|everone out
|c| Highest Threat|swag
|c|★SWAGCOLFO|Y u leave me
|leave|FlamingVictini PB
|c| Highest Threat|your kyube was scarf
|c| Highest Threat|?
|c|★SWAGCOLFO|yeah?
|c|★SWAGCOLFO|Yeah