|join|I ABR I
|join|sand1234
|player|p1|I ABR I|291
|player|p2|sand1234|284
|gametype|singles
|gen|6
|tier|OU
|rated
|clearpoke
|poke|p1|Politoed, M
|poke|p1|Metagross
|poke|p1|Kabutops, M
|poke|p1|Kingdra, M
|poke|p1|Latias, F
|poke|p1|Garchomp, M
|poke|p2|Klefki, F
|poke|p2|Diggersby, F
|poke|p2|Talonflame, F
|poke|p2|Bisharp, F
|poke|p2|Azumarill, M
|poke|p2|Clefable, F
|rule|Swagger Clause: Swagger is banned
|rule|Baton Pass Clause: Limit one Pokémon knowing Baton Pass
|rule|Sleep Clause Mod: Limit one foe put to sleep
|rule|Species Clause: Limit one of each Pokémon
|rule|OHKO Clause: OHKO moves are banned
|rule|Moody Clause: Moody is banned
|rule|Evasion Moves Clause: Evasion moves are banned
|rule|Endless Battle Clause: Forcing endless battles is banned
|rule|HP Percentage Mod: HP is shown in percentages
|teampreview
|
|start
|switch|p1a: Garchomp|Garchomp, M|357\/357
|switch|p2a: Diggersby|Diggersby, F|311\/311
|turn|1
|
|move|p1a: Garchomp|Stealth Rock|p2a: Diggersby
|-sidestart|p2: sand1234|move: Stealth Rock
|move|p2a: Diggersby|Earthquake|p1a: Garchomp
|-damage|p1a: Garchomp|45\/357
|-damage|p2a: Diggersby|280\/311|[from] item: Life Orb
|
|turn|2
|
|move|p2a: Diggersby|Quick Attack|p1a: Garchomp
|-damage|p1a: Garchomp|0 fnt
|-damage|p2a: Diggersby|242\/311|[from] ability: Rough Skin|[of] p1a: Garchomp
|-damage|p2a: Diggersby|211\/311|[from] item: Life Orb
|faint|p1a: Garchomp
|
|
|switch|p1a: Politoed|Politoed, M|383\/383
|-weather|RainDance
|turn|3
|
|move|p2a: Diggersby|Return|p1a: Politoed
|-damage|p1a: Politoed|0 fnt
|-damage|p2a: Diggersby|180\/311|[from] item: Life Orb
|faint|p1a: Politoed
|
|-weather|RainDance|[upkeep]
|
|switch|p1a: Kingdra|Kingdra, M|291\/291
|turn|4
|
|move|p2a: Diggersby|Quick Attack|p1a: Kingdra
|-damage|p1a: Kingdra|169\/291
|-damage|p2a: Diggersby|149\/311|[from] item: Life Orb
|move|p1a: Kingdra|Waterfall|p2a: Diggersby
|-supereffective|p2a: Diggersby
|-damage|p2a: Diggersby|0 fnt
|-damage|p1a: Kingdra|140\/291|[from] item: Life Orb
|faint|p2a: Diggersby
|
|-weather|RainDance|[upkeep]
|
|switch|p2a: Klefki|Klefki, F|318\/318
|-damage|p2a: Klefki|299\/318|[from] Stealth Rock
|turn|5
|
|move|p2a: Klefki|Reflect|p2a: Klefki
|-sidestart|p2: sand1234|Reflect
|move|p1a: Kingdra|Hydro Pump|p2a: Klefki|[miss]
|-miss|p1a: Kingdra|p2a: Klefki
|
|-weather|RainDance|[upkeep]
|turn|6
|
|move|p2a: Klefki|Light Screen|p2a: Klefki
|-sidestart|p2: sand1234|move: Light Screen
|move|p1a: Kingdra|Hydro Pump|p2a: Klefki
|-damage|p2a: Klefki|103\/318
|-damage|p1a: Kingdra|111\/291|[from] item: Life Orb
|
|-weather|RainDance|[upkeep]
|turn|7
|
|switch|p2a: Azumarill|Azumarill, M|351\/351
|-damage|p2a: Azumarill|308\/351|[from] Stealth Rock
|move|p1a: Kingdra|Waterfall|p2a: Azumarill
|-resisted|p2a: Azumarill
|-damage|p2a: Azumarill|255\/351
|-damage|p1a: Kingdra|82\/291|[from] item: Life Orb
|
|-weather|RainDance|[upkeep]
|turn|8
|
|move|p1a: Kingdra|Hydro Pump|p2a: Azumarill
|-resisted|p2a: Azumarill
|-damage|p2a: Azumarill|151\/351
|-damage|p1a: Kingdra|53\/291|[from] item: Life Orb
|-enditem|p2a: Azumarill|Sitrus Berry|[eat]
|-heal|p2a: Azumarill|238\/351|[from] item: Sitrus Berry
|move|p2a: Azumarill|Knock Off|p1a: Kingdra
|-damage|p1a: Kingdra|0 fnt
|-enditem|p1a: Kingdra|Life Orb|[from] move: Knock Off|[of] p2a: Azumarill
|faint|p1a: Kingdra
|
|-weather|RainDance|[upkeep]
|
|switch|p1a: Metagross|Metagross|301\/301
|turn|9
|
|detailschange|p1a: Metagross|Metagross-Mega
|-mega|p1a: Metagross|Metagross|Metagrossite
|move|p1a: Metagross|Zen Headbutt|p2a: Azumarill
|-damage|p2a: Azumarill|121\/351
|move|p2a: Azumarill|Knock Off|p1a: Metagross
|-supereffective|p1a: Metagross
|-damage|p1a: Metagross|185\/301
|
|-weather|RainDance|[upkeep]
|turn|10
|
|move|p2a: Azumarill|Aqua Jet|p1a: Metagross
|-damage|p1a: Metagross|101\/301
|move|p1a: Metagross|Thunder Punch|p2a: Azumarill
|-supereffective|p2a: Azumarill
|-damage|p2a: Azumarill|0 fnt
|faint|p2a: Azumarill
|
|-weather|none
|
|switch|p2a: Bisharp|Bisharp, F|272\/272
|-damage|p2a: Bisharp|255\/272|[from] Stealth Rock
|turn|11
|
|switch|p1a: Latias|Latias, F|319\/319
|move|p2a: Bisharp|Sucker Punch|p1a: Latias
|-fail|p1a: Latias
|
|turn|12
|
|move|p1a: Latias|Healing Wish|p1a: Latias
|faint|p1a: Latias
|move|p2a: Bisharp|Knock Off|p1: Latias|[notarget]
|-notarget
|
|-sideend|p2: sand1234|Reflect
|
|switch|p1a: Metagross|Metagross-Mega|101\/301
|-heal|p1a: Metagross|301\/301|[from] move: Healing Wish
|turn|13
|
|switch|p1a: Kabutops|Kabutops, M|261\/261
|move|p2a: Bisharp|Knock Off|p1a: Kabutops
|-damage|p1a: Kabutops|58\/261
|-enditem|p1a: Kabutops|Life Orb|[from] move: Knock Off|[of] p2a: Bisharp
|-damage|p2a: Bisharp|228\/272|[from] item: Life Orb
|
|-sideend|p2: sand1234|move: Light Screen
|turn|14
|
|move|p1a: Kabutops|Aqua Jet|p2a: Bisharp
|-damage|p2a: Bisharp|159\/272
|move|p2a: Bisharp|Knock Off|p1a: Kabutops
|-damage|p1a: Kabutops|0 fnt
|-damage|p2a: Bisharp|132\/272|[from] item: Life Orb
|faint|p1a: Kabutops
|
|
|switch|p1a: Metagross|Metagross-Mega|301\/301
|turn|15
|
|move|p2a: Bisharp|Sucker Punch|p1a: Metagross
|-supereffective|p1a: Metagross
|-damage|p1a: Metagross|49\/301
|-damage|p2a: Bisharp|105\/272|[from] item: Life Orb
|move|p1a: Metagross|Thunder Punch|p2a: Bisharp
|-damage|p2a: Bisharp|0 fnt
|faint|p2a: Bisharp
|
|
|switch|p2a: Talonflame|Talonflame, F|297\/297
|-damage|p2a: Talonflame|149\/297|[from] Stealth Rock
|turn|16
|c|★sand1234|gg
|
|move|p2a: Talonflame|Flare Blitz|p1a: Metagross
|-supereffective|p1a: Metagross
|-damage|p1a: Metagross|0 fnt
|-damage|p2a: Talonflame|133\/297|[from] recoil|[of] p1a: Metagross
|faint|p1a: Metagross
|
|win|sand1234
|raw|Ladder updating...
|raw|I ABR I's rating: 1689 &rarr; <strong>1659<\/strong><br \/>(-30 for losing)
|raw|sand1234's rating: 1483 &rarr; <strong>1514<\/strong><br \/>(+31 for winning)
|leave|I ABR I
|player|p1