|join|PaulinhoDez
|join|I ABR I
|player|p1|PaulinhoDez|161
|player|p2|I ABR I|291
|gametype|singles
|gen|6
|tier|OU
|rated
|clearpoke
|poke|p1|Tyranitar, F
|poke|p1|Chansey, F
|poke|p1|Slowbro, F
|poke|p1|Zapdos
|poke|p1|Amoonguss, F
|poke|p1|Clefable, F
|poke|p2|Breloom, M
|poke|p2|Bisharp, M
|poke|p2|Diggersby, M, shiny
|poke|p2|Latias, F
|poke|p2|Pinsir, M
|poke|p2|Talonflame, M
|rule|Swagger Clause: Swagger is banned
|rule|Baton Pass Clause: Limit one Pokémon knowing Baton Pass
|rule|Sleep Clause Mod: Limit one foe put to sleep
|rule|Species Clause: Limit one of each Pokémon
|rule|OHKO Clause: OHKO moves are banned
|rule|Moody Clause: Moody is banned
|rule|Evasion Moves Clause: Evasion moves are banned
|rule|Endless Battle Clause: Forcing endless battles is banned
|rule|HP Percentage Mod: HP is shown in percentages
|teampreview
|join|Dyanna
|
|start
|switch|p1a: Slowbro|Slowbro, F|394\/394
|switch|p2a: Talonflame|Talonflame, M|317\/317
|turn|1
|
|move|p2a: Talonflame|Will-O-Wisp|p1a: Slowbro
|-status|p1a: Slowbro|brn
|move|p1a: Slowbro|Scald|p2a: Talonflame
|-supereffective|p2a: Talonflame
|-damage|p2a: Talonflame|81\/317
|
|-damage|p1a: Slowbro|345\/394 brn|[from] brn
|turn|2
|
|move|p2a: Talonflame|Roost|p2a: Talonflame
|-heal|p2a: Talonflame|240\/317
|move|p1a: Slowbro|Scald|p2a: Talonflame
|-supereffective|p2a: Talonflame
|-damage|p2a: Talonflame|4\/317
|
|-damage|p1a: Slowbro|296\/394 brn|[from] brn
|turn|3
|
|move|p2a: Talonflame|U-turn|p1a: Slowbro
|-supereffective|p1a: Slowbro
|-damage|p1a: Slowbro|216\/394 brn
|
|switch|p2a: Latias|Latias, F|319\/319
|move|p1a: Slowbro|Scald|p2a: Latias
|-resisted|p2a: Latias
|-damage|p2a: Latias|279\/319
|-status|p2a: Latias|brn
|
|-damage|p2a: Latias|240\/319 brn|[from] brn
|-damage|p1a: Slowbro|167\/394 brn|[from] brn
|turn|4
|
|switch|p2a: Diggersby|Diggersby, M, shiny|311\/311
|switch|p1a: Clefable|Clefable, F|394\/394
|
|turn|5
|
|switch|p1a: Tyranitar|Tyranitar, F|341\/341
|-weather|Sandstorm
|move|p2a: Diggersby|Swords Dance|p2a: Diggersby
|-boost|p2a: Diggersby|atk|2
|
|-weather|Sandstorm|[upkeep]
|turn|6
|
|move|p1a: Tyranitar|Superpower|p2a: Diggersby
|-supereffective|p2a: Diggersby
|-enditem|p2a: Diggersby|Focus Sash
|-damage|p2a: Diggersby|1\/311
|-unboost|p1a: Tyranitar|atk|1
|-unboost|p1a: Tyranitar|def|1
|move|p2a: Diggersby|Earthquake|p1a: Tyranitar
|-supereffective|p1a: Tyranitar
|-damage|p1a: Tyranitar|0 fnt
|faint|p1a: Tyranitar
|
|-weather|Sandstorm|[upkeep]
|
|switch|p1a: Clefable|Clefable, F|394\/394
|turn|7
|
|move|p2a: Diggersby|Return|p1a: Clefable
|-damage|p1a: Clefable|187\/394
|move|p1a: Clefable|Moonblast|p2a: Diggersby
|-damage|p2a: Diggersby|0 fnt
|faint|p2a: Diggersby
|
|-weather|Sandstorm|[upkeep]
|-damage|p1a: Clefable|163\/394|[from] sandstorm
|-heal|p1a: Clefable|187\/394|[from] item: Leftovers
|join|Ox the Box
|
|switch|p2a: Bisharp|Bisharp, M|271\/271
|turn|8
|
|switch|p1a: Zapdos|Zapdos|384\/384
|-ability|p1a: Zapdos|Pressure
|move|p2a: Bisharp|Stealth Rock|p1a: Zapdos
|-sidestart|p1: PaulinhoDez|move: Stealth Rock
|
|-weather|Sandstorm|[upkeep]
|-damage|p1a: Zapdos|360\/384|[from] sandstorm
|-heal|p1a: Zapdos|384\/384|[from] item: Leftovers
|turn|9
|
|move|p2a: Bisharp|Knock Off|p1a: Zapdos
|-damage|p1a: Zapdos|242\/384
|-enditem|p1a: Zapdos|Leftovers|[from] move: Knock Off|[of] p2a: Bisharp
|move|p1a: Zapdos|Heat Wave|p2a: Bisharp
|-supereffective|p2a: Bisharp
|-damage|p2a: Bisharp|21\/271
|
|-weather|none
|turn|10
|
|switch|p2a: Talonflame|Talonflame, M|4\/317
|move|p1a: Zapdos|Roost|p1a: Zapdos
|-heal|p1a: Zapdos|384\/384
|
|turn|11
|
|move|p2a: Talonflame|Will-O-Wisp|p1a: Zapdos
|-status|p1a: Zapdos|brn
|move|p1a: Zapdos|Volt Switch|p2a: Talonflame
|-supereffective|p2a: Talonflame
|-damage|p2a: Talonflame|0 fnt
|faint|p2a: Talonflame
|
|switch|p1a: Clefable|Clefable, F|187\/394
|-damage|p1a: Clefable|138\/394|[from] Stealth Rock
|
|-heal|p1a: Clefable|162\/394|[from] item: Leftovers
|
|switch|p2a: Pinsir|Pinsir, M|271\/271
|turn|12
|
|detailschange|p2a: Pinsir|Pinsir-Mega, M
|-mega|p2a: Pinsir|Pinsir|Pinsirite
|move|p2a: Pinsir|Return|p1a: Clefable
|-damage|p1a: Clefable|0 fnt
|faint|p1a: Clefable
|
|
|switch|p1a: Zapdos|Zapdos|384\/384 brn
|-damage|p1a: Zapdos|288\/384 brn|[from] Stealth Rock
|-ability|p1a: Zapdos|Pressure
|turn|13
|
|switch|p2a: Bisharp|Bisharp, M|21\/271
|move|p1a: Zapdos|Volt Switch|p2a: Bisharp
|-damage|p2a: Bisharp|0 fnt
|faint|p2a: Bisharp
|
|switch|p1a: Chansey|Chansey, F|642\/642
|-damage|p1a: Chansey|562\/642|[from] Stealth Rock
|
|join|Dragonite VII
|
|switch|p2a: Pinsir|Pinsir-Mega, M|271\/271
|turn|14
|
|move|p2a: Pinsir|Swords Dance|p2a: Pinsir
|-boost|p2a: Pinsir|atk|2
|move|p1a: Chansey|Thunder Wave|p2a: Pinsir
|-status|p2a: Pinsir|par
|
|turn|15
|c|★I ABR I|ah this aids
|c|★I ABR I|why couldnt u b toxic
|c| Dragonite VII|why would u have t wave chansey on this type of team?
|
|move|p1a: Chansey|Stealth Rock|p2a: Pinsir
|-sidestart|p2: I ABR I|move: Stealth Rock
|move|p2a: Pinsir|Return|p1a: Chansey
|-damage|p1a: Chansey|0 fnt
|faint|p1a: Chansey
|
|c|★I ABR I|some people
|c|★I ABR I|enjoy aids
|c|★I ABR I|more than others
|
|switch|p1a: Zapdos|Zapdos|288\/384 brn
|-damage|p1a: Zapdos|192\/384 brn|[from] Stealth Rock
|-ability|p1a: Zapdos|Pressure
|turn|16
|c| Dragonite VII|yeah but its so inefficient for his team
|c| Dragonite VII|what does he need to outspeed
|c|★I ABR I|idk man
|c|★I ABR I|just to be aids
|c|★I ABR I|i assumed toxic
|
|switch|p2a: Breloom|Breloom, M|261\/261
|-damage|p2a: Breloom|245\/261|[from] Stealth Rock
|move|p1a: Zapdos|Roost|p1a: Zapdos
|-heal|p1a: Zapdos|384\/384 brn
|
|-damage|p1a: Zapdos|336\/384 brn|[from] brn
|turn|17
|c|★I ABR I|cuz thats ok on his team
|
|switch|p1a: Amoonguss|Amoonguss, F|432\/432
|-damage|p1a: Amoonguss|378\/432|[from] Stealth Rock
|move|p2a: Breloom|Rock Tomb|p1a: Amoonguss
|-damage|p1a: Amoonguss|287\/432
|-unboost|p1a: Amoonguss|spe|1
|
|-heal|p1a: Amoonguss|314\/432|[from] item: Black Sludge
|turn|18
|
|move|p2a: Breloom|Rock Tomb|p1a: Amoonguss
|-crit|p1a: Amoonguss
|-damage|p1a: Amoonguss|159\/432
|-unboost|p1a: Amoonguss|spe|1
|move|p1a: Amoonguss|Foul Play|p2a: Breloom
|-resisted|p2a: Breloom
|-damage|p2a: Breloom|181\/261
|
|-heal|p1a: Amoonguss|186\/432|[from] item: Black Sludge
|turn|19
|c| Dragonite VII|yea
|
|move|p2a: Breloom|Rock Tomb|p1a: Amoonguss
|-damage|p1a: Amoonguss|97\/432
|-unboost|p1a: Amoonguss|spe|1
|move|p1a: Amoonguss|Foul Play|p2a: Breloom
|-resisted|p2a: Breloom
|-damage|p2a: Breloom|113\/261
|
|-heal|p1a: Amoonguss|124\/432|[from] item: Black Sludge
|turn|20
|c|★I ABR I|this guy
|c|★I ABR I|the aids sets
|c|★I ABR I|r killin meh
|
|switch|p1a: Slowbro|Slowbro, F|298\/394 brn
|-damage|p1a: Slowbro|249\/394 brn|[from] Stealth Rock
|move|p2a: Breloom|Rock Tomb|p1a: Slowbro
|-damage|p1a: Slowbro|178\/394 brn
|-unboost|p1a: Slowbro|spe|1
|
|-damage|p1a: Slowbro|129\/394 brn|[from] brn
|turn|21
|c|★I ABR I|i love how talon burns shit
|
|switch|p1a: Amoonguss|Amoonguss, F|268\/432
|-damage|p1a: Amoonguss|214\/432|[from] Stealth Rock
|move|p2a: Breloom|Bullet Seed|p1a: Amoonguss
|-resisted|p1a: Amoonguss
|-damage|p1a: Amoonguss|201\/432
|-resisted|p1a: Amoonguss
|-damage|p1a: Amoonguss|187\/432
|-resisted|p1a: Amoonguss
|-damage|p1a: Amoonguss|172\/432
|-resisted|p1a: Amoonguss
|-damage|p1a: Amoonguss|156\/432
|-resisted|p1a: Amoonguss
|-damage|p1a: Amoonguss|142\/432
|-hitcount|p1a: Amoonguss|5
|
|-heal|p1a: Amoonguss|169\/432|[from] item: Black Sludge
|turn|22
|c|★I ABR I|i guess he doesnt have clear smog?
|
|move|p2a: Breloom|Rock Tomb|p1a: Amoonguss
|-damage|p1a: Amoonguss|71\/432
|-unboost|p1a: Amoonguss|spe|1
|move|p1a: Amoonguss|Foul Play|p2a: Breloom
|-resisted|p2a: Breloom
|-damage|p2a: Breloom|49\/261
|
|-heal|p1a: Amoonguss|98\/432|[from] item: Black Sludge
|turn|23
|
|switch|p1a: Slowbro|Slowbro, F|260\/394 brn
|-damage|p1a: Slowbro|211\/394 brn|[from] Stealth Rock
|move|p2a: Breloom|Rock Tomb|p1a: Slowbro
|-damage|p1a: Slowbro|136\/394 brn
|-unboost|p1a: Slowbro|spe|1
|
|-damage|p1a: Slowbro|87\/394 brn|[from] brn
|turn|24
|
|switch|p2a: Latias|Latias, F|240\/319 brn
|-damage|p2a: Latias|201\/319 brn|[from] Stealth Rock
|move|p1a: Slowbro|Psyshock|p2a: Latias
|-resisted|p2a: Latias
|-damage|p2a: Latias|150\/319 brn
|
|-damage|p2a: Latias|111\/319 brn|[from] brn
|-damage|p1a: Slowbro|38\/394 brn|[from] brn
|turn|25
|c|★I ABR I|pro tip
|c|★I ABR I|dont be aids
|c|★I ABR I|watch him b ice beam
|c|★I ABR I|on this kind of team
|
|move|p2a: Latias|Defog|p1a: Slowbro
|-unboost|p1a: Slowbro|evasion|1
|-sideend|p1: PaulinhoDez|Stealth Rock|[from] move: Defog|[of] p1a: Slowbro
|-sideend|p2: I ABR I|Stealth Rock|[from] move: Defog|[of] p2a: Latias
|move|p1a: Slowbro|Scald|p2a: Latias
|-resisted|p2a: Latias
|-damage|p2a: Latias|76\/319 brn
|
|-damage|p2a: Latias|37\/319 brn|[from] brn
|-damage|p1a: Slowbro|0 fnt|[from] brn
|faint|p1a: Slowbro
|c|★I ABR I|ok good
|
|switch|p1a: Amoonguss|Amoonguss, F|242\/432
|turn|26
|
|switch|p2a: Pinsir|Pinsir-Mega, M|271\/271 par
|move|p1a: Amoonguss|Foul Play|p2a: Pinsir
|-damage|p2a: Pinsir|164\/271 par
|
|-heal|p1a: Amoonguss|269\/432|[from] item: Black Sludge
|turn|27
|
|switch|p1a: Zapdos|Zapdos|336\/384 brn
|-ability|p1a: Zapdos|Pressure
|move|p2a: Pinsir|Return|p1a: Zapdos
|-resisted|p1a: Zapdos
|-damage|p1a: Zapdos|219\/384 brn
|
|-damage|p1a: Zapdos|171\/384 brn|[from] brn
|turn|28
|join|The TurtleLord
|
|move|p1a: Zapdos|Heat Wave|p2a: Pinsir
|-supereffective|p2a: Pinsir
|-damage|p2a: Pinsir|0 fnt
|faint|p2a: Pinsir
|
|-damage|p1a: Zapdos|123\/384 brn|[from] brn
|
|switch|p2a: Latias|Latias, F|37\/319 brn
|turn|29
|
|move|p2a: Latias|Healing Wish|p2a: Latias
|faint|p2a: Latias
|move|p1a: Zapdos|Roost|p1a: Zapdos
|-heal|p1a: Zapdos|315\/384 brn
|
|-damage|p1a: Zapdos|267\/384 brn|[from] brn
|join|FlamingVictini PB
|
|switch|p2a: Breloom|Breloom, M|49\/261
|-heal|p2a: Breloom|261\/261|[from] move: Healing Wish
|turn|30
|leave|FlamingVictini PB
|join|Risky Chance
|join|Yuttt.ttttt
|
|move|p2a: Breloom|Rock Tomb|p1a: Zapdos
|-crit|p1a: Zapdos
|-supereffective|p1a: Zapdos
|-damage|p1a: Zapdos|0 fnt
|faint|p1a: Zapdos
|
|c|★PaulinhoDez|kkkkkkkkkkkkkkkkkk
|c| Yuttt.ttttt|training
|c| Yuttt.ttttt|pays off
|c|★I ABR I|thats what u get
|
|switch|p1a: Amoonguss|Amoonguss, F|413\/432
|turn|31
|c|★I ABR I|ur running twave chansey
|c| The TurtleLord|well trained mushroom
|c|★I ABR I|on stall
|c|★I ABR I|who the fuck does that
|
|move|p2a: Breloom|Rock Tomb|p1a: Amoonguss
|-damage|p1a: Amoonguss|319\/432
|-unboost|p1a: Amoonguss|spe|1
|move|p1a: Amoonguss|Clear Smog|p2a: Breloom
|-supereffective|p2a: Breloom
|-damage|p2a: Breloom|105\/261
|-clearboost|p2a: Breloom
|
|-heal|p1a: Amoonguss|346\/432|[from] item: Black Sludge
|turn|32
|c| The TurtleLord|war of teh shrooms
|c|★I ABR I|now u use smog
|c|★PaulinhoDez|chupa
|c|★I ABR I|god ur a pile of aids
|-message|I ABR I forfeited.
|leave|I ABR I
|
|win|PaulinhoDez
|raw|Ladder updating...
|player|p2
|raw|PaulinhoDez's rating: 1675 &rarr; <strong>1691<\/strong><br \/>(+16 for winning)
|raw|I ABR I's rating: 1621 &rarr; <strong>1604<\/strong><br \/>(-17 for losing)
|c|★PaulinhoDez|kkkkkkkkkkkkk
|leave|Yuttt.ttttt
|c|★PaulinhoDez|chupá filha da pura
|c| Dyanna|cacete
|c|★PaulinhoDez|caralhooooo
|c| Dyanna|kkkkkkkkkkkkkk
|c| Dyanna|1691
|leave|Dragonite VII
|leave|Ox the Box
|leave|The TurtleLord