|join|Meruu
|join|ira deorum
|player|p1|Meruu|174
|player|p2|ira deorum|101
|gametype|singles
|gen|6
|tier|UU
|rated
|rule|Sleep Clause Mod: Limit one foe put to sleep
|rule|Species Clause: Limit one of each Pokémon
|rule|OHKO Clause: OHKO moves are banned
|rule|Moody Clause: Moody is banned
|rule|Evasion Moves Clause: Evasion moves are banned
|rule|Endless Battle Clause: Forcing endless battles is banned
|rule|HP Percentage Mod: HP is reported as percentages
|clearpoke
|poke|p1|Aromatisse, M
|poke|p1|Hydreigon, M
|poke|p1|Mew
|poke|p1|Chandelure, M
|poke|p1|Virizion
|poke|p1|Swampert, F
|poke|p2|Blastoise, M
|poke|p2|Victini, shiny
|poke|p2|Lucario, M
|poke|p2|Goodra, M
|poke|p2|Mew
|poke|p2|Chandelure, M
|rule|Swagger Clause: Swagger is banned
|rule|Baton Pass Clause: Limit one Pokémon knowing Baton Pass
|teampreview
|
|start
|switch|p1a: Hydreigon|Hydreigon, M|325\/325
|switch|p2a: Victini|Victini, shiny|341\/341
|turn|1
|
|move|p1a: Hydreigon|Dark Pulse|p2a: Victini
|-supereffective|p2a: Victini
|-damage|p2a: Victini|41\/341
|move|p2a: Victini|U-turn|p1a: Hydreigon
|-supereffective|p1a: Hydreigon
|-damage|p1a: Hydreigon|95\/325
|
|switch|p2a: Goodra|Goodra, M|383\/383
|
|turn|2
|
|switch|p1a: Mew|Mew|404\/404
|move|p2a: Goodra|Dragon Tail|p1a: Mew
|-damage|p1a: Mew|337\/404
|drag|p1a: Swampert|Swampert, F|404\/404
|
|turn|3
|
|switch|p2a: Mew|Mew|404\/404
|move|p1a: Swampert|Stealth Rock|p2a: Mew
|-sidestart|p2: ira deorum|move: Stealth Rock
|
|turn|4
|
|switch|p1a: Aromatisse|Aromatisse, M|406\/406
|move|p2a: Mew|Stealth Rock|p1a: Aromatisse
|-sidestart|p1: Meruu|move: Stealth Rock
|
|turn|5
|
|move|p2a: Mew|Will-O-Wisp|p1a: Aromatisse
|-status|p1a: Aromatisse|brn
|move|p1a: Aromatisse|Wish|p1a: Aromatisse
|
|-damage|p1a: Aromatisse|356\/406 brn|[from] brn
|turn|6
|
|switch|p1a: Hydreigon|Hydreigon, M|95\/325
|-damage|p1a: Hydreigon|55\/325|[from] Stealth Rock
|move|p2a: Mew|Will-O-Wisp|p1a: Hydreigon
|-status|p1a: Hydreigon|brn
|
|-heal|p1a: Hydreigon|258\/325 brn|[from] move: Wish|[wisher] Aromatisse
|-damage|p1a: Hydreigon|218\/325 brn|[from] brn
|turn|7
|
|switch|p2a: Lucario|Lucario, M|281\/281
|-damage|p2a: Lucario|273\/281|[from] Stealth Rock
|move|p1a: Hydreigon|U-turn|p2a: Lucario
|-resisted|p2a: Lucario
|-damage|p2a: Lucario|265\/281
|
|switch|p1a: Chandelure|Chandelure, M|290\/290
|-damage|p1a: Chandelure|218\/290|[from] Stealth Rock
|
|-heal|p1a: Chandelure|236\/290|[from] item: Leftovers
|turn|8
|
|move|p1a: Chandelure|Shadow Ball|p2a: Lucario
|-damage|p2a: Lucario|66\/281
|move|p2a: Lucario|Crunch|p1a: Chandelure
|-crit|p1a: Chandelure
|-supereffective|p1a: Chandelure
|-damage|p1a: Chandelure|0 fnt
|-damage|p2a: Lucario|38\/281|[from] item: Life Orb
|faint|p1a: Chandelure
|
|
|switch|p1a: Aromatisse|Aromatisse, M|356\/406 brn
|-damage|p1a: Aromatisse|306\/406 brn|[from] Stealth Rock
|turn|9
|
|move|p2a: Lucario|Close Combat|p1a: Aromatisse
|-resisted|p1a: Aromatisse
|-damage|p1a: Aromatisse|185\/406 brn
|-unboost|p2a: Lucario|def|1
|-unboost|p2a: Lucario|spd|1
|-damage|p2a: Lucario|10\/281|[from] item: Life Orb
|move|p1a: Aromatisse|Aromatherapy|p1a: Aromatisse
|-cureteam|p1a: Aromatisse|[from] move: Aromatherapy
|
|-heal|p1a: Aromatisse|210\/406|[from] item: Leftovers
|turn|10
|
|move|p2a: Lucario|Close Combat|p1a: Aromatisse
|-resisted|p1a: Aromatisse
|-damage|p1a: Aromatisse|101\/406
|-unboost|p2a: Lucario|def|1
|-unboost|p2a: Lucario|spd|1
|-damage|p2a: Lucario|0 fnt|[from] item: Life Orb
|faint|p2a: Lucario
|move|p1a: Aromatisse|Wish|p1a: Aromatisse
|
|-heal|p1a: Aromatisse|126\/406|[from] item: Leftovers
|
|switch|p2a: Blastoise|Blastoise, M|358\/358
|-damage|p2a: Blastoise|314\/358|[from] Stealth Rock
|turn|11
|
|detailschange|p2a: Blastoise|Blastoise-Mega, M
|message|Blastoise has Mega Evolved into Mega Blastoise!
|move|p1a: Aromatisse|Protect|p1a: Aromatisse
|-singleturn|p1a: Aromatisse|Protect
|move|p2a: Blastoise|Rapid Spin|p1a: Aromatisse
|-activate|p1a: Aromatisse|Protect
|
|-heal|p1a: Aromatisse|329\/406|[from] move: Wish|[wisher] Aromatisse
|-heal|p1a: Aromatisse|354\/406|[from] item: Leftovers
|turn|12
|
|switch|p1a: Virizion|Virizion|323\/323
|-damage|p1a: Virizion|303\/323|[from] Stealth Rock
|move|p2a: Blastoise|Rapid Spin|p1a: Virizion
|-damage|p1a: Virizion|284\/323
|-sideend|p2: ira deorum|Stealth Rock|[from] move: Rapid Spin|[of] p2a: Blastoise
|
|turn|13
|
|switch|p2a: Mew|Mew|404\/404
|move|p1a: Virizion|Swords Dance|p1a: Virizion
|-boost|p1a: Virizion|atk|2
|
|turn|14
|
|move|p1a: Virizion|Leaf Blade|p2a: Mew
|-damage|p2a: Mew|232\/404
|move|p2a: Mew|Will-O-Wisp|p1a: Virizion
|-status|p1a: Virizion|brn
|-enditem|p1a: Virizion|Lum Berry|[eat]
|-curestatus|p1a: Virizion|brn
|
|-heal|p2a: Mew|257\/404|[from] item: Leftovers
|turn|15
|
|move|p1a: Virizion|Leaf Blade|p2a: Mew
|-damage|p2a: Mew|86\/404
|move|p2a: Mew|Will-O-Wisp|p1a: Virizion
|-status|p1a: Virizion|brn
|
|-heal|p2a: Mew|111\/404|[from] item: Leftovers
|-damage|p1a: Virizion|244\/323 brn|[from] brn
|turn|16
|
|move|p1a: Virizion|Swords Dance|p1a: Virizion
|-boost|p1a: Virizion|atk|2
|move|p2a: Mew|Soft-Boiled|p2a: Mew
|-heal|p2a: Mew|313\/404
|
|-heal|p2a: Mew|338\/404|[from] item: Leftovers
|-damage|p1a: Virizion|204\/323 brn|[from] brn
|turn|17
|
|move|p1a: Virizion|Swords Dance|p1a: Virizion
|-boost|p1a: Virizion|atk|2
|move|p2a: Mew|Psychic|p1a: Virizion
|-supereffective|p1a: Virizion
|-damage|p1a: Virizion|24\/323 brn
|
|-heal|p2a: Mew|363\/404|[from] item: Leftovers
|-damage|p1a: Virizion|0 fnt|[from] brn
|faint|p1a: Virizion
|chat|Meruu|who the fuck runs that garbo
|
|switch|p1a: Hydreigon|Hydreigon, M|218\/325
|-damage|p1a: Hydreigon|178\/325|[from] Stealth Rock
|turn|18
|
|move|p1a: Hydreigon|Dark Pulse|p2a: Mew
|-supereffective|p2a: Mew
|-damage|p2a: Mew|97\/404
|move|p2a: Mew|Will-O-Wisp|p1a: Hydreigon|[miss]
|-miss|p2a: Mew|p1a: Hydreigon
|
|-heal|p2a: Mew|122\/404|[from] item: Leftovers
|turn|19
|
|switch|p2a: Goodra|Goodra, M|383\/383
|move|p1a: Hydreigon|Dark Pulse|p2a: Goodra
|-damage|p2a: Goodra|328\/383
|
|turn|20
|join|Calloflochie
|
|switch|p1a: Aromatisse|Aromatisse, M|354\/406
|-damage|p1a: Aromatisse|304\/406|[from] Stealth Rock
|move|p2a: Goodra|Fire Blast|p1a: Aromatisse
|-damage|p1a: Aromatisse|165\/406
|
|-heal|p1a: Aromatisse|190\/406|[from] item: Leftovers
|turn|21
|
|switch|p2a: Victini|Victini, shiny|41\/341
|move|p1a: Aromatisse|Wish|p1a: Aromatisse
|
|-heal|p1a: Aromatisse|215\/406|[from] item: Leftovers
|turn|22
|
|move|p1a: Aromatisse|Protect|p1a: Aromatisse
|-singleturn|p1a: Aromatisse|Protect
|move|p2a: Victini|V-create|p1a: Aromatisse
|-activate|p1a: Aromatisse|Protect
|
|-heal|p1a: Aromatisse|406\/406|[from] move: Wish|[wisher] Aromatisse
|turn|23
|
|move|p2a: Victini|V-create|p1a: Aromatisse
|-damage|p1a: Aromatisse|70\/406
|-unboost|p2a: Victini|def|1
|-unboost|p2a: Victini|spd|1
|-unboost|p2a: Victini|spe|1
|move|p1a: Aromatisse|Wish|p1a: Aromatisse
|
|-heal|p1a: Aromatisse|95\/406|[from] item: Leftovers
|turn|24
|
|move|p1a: Aromatisse|Protect|p1a: Aromatisse
|-singleturn|p1a: Aromatisse|Protect
|move|p2a: Victini|V-create|p1a: Aromatisse
|-activate|p1a: Aromatisse|Protect
|
|-heal|p1a: Aromatisse|298\/406|[from] move: Wish|[wisher] Aromatisse
|-heal|p1a: Aromatisse|323\/406|[from] item: Leftovers
|turn|25
|
|switch|p1a: Swampert|Swampert, F|404\/404
|-damage|p1a: Swampert|379\/404|[from] Stealth Rock
|move|p2a: Victini|V-create|p1a: Swampert
|-resisted|p1a: Swampert
|-damage|p1a: Swampert|229\/404
|-unboost|p2a: Victini|def|1
|-unboost|p2a: Victini|spd|1
|-unboost|p2a: Victini|spe|1
|
|-heal|p1a: Swampert|254\/404|[from] item: Leftovers
|turn|26
|
|switch|p2a: Mew|Mew|122\/404
|move|p1a: Swampert|Stealth Rock|p2a: Mew
|-sidestart|p2: ira deorum|move: Stealth Rock
|
|-heal|p2a: Mew|147\/404|[from] item: Leftovers
|-heal|p1a: Swampert|279\/404|[from] item: Leftovers
|turn|27
|
|switch|p1a: Mew|Mew|337\/404
|-damage|p1a: Mew|287\/404|[from] Stealth Rock
|move|p2a: Mew|Soft-Boiled|p2a: Mew
|-heal|p2a: Mew|349\/404
|
|-heal|p2a: Mew|374\/404|[from] item: Leftovers
|-heal|p1a: Mew|312\/404|[from] item: Leftovers
|turn|28
|
|switch|p2a: Blastoise|Blastoise-Mega, M|314\/358
|-damage|p2a: Blastoise|270\/358|[from] Stealth Rock
|move|p1a: Mew|Knock Off|p2a: Blastoise
|-damage|p2a: Blastoise|223\/358
|
|-heal|p1a: Mew|337\/404|[from] item: Leftovers
|turn|29
|
|move|p1a: Mew|Will-O-Wisp|p2a: Blastoise
|-status|p2a: Blastoise|brn
|move|p2a: Blastoise|Dark Pulse|p1a: Mew
|-supereffective|p1a: Mew
|-damage|p1a: Mew|97\/404
|
|-heal|p1a: Mew|122\/404|[from] item: Leftovers
|-damage|p2a: Blastoise|179\/358 brn|[from] brn
|turn|30
|
|move|p1a: Mew|Roost|p1a: Mew
|-heal|p1a: Mew|324\/404
|move|p2a: Blastoise|Rapid Spin|p1a: Mew
|-damage|p1a: Mew|317\/404
|-sideend|p2: ira deorum|Stealth Rock|[from] move: Rapid Spin|[of] p2a: Blastoise
|
|-heal|p1a: Mew|342\/404|[from] item: Leftovers
|-damage|p2a: Blastoise|135\/358 brn|[from] brn
|turn|31
|
|switch|p2a: Chandelure|Chandelure, M|261\/261
|move|p1a: Mew|Knock Off|p2a: Chandelure
|-supereffective|p2a: Chandelure
|-damage|p2a: Chandelure|81\/261
|-enditem|p2a: Chandelure|Choice Scarf|[from] move: Knock Off|[of] p1a: Mew
|
|-heal|p1a: Mew|367\/404|[from] item: Leftovers
|turn|32
|
|move|p2a: Chandelure|Shadow Ball|p1a: Mew
|-supereffective|p1a: Mew
|-damage|p1a: Mew|137\/404
|move|p1a: Mew|Knock Off|p2a: Chandelure
|-supereffective|p2a: Chandelure
|-damage|p2a: Chandelure|0 fnt
|faint|p2a: Chandelure
|
|-heal|p1a: Mew|162\/404|[from] item: Leftovers
|
|switch|p2a: Victini|Victini, shiny|41\/341
|turn|33
|
|switch|p1a: Swampert|Swampert, F|279\/404
|-damage|p1a: Swampert|254\/404|[from] Stealth Rock
|move|p2a: Victini|V-create|p1a: Swampert
|-resisted|p1a: Swampert
|-damage|p1a: Swampert|94\/404
|-unboost|p2a: Victini|def|1
|-unboost|p2a: Victini|spd|1
|-unboost|p2a: Victini|spe|1
|
|-heal|p1a: Swampert|119\/404|[from] item: Leftovers
|turn|34
|
|move|p2a: Victini|V-create|p1a: Swampert
|-resisted|p1a: Swampert
|-damage|p1a: Swampert|0 fnt
|-unboost|p2a: Victini|def|1
|-unboost|p2a: Victini|spd|1
|-unboost|p2a: Victini|spe|1
|faint|p1a: Swampert
|
|
|switch|p1a: Hydreigon|Hydreigon, M|178\/325
|-damage|p1a: Hydreigon|138\/325|[from] Stealth Rock
|turn|35
|
|switch|p2a: Blastoise|Blastoise-Mega, M|135\/358 brn
|move|p1a: Hydreigon|U-turn|p2a: Blastoise
|-damage|p2a: Blastoise|90\/358 brn
|
|switch|p1a: Mew|Mew|162\/404
|-damage|p1a: Mew|112\/404|[from] Stealth Rock
|
|-heal|p1a: Mew|137\/404|[from] item: Leftovers
|-damage|p2a: Blastoise|46\/358 brn|[from] brn
|turn|36
|
|move|p1a: Mew|Roost|p1a: Mew
|-heal|p1a: Mew|339\/404
|move|p2a: Blastoise|Dark Pulse|p1a: Mew
|-supereffective|p1a: Mew
|-damage|p1a: Mew|123\/404
|
|-heal|p1a: Mew|148\/404|[from] item: Leftovers
|-damage|p2a: Blastoise|2\/358 brn|[from] brn
|turn|37
|
|switch|p1a: Hydreigon|Hydreigon, M|138\/325
|-damage|p1a: Hydreigon|98\/325|[from] Stealth Rock
|move|p2a: Blastoise|Dark Pulse|p1a: Hydreigon
|-resisted|p1a: Hydreigon
|-damage|p1a: Hydreigon|16\/325
|
|-damage|p2a: Blastoise|0 fnt|[from] brn
|faint|p2a: Blastoise
|
|switch|p2a: Goodra|Goodra, M|328\/383
|turn|38
|
|move|p1a: Hydreigon|U-turn|p2a: Goodra
|-damage|p2a: Goodra|264\/383
|-unboost|p1a: Hydreigon|spe|1
|
|switch|p1a: Aromatisse|Aromatisse, M|323\/406
|-damage|p1a: Aromatisse|273\/406|[from] Stealth Rock
|move|p2a: Goodra|Thunderbolt|p1a: Aromatisse
|-damage|p1a: Aromatisse|174\/406
|
|-heal|p1a: Aromatisse|199\/406|[from] item: Leftovers
|turn|39
|
|move|p2a: Goodra|Draco Meteor|p1a: Aromatisse
|-immune|p1a: Aromatisse|[msg]
|move|p1a: Aromatisse|Wish|p1a: Aromatisse
|
|-heal|p1a: Aromatisse|224\/406|[from] item: Leftovers
|turn|40
|
|move|p2a: Goodra|Fire Blast|p1a: Aromatisse
|-damage|p1a: Aromatisse|98\/406
|move|p1a: Aromatisse|Moonblast|p2a: Goodra
|-supereffective|p2a: Goodra
|-damage|p2a: Goodra|172\/383
|
|-heal|p1a: Aromatisse|301\/406|[from] move: Wish|[wisher] Aromatisse
|-heal|p1a: Aromatisse|326\/406|[from] item: Leftovers
|turn|41
|
|switch|p2a: Mew|Mew|374\/404
|move|p1a: Aromatisse|Wish|p1a: Aromatisse
|
|-heal|p2a: Mew|399\/404|[from] item: Leftovers
|-heal|p1a: Aromatisse|351\/406|[from] item: Leftovers
|turn|42
|
|switch|p1a: Mew|Mew|148\/404
|-damage|p1a: Mew|98\/404|[from] Stealth Rock
|move|p2a: Mew|Psychic|p1a: Mew
|-resisted|p1a: Mew
|-damage|p1a: Mew|58\/404
|
|-heal|p1a: Mew|261\/404|[from] move: Wish|[wisher] Aromatisse
|-heal|p2a: Mew|404\/404|[from] item: Leftovers
|-heal|p1a: Mew|286\/404|[from] item: Leftovers
|turn|43
|
|move|p2a: Mew|Will-O-Wisp|p1a: Mew
|-status|p1a: Mew|brn
|-status|p2a: Mew|brn
|move|p1a: Mew|Defog|p2a: Mew
|-unboost|p2a: Mew|evasion|1
|-sideend|p1: Meruu|Stealth Rock|[from] move: Defog|[of] p1a: Mew
|
|-heal|p1a: Mew|311\/404 brn|[from] item: Leftovers
|-damage|p2a: Mew|354\/404 brn|[from] brn
|-damage|p1a: Mew|261\/404 brn|[from] brn
|turn|44
|
|move|p2a: Mew|Stealth Rock|p1a: Mew
|-sidestart|p1: Meruu|move: Stealth Rock
|move|p1a: Mew|Knock Off|p2a: Mew
|-supereffective|p2a: Mew
|-damage|p2a: Mew|296\/404 brn
|-enditem|p2a: Mew|Leftovers|[from] move: Knock Off|[of] p1a: Mew
|
|-heal|p1a: Mew|286\/404 brn|[from] item: Leftovers
|-damage|p2a: Mew|246\/404 brn|[from] brn
|-damage|p1a: Mew|236\/404 brn|[from] brn
|turn|45
|
|move|p2a: Mew|Stealth Rock|p1a: Mew
|-fail|p1a: Mew
|move|p1a: Mew|Knock Off|p2a: Mew
|-supereffective|p2a: Mew
|-damage|p2a: Mew|204\/404 brn
|
|-heal|p1a: Mew|261\/404 brn|[from] item: Leftovers
|-damage|p2a: Mew|154\/404 brn|[from] brn
|-damage|p1a: Mew|211\/404 brn|[from] brn
|turn|46
|
|move|p2a: Mew|Soft-Boiled|p2a: Mew
|-heal|p2a: Mew|356\/404 brn
|move|p1a: Mew|Defog|p2a: Mew
|-unboost|p2a: Mew|evasion|1
|-sideend|p1: Meruu|Stealth Rock|[from] move: Defog|[of] p1a: Mew
|
|-heal|p1a: Mew|236\/404 brn|[from] item: Leftovers
|-damage|p2a: Mew|306\/404 brn|[from] brn
|-damage|p1a: Mew|186\/404 brn|[from] brn
|turn|47
|
|move|p2a: Mew|Stealth Rock|p1a: Mew
|-sidestart|p1: Meruu|move: Stealth Rock
|move|p1a: Mew|Roost|p1a: Mew
|-heal|p1a: Mew|388\/404 brn
|
|-heal|p1a: Mew|404\/404 brn|[from] item: Leftovers
|-damage|p2a: Mew|256\/404 brn|[from] brn
|-damage|p1a: Mew|354\/404 brn|[from] brn
|turn|48
|
|move|p2a: Mew|Soft-Boiled|p2a: Mew
|-heal|p2a: Mew|404\/404 brn
|move|p1a: Mew|Defog|p2a: Mew
|-unboost|p2a: Mew|evasion|1
|-sideend|p1: Meruu|Stealth Rock|[from] move: Defog|[of] p1a: Mew
|
|-heal|p1a: Mew|379\/404 brn|[from] item: Leftovers
|-damage|p2a: Mew|354\/404 brn|[from] brn
|-damage|p1a: Mew|329\/404 brn|[from] brn
|turn|49
|
|move|p2a: Mew|Will-O-Wisp|p1a: Mew
|-fail|p1a: Mew|brn
|move|p1a: Mew|Knock Off|p2a: Mew
|-supereffective|p2a: Mew
|-damage|p2a: Mew|316\/404 brn
|
|-heal|p1a: Mew|354\/404 brn|[from] item: Leftovers
|-damage|p2a: Mew|266\/404 brn|[from] brn
|-damage|p1a: Mew|304\/404 brn|[from] brn
|turn|50
|join|mriek
|leave|mriek
|
|switch|p1a: Aromatisse|Aromatisse, M|351\/406
|move|p2a: Mew|Stealth Rock|p1a: Aromatisse
|-sidestart|p1: Meruu|move: Stealth Rock
|
|-heal|p1a: Aromatisse|376\/406|[from] item: Leftovers
|-damage|p2a: Mew|216\/404 brn|[from] brn
|turn|51
|
|move|p2a: Mew|Soft-Boiled|p2a: Mew
|-heal|p2a: Mew|404\/404 brn
|move|p1a: Aromatisse|Aromatherapy|p1a: Aromatisse
|-cureteam|p1a: Aromatisse|[from] move: Aromatherapy
|
|-heal|p1a: Aromatisse|401\/406|[from] item: Leftovers
|-damage|p2a: Mew|354\/404 brn|[from] brn
|turn|52
|
|move|p1a: Aromatisse|Protect|p1a: Aromatisse
|-singleturn|p1a: Aromatisse|Protect
|move|p2a: Mew|Will-O-Wisp|p1a: Aromatisse
|-activate|p1a: Aromatisse|Protect
|
|-heal|p1a: Aromatisse|406\/406|[from] item: Leftovers
|-damage|p2a: Mew|304\/404 brn|[from] brn
|turn|53
|
|move|p2a: Mew|Will-O-Wisp|p1a: Aromatisse
|-status|p1a: Aromatisse|brn
|move|p1a: Aromatisse|Moonblast|p2a: Mew
|-damage|p2a: Mew|196\/404 brn
|
|-damage|p2a: Mew|146\/404 brn|[from] brn
|-damage|p1a: Aromatisse|356\/406 brn|[from] brn
|turn|54
|-message|ira deorum forfeited.
|
|win|Meruu
|raw|Ladder updating...
|leave|ira deorum
|player|p2
|raw|Meruu's rating: 1603 &rarr; <strong>1612<\/strong><br \/>(+9 for winning)
|raw|ira deorum's rating: 1379 &rarr; <strong>1371<\/strong><br \/>(-8 for losing)
|leave|Meruu
|player|p1