|join|Beltra
|join|I've joined
|player|p1|Beltra|92
|player|p2|I've joined|8
|gametype|singles
|gen|6
|tier|UU
|rated
|rule|Sleep Clause Mod: Limit one foe put to sleep
|rule|Species Clause: Limit one of each Pokémon
|rule|OHKO Clause: OHKO moves are banned
|rule|Moody Clause: Moody is banned
|rule|Evasion Moves Clause: Evasion moves are banned
|rule|Endless Battle Clause: Forcing endless battles is banned
|rule|HP Percentage Mod: HP is shown in percentages
|clearpoke
|poke|p1|Porygon-Z
|poke|p1|Ampharos, F
|poke|p1|Arcanine, M
|poke|p1|Donphan, M
|poke|p1|Honchkrow, M
|poke|p1|Trevenant, M
|poke|p2|Sharpedo, M
|poke|p2|Florges, F
|poke|p2|Raikou
|poke|p2|Darmanitan, F
|poke|p2|Vaporeon, M
|poke|p2|Donphan, F
|rule|Swagger Clause: Swagger is banned
|rule|Baton Pass Clause: Limit one Pokémon knowing Baton Pass
|teampreview
|
|start
|switch|p1a: Arcanine|Arcanine, M|384\/384
|switch|p2a: Donphan|Donphan, F|384\/384
|-ability|p1a: Arcanine|Intimidate|[of] p2a: Donphan
|-unboost|p2a: Donphan|atk|1
|turn|1
|
|switch|p1a: Donphan|Donphan, M|384\/384
|switch|p2a: Darmanitan|Darmanitan, F|351\/351
|
|turn|2
|
|move|p2a: Darmanitan|U-turn|p1a: Donphan
|-damage|p1a: Donphan|332\/384
|
|switch|p2a: Vaporeon|Vaporeon, M|464\/464
|move|p1a: Donphan|Stealth Rock|p2a: Vaporeon
|-sidestart|p2: I've joined|move: Stealth Rock
|
|-heal|p1a: Donphan|356\/384|[from] item: Leftovers
|turn|3
|
|switch|p1a: Trevenant|Trevenant, M|374\/374
|move|p2a: Vaporeon|Scald|p1a: Trevenant
|-resisted|p1a: Trevenant
|-damage|p1a: Trevenant|335\/374
|-status|p1a: Trevenant|brn
|
|-damage|p1a: Trevenant|289\/374 brn|[from] brn
|turn|4
|
|switch|p2a: Florges|Florges, F|360\/360
|-damage|p2a: Florges|315\/360|[from] Stealth Rock
|move|p1a: Trevenant|Leech Seed|p2a: Florges
|-start|p2a: Florges|move: Leech Seed
|
|-heal|p2a: Florges|337\/360|[from] item: Leftovers
|-damage|p2a: Florges|292\/360|[from] Leech Seed|[of] p1a: Trevenant
|-heal|p1a: Trevenant|334\/374 brn|[silent]
|-damage|p1a: Trevenant|288\/374 brn|[from] brn
|turn|5
|
|switch|p2a: Donphan|Donphan, F|384\/384
|-damage|p2a: Donphan|360\/384|[from] Stealth Rock
|switch|p1a: Arcanine|Arcanine, M|384\/384
|-ability|p1a: Arcanine|Intimidate|[of] p2a: Donphan
|-unboost|p2a: Donphan|atk|1
|
|-heal|p2a: Donphan|384\/384|[from] item: Leftovers
|turn|6
|
|move|p1a: Arcanine|Will-O-Wisp|p2a: Donphan
|-status|p2a: Donphan|brn
|move|p2a: Donphan|Stealth Rock|p1a: Arcanine
|-sidestart|p1: Beltra|move: Stealth Rock
|
|-damage|p2a: Donphan|336\/384 brn|[from] brn
|turn|7
|
|switch|p1a: Donphan|Donphan, M|356\/384
|-damage|p1a: Donphan|332\/384|[from] Stealth Rock
|switch|p2a: Sharpedo|Sharpedo, M|282\/282
|-damage|p2a: Sharpedo|247\/282|[from] Stealth Rock
|
|-heal|p1a: Donphan|356\/384|[from] item: Leftovers
|turn|8
|
|switch|p2a: Vaporeon|Vaporeon, M|464\/464
|-damage|p2a: Vaporeon|406\/464|[from] Stealth Rock
|switch|p1a: Trevenant|Trevenant, M|288\/374 brn
|-damage|p1a: Trevenant|242\/374 brn|[from] Stealth Rock
|
|-heal|p2a: Vaporeon|435\/464|[from] item: Leftovers
|-damage|p1a: Trevenant|196\/374 brn|[from] brn
|turn|9
|
|switch|p2a: Florges|Florges, F|292\/360
|-damage|p2a: Florges|247\/360|[from] Stealth Rock
|move|p1a: Trevenant|Leech Seed|p2a: Florges
|-start|p2a: Florges|move: Leech Seed
|
|-heal|p2a: Florges|269\/360|[from] item: Leftovers
|-damage|p2a: Florges|224\/360|[from] Leech Seed|[of] p1a: Trevenant
|-heal|p1a: Trevenant|241\/374 brn|[silent]
|-damage|p1a: Trevenant|195\/374 brn|[from] brn
|turn|10
|
|switch|p1a: Donphan|Donphan, M|356\/384
|-damage|p1a: Donphan|332\/384|[from] Stealth Rock
|move|p2a: Florges|Moonblast|p1a: Donphan
|-damage|p1a: Donphan|131\/384
|-unboost|p1a: Donphan|spa|1
|
|-heal|p2a: Florges|246\/360|[from] item: Leftovers
|-heal|p1a: Donphan|155\/384|[from] item: Leftovers
|-damage|p2a: Florges|201\/360|[from] Leech Seed|[of] p1a: Donphan
|-heal|p1a: Donphan|200\/384|[silent]
|turn|11
|
|switch|p1a: Arcanine|Arcanine, M|384\/384
|-damage|p1a: Arcanine|288\/384|[from] Stealth Rock
|-ability|p1a: Arcanine|Intimidate|[of] p2a: Florges
|-unboost|p2a: Florges|atk|1
|move|p2a: Florges|Moonblast|p1a: Arcanine
|-resisted|p1a: Arcanine
|-damage|p1a: Arcanine|228\/384
|
|-heal|p1a: Arcanine|252\/384|[from] item: Leftovers
|-heal|p2a: Florges|223\/360|[from] item: Leftovers
|-damage|p2a: Florges|178\/360|[from] Leech Seed|[of] p1a: Arcanine
|-heal|p1a: Arcanine|297\/384|[silent]
|turn|12
|
|switch|p2a: Vaporeon|Vaporeon, M|435\/464
|-damage|p2a: Vaporeon|377\/464|[from] Stealth Rock
|move|p1a: Arcanine|Flare Blitz|p2a: Vaporeon
|-resisted|p2a: Vaporeon
|-damage|p2a: Vaporeon|305\/464
|-damage|p1a: Arcanine|273\/384|[from] recoil|[of] p2a: Vaporeon
|
|-heal|p1a: Arcanine|297\/384|[from] item: Leftovers
|-heal|p2a: Vaporeon|334\/464|[from] item: Leftovers
|turn|13
|
|switch|p1a: Trevenant|Trevenant, M|195\/374 brn
|-damage|p1a: Trevenant|149\/374 brn|[from] Stealth Rock
|-enditem|p1a: Trevenant|Sitrus Berry|[eat]
|-heal|p1a: Trevenant|242\/374 brn|[from] item: Sitrus Berry
|switch|p2a: Raikou|Raikou|321\/321
|-damage|p2a: Raikou|281\/321|[from] Stealth Rock
|-ability|p2a: Raikou|Pressure
|
|-damage|p1a: Trevenant|196\/374 brn|[from] brn
|-item|p1a: Trevenant|Sitrus Berry|[from] ability: Harvest
|turn|14
|
|move|p2a: Raikou|Shadow Ball|p1a: Trevenant
|-supereffective|p1a: Trevenant
|-damage|p1a: Trevenant|0 fnt
|faint|p1a: Trevenant
|
|
|switch|p1a: Porygon-Z|Porygon-Z|312\/312
|-damage|p1a: Porygon-Z|273\/312|[from] Stealth Rock
|turn|15
|
|switch|p2a: Sharpedo|Sharpedo, M|247\/282
|-damage|p2a: Sharpedo|212\/282|[from] Stealth Rock
|move|p1a: Porygon-Z|Tri Attack|p2a: Sharpedo
|-crit|p2a: Sharpedo
|-damage|p2a: Sharpedo|0 fnt
|faint|p2a: Sharpedo
|
|
|switch|p2a: Darmanitan|Darmanitan, F|351\/351
|-damage|p2a: Darmanitan|264\/351|[from] Stealth Rock
|turn|16
|
|switch|p1a: Arcanine|Arcanine, M|297\/384
|-damage|p1a: Arcanine|201\/384|[from] Stealth Rock
|-ability|p1a: Arcanine|Intimidate|[of] p2a: Darmanitan
|-unboost|p2a: Darmanitan|atk|1
|move|p2a: Darmanitan|Flare Blitz|p1a: Arcanine
|-resisted|p1a: Arcanine
|-damage|p1a: Arcanine|90\/384
|-damage|p2a: Darmanitan|227\/351|[from] recoil|[of] p1a: Arcanine
|
|-heal|p1a: Arcanine|114\/384|[from] item: Leftovers
|turn|17
|
|move|p2a: Darmanitan|Flare Blitz|p1a: Arcanine
|-resisted|p1a: Arcanine
|-damage|p1a: Arcanine|6\/384
|-damage|p2a: Darmanitan|191\/351|[from] recoil|[of] p1a: Arcanine
|move|p1a: Arcanine|Morning Sun|p1a: Arcanine
|-heal|p1a: Arcanine|198\/384
|
|-heal|p1a: Arcanine|222\/384|[from] item: Leftovers
|turn|18
|
|switch|p2a: Donphan|Donphan, F|336\/384 brn
|-damage|p2a: Donphan|312\/384 brn|[from] Stealth Rock
|move|p1a: Arcanine|Morning Sun|p1a: Arcanine
|-heal|p1a: Arcanine|384\/384
|
|-heal|p2a: Donphan|336\/384 brn|[from] item: Leftovers
|-damage|p2a: Donphan|288\/384 brn|[from] brn
|turn|19
|
|switch|p1a: Donphan|Donphan, M|200\/384
|-damage|p1a: Donphan|176\/384|[from] Stealth Rock
|move|p2a: Donphan|Rapid Spin|p1a: Donphan
|-damage|p1a: Donphan|168\/384
|-sideend|p2: I've joined|Stealth Rock|[from] move: Rapid Spin|[of] p2a: Donphan
|
|-heal|p2a: Donphan|312\/384 brn|[from] item: Leftovers
|-heal|p1a: Donphan|192\/384|[from] item: Leftovers
|-damage|p2a: Donphan|264\/384 brn|[from] brn
|turn|20
|
|switch|p2a: Vaporeon|Vaporeon, M|334\/464
|move|p1a: Donphan|Rapid Spin|p2a: Vaporeon
|-damage|p2a: Vaporeon|317\/464
|-sideend|p1: Beltra|Stealth Rock|[from] move: Rapid Spin|[of] p1a: Donphan
|
|-heal|p2a: Vaporeon|346\/464|[from] item: Leftovers
|-heal|p1a: Donphan|216\/384|[from] item: Leftovers
|turn|21
|
|switch|p1a: Ampharos|Ampharos, F|384\/384
|move|p2a: Vaporeon|Scald|p1a: Ampharos
|-damage|p1a: Ampharos|273\/384
|-status|p1a: Ampharos|brn
|
|-heal|p2a: Vaporeon|375\/464|[from] item: Leftovers
|-damage|p1a: Ampharos|225\/384 brn|[from] brn
|turn|22
|
|switch|p2a: Donphan|Donphan, F|264\/384 brn
|detailschange|p1a: Ampharos|Ampharos-Mega, F
|-mega|p1a: Ampharos|Ampharos|Ampharosite
|-ability|p1a: Ampharos|Mold Breaker
|move|p1a: Ampharos|Volt Switch|p2a: Donphan
|-immune|p2a: Donphan|[msg]
|
|-heal|p2a: Donphan|288\/384 brn|[from] item: Leftovers
|-damage|p2a: Donphan|240\/384 brn|[from] brn
|-damage|p1a: Ampharos|177\/384 brn|[from] brn
|turn|23
|
|move|p2a: Donphan|Ice Shard|p1a: Ampharos
|-supereffective|p1a: Ampharos
|-damage|p1a: Ampharos|133\/384 brn
|move|p1a: Ampharos|Dragon Pulse|p2a: Donphan
|-damage|p2a: Donphan|0 fnt
|faint|p2a: Donphan
|
|-damage|p1a: Ampharos|85\/384 brn|[from] brn
|
|switch|p2a: Florges|Florges, F|178\/360
|turn|24
|
|move|p2a: Florges|Synthesis|p2a: Florges
|-heal|p2a: Florges|358\/360
|move|p1a: Ampharos|Thunderbolt|p2a: Florges
|-damage|p2a: Florges|240\/360
|
|-heal|p2a: Florges|262\/360|[from] item: Leftovers
|-damage|p1a: Ampharos|37\/384 brn|[from] brn
|turn|25
|
|move|p2a: Florges|Moonblast|p1a: Ampharos
|-supereffective|p1a: Ampharos
|-damage|p1a: Ampharos|0 fnt
|faint|p1a: Ampharos
|
|-heal|p2a: Florges|284\/360|[from] item: Leftovers
|
|switch|p1a: Porygon-Z|Porygon-Z|273\/312
|turn|26
|
|move|p1a: Porygon-Z|Trick|p2a: Florges
|-activate|p1a: Porygon-Z|move: Trick|[of] p2a: Florges
|-item|p2a: Florges|Choice Specs|[from] move: Trick
|-item|p1a: Porygon-Z|Leftovers|[from] move: Trick
|move|p2a: Florges|Moonblast|p1a: Porygon-Z
|-damage|p1a: Porygon-Z|8\/312
|
|-heal|p1a: Porygon-Z|27\/312|[from] item: Leftovers
|turn|27
|
|move|p1a: Porygon-Z|Tri Attack|p2a: Florges
|-damage|p2a: Florges|176\/360
|move|p2a: Florges|Moonblast|p1a: Porygon-Z
|-damage|p1a: Porygon-Z|0 fnt
|faint|p1a: Porygon-Z
|
|
|switch|p1a: Arcanine|Arcanine, M|384\/384
|-ability|p1a: Arcanine|Intimidate|[of] p2a: Florges
|-unboost|p2a: Florges|atk|1
|turn|28
|
|move|p1a: Arcanine|Will-O-Wisp|p2a: Florges|[miss]
|-miss|p1a: Arcanine|p2a: Florges
|move|p2a: Florges|Moonblast|p1a: Arcanine
|-resisted|p1a: Arcanine
|-damage|p1a: Arcanine|302\/384
|
|-heal|p1a: Arcanine|326\/384|[from] item: Leftovers
|turn|29
|
|switch|p2a: Vaporeon|Vaporeon, M|375\/464
|move|p1a: Arcanine|Will-O-Wisp|p2a: Vaporeon
|-status|p2a: Vaporeon|brn
|
|-heal|p1a: Arcanine|350\/384|[from] item: Leftovers
|-heal|p2a: Vaporeon|404\/464 brn|[from] item: Leftovers
|-damage|p2a: Vaporeon|346\/464 brn|[from] brn
|turn|30
|
|switch|p1a: Donphan|Donphan, M|216\/384
|move|p2a: Vaporeon|Scald|p1a: Donphan
|-supereffective|p1a: Donphan
|-damage|p1a: Donphan|0 fnt
|faint|p1a: Donphan
|
|-heal|p2a: Vaporeon|375\/464 brn|[from] item: Leftovers
|-damage|p2a: Vaporeon|317\/464 brn|[from] brn
|
|switch|p1a: Honchkrow|Honchkrow, M|342\/342
|turn|31
|
|move|p1a: Honchkrow|Substitute|p1a: Honchkrow
|-start|p1a: Honchkrow|Substitute
|-damage|p1a: Honchkrow|257\/342
|move|p2a: Vaporeon|Wish|p2a: Vaporeon
|
|-heal|p2a: Vaporeon|346\/464 brn|[from] item: Leftovers
|-damage|p2a: Vaporeon|288\/464 brn|[from] brn
|turn|32
|
|move|p1a: Honchkrow|Brave Bird|p2a: Vaporeon
|-damage|p2a: Vaporeon|29\/464 brn
|-damage|p1a: Honchkrow|172\/342|[from] recoil|[of] p2a: Vaporeon
|-damage|p1a: Honchkrow|138\/342|[from] item: Life Orb
|move|p2a: Vaporeon|Scald|p1a: Honchkrow
|-end|p1a: Honchkrow|Substitute
|
|-heal|p2a: Vaporeon|261\/464 brn|[from] move: Wish|[wisher] Vaporeon
|-heal|p2a: Vaporeon|290\/464 brn|[from] item: Leftovers
|-damage|p2a: Vaporeon|232\/464 brn|[from] brn
|turn|33
|
|move|p1a: Honchkrow|Brave Bird|p2a: Vaporeon
|-damage|p2a: Vaporeon|0 fnt
|-damage|p1a: Honchkrow|61\/342|[from] recoil|[of] p2a: Vaporeon
|-damage|p1a: Honchkrow|27\/342|[from] item: Life Orb
|faint|p2a: Vaporeon
|-boost|p1a: Honchkrow|atk|1|[from] ability: Moxie
|
|
|switch|p2a: Florges|Florges, F|176\/360
|turn|34
|
|move|p1a: Honchkrow|Brave Bird|p2a: Florges
|-damage|p2a: Florges|0 fnt
|-damage|p1a: Honchkrow|0 fnt|[from] recoil|[of] p2a: Florges
|faint|p2a: Florges
|faint|p1a: Honchkrow
|
|
|switch|p2a: Raikou|Raikou|281\/321
|switch|p1a: Arcanine|Arcanine, M|350\/384
|-ability|p2a: Raikou|Pressure
|-ability|p1a: Arcanine|Intimidate|[of] p2a: Raikou
|-unboost|p2a: Raikou|atk|1
|turn|35
|
|move|p2a: Raikou|Thunderbolt|p1a: Arcanine
|-damage|p1a: Arcanine|179\/384
|move|p1a: Arcanine|Flare Blitz|p2a: Raikou
|-damage|p2a: Raikou|98\/321
|-damage|p1a: Arcanine|119\/384|[from] recoil|[of] p2a: Raikou
|
|-heal|p1a: Arcanine|143\/384|[from] item: Leftovers
|turn|36
|
|move|p1a: Arcanine|Extreme Speed|p2a: Raikou
|-damage|p2a: Raikou|11\/321
|move|p2a: Raikou|Thunderbolt|p1a: Arcanine
|-damage|p1a: Arcanine|0 fnt
|faint|p1a: Arcanine
|
|win|I've joined
|raw|Ladder updating...
|raw|Beltra's rating: 1145 &rarr; <strong>1122<\/strong><br \/>(-23 for losing)
|raw|I&apos;ve joined's rating: 1178 &rarr; <strong>1201<\/strong><br \/>(+23 for winning)
|c|★I've joined|gg
|c|★Beltra|gg
|leave|Beltra
|player|p1