|join|bizarman
|join|Albyness
|player|p1|bizarman|42
|player|p2|Albyness|2
|gametype|singles
|gen|6
|tier|OU
|rated
|clearpoke
|poke|p1|Gardevoir, M
|poke|p1|Dragonite, M
|poke|p1|Keldeo
|poke|p1|Latias, F
|poke|p1|Heatran, M
|poke|p1|Rotom-Wash
|poke|p2|Landorus-Therian, M
|poke|p2|Conkeldurr, M
|poke|p2|Magnezone
|poke|p2|Azumarill, F
|poke|p2|Pinsir, M
|poke|p2|Empoleon, M
|rule|Swagger Clause: Swagger is banned
|rule|Baton Pass Clause: Limit one Pokémon knowing Baton Pass
|rule|Sleep Clause Mod: Limit one foe put to sleep
|rule|Species Clause: Limit one of each Pokémon
|rule|OHKO Clause: OHKO moves are banned
|rule|Moody Clause: Moody is banned
|rule|Evasion Moves Clause: Evasion moves are banned
|rule|Endless Battle Clause: Forcing endless battles is banned
|rule|HP Percentage Mod: HP is shown in percentages
|teampreview
|
|start
|switch|p1a: Rotom-Wash|Rotom-Wash|304\/304
|switch|p2a: Conkeldurr|Conkeldurr, M|365\/365
|turn|1
|
|move|p1a: Rotom-Wash|Volt Switch|p2a: Conkeldurr
|-damage|p2a: Conkeldurr|302\/365
|
|switch|p1a: Gardevoir|Gardevoir, M|277\/277
|-ability|p1a: Gardevoir|Guts|[from] ability: Trace|[of] p2a: Conkeldurr
|move|p2a: Conkeldurr|Knock Off|p1a: Gardevoir
|-damage|p1a: Gardevoir|142\/277
|
|turn|2
|
|switch|p2a: Empoleon|Empoleon, M|371\/371
|detailschange|p1a: Gardevoir|Gardevoir-Mega, M
|message|Gardevoir has Mega Evolved into Mega Gardevoir!
|move|p1a: Gardevoir|Focus Blast|p2a: Empoleon|[miss]
|-miss|p1a: Gardevoir|p2a: Empoleon
|
|turn|3
|
|move|p1a: Gardevoir|Focus Blast|p2a: Empoleon
|-supereffective|p2a: Empoleon
|-damage|p2a: Empoleon|67\/371
|move|p2a: Empoleon|Stealth Rock|p1a: Gardevoir
|-sidestart|p1: bizarman|move: Stealth Rock
|
|-heal|p2a: Empoleon|90\/371|[from] item: Leftovers
|turn|4
|
|move|p1a: Gardevoir|Hyper Voice|p2a: Empoleon
|-resisted|p2a: Empoleon
|-damage|p2a: Empoleon|0 fnt
|faint|p2a: Empoleon
|
|
|switch|p2a: Landorus-Therian|Landorus-Therian, M|328\/328
|-ability|p2a: Landorus-Therian|Intimidate|[of] p1a: Gardevoir
|-unboost|p1a: Gardevoir|atk|1
|turn|5
|
|switch|p1a: Rotom-Wash|Rotom-Wash|304\/304
|-damage|p1a: Rotom-Wash|266\/304|[from] Stealth Rock
|move|p2a: Landorus-Therian|Stone Edge|p1a: Rotom-Wash
|-damage|p1a: Rotom-Wash|140\/304
|
|-heal|p1a: Rotom-Wash|159\/304|[from] item: Leftovers
|turn|6
|
|move|p2a: Landorus-Therian|Stone Edge|p1a: Rotom-Wash|[miss]
|-miss|p2a: Landorus-Therian|p1a: Rotom-Wash
|move|p1a: Rotom-Wash|Pain Split|p2a: Landorus-Therian
|-sethp|p2a: Landorus-Therian|243\/328|p1a: Rotom-Wash|243\/304|[from] move: Pain Split
|
|-heal|p1a: Rotom-Wash|262\/304|[from] item: Leftovers
|turn|7
|
|switch|p2a: Conkeldurr|Conkeldurr, M|302\/365
|move|p1a: Rotom-Wash|Hydro Pump|p2a: Conkeldurr|[miss]
|-miss|p1a: Rotom-Wash|p2a: Conkeldurr
|
|-heal|p1a: Rotom-Wash|281\/304|[from] item: Leftovers
|turn|8
|
|move|p1a: Rotom-Wash|Hydro Pump|p2a: Conkeldurr
|-damage|p2a: Conkeldurr|203\/365
|move|p2a: Conkeldurr|Knock Off|p1a: Rotom-Wash
|-damage|p1a: Rotom-Wash|151\/304
|-enditem|p1a: Rotom-Wash|Leftovers|[from] move: Knock Off|[of] p2a: Conkeldurr
|
|turn|9
|
|move|p1a: Rotom-Wash|Pain Split|p2a: Conkeldurr
|-sethp|p2a: Conkeldurr|177\/365|p1a: Rotom-Wash|177\/304|[from] move: Pain Split
|move|p2a: Conkeldurr|Drain Punch|p1a: Rotom-Wash
|-damage|p1a: Rotom-Wash|41\/304
|-heal|p2a: Conkeldurr|245\/365|[from] drain|[of] p1a: Rotom-Wash
|
|turn|10
|
|move|p2a: Conkeldurr|Mach Punch|p1a: Rotom-Wash
|-damage|p1a: Rotom-Wash|0 fnt
|faint|p1a: Rotom-Wash
|
|
|switch|p1a: Latias|Latias, F|302\/302
|-damage|p1a: Latias|265\/302|[from] Stealth Rock
|turn|11
|
|move|p1a: Latias|Defog|p2a: Conkeldurr
|-unboost|p2a: Conkeldurr|evasion|1
|-sideend|p1: bizarman|Stealth Rock|[from] move: Defog|[of] p1a: Latias
|move|p2a: Conkeldurr|Knock Off|p1a: Latias
|-crit|p1a: Latias
|-supereffective|p1a: Latias
|-damage|p1a: Latias|0 fnt
|-enditem|p1a: Latias|Life Orb|[from] move: Knock Off|[of] p2a: Conkeldurr
|faint|p1a: Latias
|
|
|switch|p1a: Gardevoir|Gardevoir-Mega, M|142\/277
|turn|12
|
|switch|p2a: Magnezone|Magnezone|299\/299
|move|p1a: Gardevoir|Hyper Voice|p2a: Magnezone
|-resisted|p2a: Magnezone
|-damage|p2a: Magnezone|168\/299
|
|turn|13
|
|switch|p1a: Heatran|Heatran, M|323\/323
|switch|p2a: Landorus-Therian|Landorus-Therian, M|243\/328
|-ability|p2a: Landorus-Therian|Intimidate|[of] p1a: Heatran
|-unboost|p1a: Heatran|atk|1
|
|turn|14
|
|switch|p1a: Keldeo|Keldeo|322\/322
|move|p2a: Landorus-Therian|U-turn|p1a: Keldeo
|-resisted|p1a: Keldeo
|-damage|p1a: Keldeo|273\/322
|
|switch|p2a: Conkeldurr|Conkeldurr, M|245\/365
|
|turn|15
|
|move|p1a: Keldeo|Secret Sword|p2a: Conkeldurr
|-damage|p2a: Conkeldurr|7\/365
|move|p2a: Conkeldurr|Drain Punch|p1a: Keldeo
|-damage|p1a: Keldeo|92\/322
|-heal|p2a: Conkeldurr|98\/365|[from] drain|[of] p1a: Keldeo
|
|turn|16
|
|switch|p2a: Landorus-Therian|Landorus-Therian, M|243\/328
|-ability|p2a: Landorus-Therian|Intimidate|[of] p1a: Keldeo
|-unboost|p1a: Keldeo|atk|1
|move|p1a: Keldeo|Secret Sword|p2a: Landorus-Therian
|-resisted|p2a: Landorus-Therian
|-damage|p2a: Landorus-Therian|123\/328
|
|turn|17
|
|move|p2a: Landorus-Therian|U-turn|p1a: Keldeo
|-crit|p1a: Keldeo
|-resisted|p1a: Keldeo
|-damage|p1a: Keldeo|19\/322
|
|switch|p2a: Conkeldurr|Conkeldurr, M|98\/365
|move|p1a: Keldeo|Secret Sword|p2a: Conkeldurr
|-crit|p2a: Conkeldurr
|-damage|p2a: Conkeldurr|0 fnt
|faint|p2a: Conkeldurr
|
|
|switch|p2a: Pinsir|Pinsir, M|271\/271
|turn|18
|
|switch|p1a: Heatran|Heatran, M|323\/323
|detailschange|p2a: Pinsir|Pinsir-Mega, M
|message|Pinsir has Mega Evolved into Mega Pinsir!
|move|p2a: Pinsir|Substitute|p2a: Pinsir
|-start|p2a: Pinsir|Substitute
|-damage|p2a: Pinsir|204\/271
|
|turn|19
|
|move|p1a: Heatran|Flash Cannon|p2a: Pinsir
|-end|p2a: Pinsir|Substitute
|move|p2a: Pinsir|Close Combat|p1a: Heatran
|-supereffective|p1a: Heatran
|-damage|p1a: Heatran|25\/323
|-unboost|p2a: Pinsir|def|1
|-unboost|p2a: Pinsir|spd|1
|
|turn|20
|
|switch|p2a: Magnezone|Magnezone|168\/299
|move|p1a: Heatran|Flash Cannon|p2a: Magnezone
|-resisted|p2a: Magnezone
|-damage|p2a: Magnezone|131\/299
|
|turn|21
|
|move|p1a: Heatran|Flash Cannon|p2a: Magnezone
|-resisted|p2a: Magnezone
|-damage|p2a: Magnezone|90\/299
|move|p2a: Magnezone|Volt Switch|p1a: Heatran
|-crit|p1a: Heatran
|-damage|p1a: Heatran|0 fnt
|faint|p1a: Heatran
|
|switch|p2a: Landorus-Therian|Landorus-Therian, M|123\/328
|
|
|switch|p1a: Dragonite|Dragonite, M|324\/324
|turn|22
|
|move|p2a: Landorus-Therian|U-turn|p1a: Dragonite
|-resisted|p1a: Dragonite
|-damage|p1a: Dragonite|301\/324
|
|switch|p2a: Azumarill|Azumarill, F|349\/349
|move|p1a: Dragonite|Dragon Dance|p1a: Dragonite
|-boost|p1a: Dragonite|atk|1
|-boost|p1a: Dragonite|spe|1
|
|turn|23
|
|move|p1a: Dragonite|Earthquake|p2a: Azumarill
|-damage|p2a: Azumarill|132\/349
|move|p2a: Azumarill|Play Rough|p1a: Dragonite
|-supereffective|p1a: Dragonite
|-damage|p1a: Dragonite|0 fnt
|faint|p1a: Dragonite
|
|c|★bizarman|gg
|
|switch|p1a: Gardevoir|Gardevoir-Mega, M|142\/277
|turn|24
|
|switch|p2a: Magnezone|Magnezone|90\/299
|move|p1a: Gardevoir|Hyper Voice|p2a: Magnezone
|-resisted|p2a: Magnezone
|-damage|p2a: Magnezone|0 fnt
|faint|p2a: Magnezone
|
|
|switch|p2a: Landorus-Therian|Landorus-Therian, M|123\/328
|-ability|p2a: Landorus-Therian|Intimidate|[of] p1a: Gardevoir
|-unboost|p1a: Gardevoir|atk|1
|turn|25
|c|★Albyness|gg
|
|move|p2a: Landorus-Therian|Earthquake|p1a: Gardevoir
|-damage|p1a: Gardevoir|0 fnt
|faint|p1a: Gardevoir
|
|
|switch|p1a: Keldeo|Keldeo|19\/322
|turn|26
|
|move|p2a: Landorus-Therian|Earthquake|p1a: Keldeo
|-damage|p1a: Keldeo|0 fnt
|faint|p1a: Keldeo
|
|win|Albyness
|raw|Ladder updating...
|raw|bizarman's rating: 1750 &rarr; <strong>1725<\/strong><br \/>(-25 for losing)
|raw|Albyness's rating: 1666 &rarr; <strong>1691<\/strong><br \/>(+25 for winning)