|join|bizarman
|join|shasso
|player|p1|bizarman|42
|player|p2|shasso|169
|gametype|singles
|gen|6
|tier|OU
|rated
|clearpoke
|poke|p1|Talonflame, F
|poke|p1|Sceptile, M
|poke|p1|Excadrill, F
|poke|p1|Tyranitar, F
|poke|p1|Manaphy
|poke|p1|Thundurus, M
|poke|p2|Bisharp, M
|poke|p2|Chesnaught, M
|poke|p2|Azumarill, M
|poke|p2|Rotom-Wash
|poke|p2|Landorus-Therian, M
|poke|p2|Gardevoir, M
|rule|Swagger Clause: Swagger is banned
|rule|Baton Pass Clause: Limit one Pokémon knowing Baton Pass
|rule|Sleep Clause Mod: Limit one foe put to sleep
|rule|Species Clause: Limit one of each Pokémon
|rule|OHKO Clause: OHKO moves are banned
|rule|Moody Clause: Moody is banned
|rule|Evasion Moves Clause: Evasion moves are banned
|rule|Endless Battle Clause: Forcing endless battles is banned
|rule|HP Percentage Mod: HP is shown in percentages
|teampreview
|
|start
|switch|p1a: Sceptile|Sceptile, M|281\/281
|switch|p2a: Rotom-Wash|Rotom-Wash|304\/304
|turn|1
|
|switch|p2a: Landorus-Therian|Landorus-Therian, M|382\/382
|-ability|p2a: Landorus-Therian|Intimidate|[of] p1a: Sceptile
|-unboost|p1a: Sceptile|atk|1
|detailschange|p1a: Sceptile|Sceptile-Mega, M
|-mega|p1a: Sceptile|Sceptile|Sceptilite
|move|p1a: Sceptile|Giga Drain|p2a: Landorus-Therian
|-damage|p2a: Landorus-Therian|213\/382
|
|-heal|p2a: Landorus-Therian|236\/382|[from] item: Leftovers
|turn|2
|
|move|p1a: Sceptile|Dragon Pulse|p2a: Landorus-Therian
|-damage|p2a: Landorus-Therian|50\/382
|move|p2a: Landorus-Therian|U-turn|p1a: Sceptile
|-supereffective|p1a: Sceptile
|-damage|p1a: Sceptile|81\/281
|
|switch|p2a: Gardevoir|Gardevoir, M|277\/277
|-ability|p2a: Gardevoir|Lightning Rod|[from] ability: Trace|[of] p1a: Sceptile
|
|turn|3
|
|switch|p1a: Talonflame|Talonflame, F|308\/308
|detailschange|p2a: Gardevoir|Gardevoir-Mega, M
|-mega|p2a: Gardevoir|Gardevoir|Gardevoirite
|move|p2a: Gardevoir|Hyper Voice|p1a: Talonflame
|-resisted|p1a: Talonflame
|-damage|p1a: Talonflame|137\/308
|
|turn|4
|
|switch|p2a: Rotom-Wash|Rotom-Wash|304\/304
|move|p1a: Talonflame|U-turn|p2a: Rotom-Wash
|-crit|p2a: Rotom-Wash
|-damage|p2a: Rotom-Wash|207\/304
|
|switch|p1a: Sceptile|Sceptile-Mega, M|81\/281
|
|-heal|p2a: Rotom-Wash|226\/304|[from] item: Leftovers
|turn|5
|
|switch|p2a: Landorus-Therian|Landorus-Therian, M|50\/382
|-ability|p2a: Landorus-Therian|Intimidate|[of] p1a: Sceptile
|-unboost|p1a: Sceptile|atk|1
|move|p1a: Sceptile|Giga Drain|p2a: Landorus-Therian
|-damage|p2a: Landorus-Therian|0 fnt
|-heal|p1a: Sceptile|106\/281|[from] drain|[of] p2a: Landorus-Therian
|faint|p2a: Landorus-Therian
|
|
|switch|p2a: Gardevoir|Gardevoir-Mega, M|277\/277
|turn|6
|
|move|p1a: Sceptile|Giga Drain|p2a: Gardevoir
|-damage|p2a: Gardevoir|175\/277
|-heal|p1a: Sceptile|157\/281|[from] drain|[of] p2a: Gardevoir
|move|p2a: Gardevoir|Hyper Voice|p1a: Sceptile
|-supereffective|p1a: Sceptile
|-damage|p1a: Sceptile|0 fnt
|faint|p1a: Sceptile
|
|
|switch|p1a: Talonflame|Talonflame, F|137\/308
|turn|7
|
|move|p1a: Talonflame|U-turn|p2a: Gardevoir
|-damage|p2a: Gardevoir|38\/277
|
|switch|p1a: Thundurus|Thundurus, M|299\/299
|move|p2a: Gardevoir|Hyper Voice|p1a: Thundurus
|-damage|p1a: Thundurus|0 fnt
|faint|p1a: Thundurus
|
|
|switch|p1a: Talonflame|Talonflame, F|137\/308
|turn|8
|
|switch|p2a: Rotom-Wash|Rotom-Wash|226\/304
|move|p1a: Talonflame|U-turn|p2a: Rotom-Wash
|-damage|p2a: Rotom-Wash|158\/304
|
|switch|p1a: Manaphy|Manaphy|341\/341
|
|-heal|p2a: Rotom-Wash|177\/304|[from] item: Leftovers
|turn|9
|
|move|p1a: Manaphy|Tail Glow|p1a: Manaphy
|-boost|p1a: Manaphy|spa|3
|move|p2a: Rotom-Wash|Volt Switch|p1a: Manaphy
|-supereffective|p1a: Manaphy
|-damage|p1a: Manaphy|177\/341
|
|switch|p2a: Gardevoir|Gardevoir-Mega, M|38\/277
|
|-heal|p1a: Manaphy|198\/341|[from] item: Leftovers
|turn|10
|
|move|p2a: Gardevoir|Hyper Voice|p1a: Manaphy
|-damage|p1a: Manaphy|0 fnt
|faint|p1a: Manaphy
|
|
|switch|p1a: Tyranitar|Tyranitar, F|403\/403
|-weather|Sandstorm
|turn|11
|c|★bizarman|gg
|
|move|p2a: Gardevoir|Focus Blast|p1a: Tyranitar
|-supereffective|p1a: Tyranitar
|-damage|p1a: Tyranitar|0 fnt
|faint|p1a: Tyranitar
|
|-weather|Sandstorm|[upkeep]
|-damage|p2a: Gardevoir|21\/277|[from] sandstorm
|
|switch|p1a: Excadrill|Excadrill, F|362\/362
|turn|12
|
|move|p1a: Excadrill|Rock Slide|p2a: Gardevoir
|-damage|p2a: Gardevoir|0 fnt
|-damage|p1a: Excadrill|326\/362|[from] item: Life Orb
|faint|p2a: Gardevoir
|
|-weather|Sandstorm|[upkeep]
|
|switch|p2a: Chesnaught|Chesnaught, M|380\/380
|turn|13
|
|switch|p1a: Talonflame|Talonflame, F|137\/308
|move|p2a: Chesnaught|Leech Seed|p1a: Talonflame
|-start|p1a: Talonflame|move: Leech Seed
|
|-weather|Sandstorm|[upkeep]
|-damage|p1a: Talonflame|118\/308|[from] sandstorm
|-damage|p2a: Chesnaught|357\/380|[from] sandstorm
|-heal|p2a: Chesnaught|380\/380|[from] item: Leftovers
|-damage|p1a: Talonflame|80\/308|[from] Leech Seed|[of] p2a: Chesnaught
|turn|14
|
|move|p2a: Chesnaught|Spiky Shield|p2a: Chesnaught
|-singleturn|p2a: Chesnaught|move: Protect
|move|p1a: Talonflame|Brave Bird|p2a: Chesnaught
|-activate|p2a: Chesnaught|move: Protect
|-damage|p1a: Talonflame|42\/308|[from] Spiky Shield|[of] p2a: Chesnaught
|
|-weather|Sandstorm|[upkeep]
|-damage|p1a: Talonflame|23\/308|[from] sandstorm
|-damage|p2a: Chesnaught|357\/380|[from] sandstorm
|-heal|p2a: Chesnaught|380\/380|[from] item: Leftovers
|-damage|p1a: Talonflame|0 fnt|[from] Leech Seed|[of] p2a: Chesnaught
|faint|p1a: Talonflame
|
|switch|p1a: Excadrill|Excadrill, F|326\/362
|turn|15
|
|move|p1a: Excadrill|Iron Head|p2a: Chesnaught
|-damage|p2a: Chesnaught|251\/380
|-damage|p1a: Excadrill|290\/362|[from] item: Life Orb
|cant|p2a: Chesnaught|flinch
|
|-weather|none
|-heal|p2a: Chesnaught|274\/380|[from] item: Leftovers
|turn|16
|
|move|p2a: Chesnaught|Spiky Shield|p2a: Chesnaught
|-singleturn|p2a: Chesnaught|move: Protect
|move|p1a: Excadrill|Iron Head|p2a: Chesnaught
|-activate|p2a: Chesnaught|move: Protect
|-damage|p1a: Excadrill|245\/362|[from] Spiky Shield|[of] p2a: Chesnaught
|
|-heal|p2a: Chesnaught|297\/380|[from] item: Leftovers
|turn|17
|
|move|p1a: Excadrill|Iron Head|p2a: Chesnaught
|-damage|p2a: Chesnaught|172\/380
|-damage|p1a: Excadrill|209\/362|[from] item: Life Orb
|move|p2a: Chesnaught|Drain Punch|p1a: Excadrill
|-supereffective|p1a: Excadrill
|-damage|p1a: Excadrill|0 fnt
|-heal|p2a: Chesnaught|277\/380|[from] drain|[of] p1a: Excadrill
|faint|p1a: Excadrill
|
|win|shasso
|raw|Ladder updating...
|raw|bizarman's rating: 1693 &rarr; <strong>1668<\/strong><br \/>(-25 for losing)
|raw|shasso's rating: 1594 &rarr; <strong>1620<\/strong><br \/>(+26 for winning)
|leave|bizarman
|player|p1