|join|CleanerThanRotom-W
|join|Where Dey At Doe
|player|p1|CleanerThanRotom-W|226
|player|p2|Where Dey At Doe|270
|gametype|singles
|gen|6
|tier|OU
|rated
|clearpoke
|poke|p1|Sableye, M
|poke|p1|Chansey, F
|poke|p1|Cresselia, F
|poke|p1|Keldeo
|poke|p1|Skarmory, F
|poke|p1|Quagsire, F
|poke|p2|Sceptile, F, shiny
|poke|p2|Rotom-Wash, shiny
|poke|p2|Landorus-Therian, M, shiny
|poke|p2|Empoleon, M, shiny
|poke|p2|Conkeldurr, F
|poke|p2|Victini
|rule|Swagger Clause: Swagger is banned
|rule|Baton Pass Clause: Limit one Pokémon knowing Baton Pass
|rule|Sleep Clause Mod: Limit one foe put to sleep
|rule|Species Clause: Limit one of each Pokémon
|rule|OHKO Clause: OHKO moves are banned
|rule|Moody Clause: Moody is banned
|rule|Evasion Moves Clause: Evasion moves are banned
|rule|Endless Battle Clause: Forcing endless battles is banned
|rule|HP Percentage Mod: HP is shown in percentages
|teampreview
|
|start
|switch|p1a: Sableye|Sableye, M|303\/303
|switch|p2a: Victini|Victini|356\/356
|turn|1
|
|switch|p1a: Quagsire|Quagsire, F|393\/393
|move|p2a: Victini|V-create|p1a: Quagsire
|-resisted|p1a: Quagsire
|-damage|p1a: Quagsire|216\/393
|-unboost|p2a: Victini|def|1
|-unboost|p2a: Victini|spd|1
|-unboost|p2a: Victini|spe|1
|
|-heal|p1a: Quagsire|240\/393|[from] item: Leftovers
|turn|2
|
|switch|p2a: Empoleon|Empoleon, M, shiny|372\/372
|switch|p1a: Sableye|Sableye, M|303\/303
|
|turn|3
|
|detailschange|p1a: Sableye|Sableye-Mega, M
|message|Sableye has Mega Evolved into Mega Sableye!
|move|p2a: Empoleon|Scald|p1a: Sableye
|-damage|p1a: Sableye|236\/303
|move|p1a: Sableye|Knock Off|p2a: Empoleon
|-damage|p2a: Empoleon|272\/372
|-enditem|p2a: Empoleon|Leftovers|[from] move: Knock Off|[of] p1a: Sableye
|
|turn|4
|
|move|p2a: Empoleon|Scald|p1a: Sableye
|-damage|p1a: Sableye|163\/303
|move|p1a: Sableye|Will-O-Wisp|p2a: Empoleon
|-status|p2a: Empoleon|brn
|
|-damage|p2a: Empoleon|226\/372 brn|[from] brn
|turn|5
|
|switch|p2a: Victini|Victini|356\/356
|move|p1a: Sableye|Recover|p1a: Sableye
|-heal|p1a: Sableye|303\/303
|
|turn|6
|
|switch|p1a: Keldeo|Keldeo|323\/323
|move|p2a: Victini|V-create|p1a: Keldeo
|-crit|p1a: Keldeo
|-resisted|p1a: Keldeo
|-damage|p1a: Keldeo|0 fnt
|-unboost|p2a: Victini|def|1
|-unboost|p2a: Victini|spd|1
|-unboost|p2a: Victini|spe|1
|faint|p1a: Keldeo
|
|c|★CleanerThanRotom-W|k
|
|switch|p1a: Quagsire|Quagsire, F|240\/393
|turn|7
|
|switch|p2a: Empoleon|Empoleon, M, shiny|226\/372 brn
|move|p1a: Quagsire|Recover|p1a: Quagsire
|-heal|p1a: Quagsire|393\/393
|
|-damage|p2a: Empoleon|180\/372 brn|[from] brn
|turn|8
|
|move|p2a: Empoleon|Scald|p1a: Quagsire
|-damage|p1a: Quagsire|257\/393
|-status|p1a: Quagsire|brn
|move|p1a: Quagsire|Earthquake|p2a: Empoleon
|-supereffective|p2a: Empoleon
|-damage|p2a: Empoleon|64\/372 brn
|
|-heal|p1a: Quagsire|281\/393 brn|[from] item: Leftovers
|-damage|p2a: Empoleon|18\/372 brn|[from] brn
|-damage|p1a: Quagsire|232\/393 brn|[from] brn
|turn|9
|
|switch|p1a: Sableye|Sableye-Mega, M|303\/303
|move|p2a: Empoleon|Scald|p1a: Sableye
|-damage|p1a: Sableye|203\/303
|
|-damage|p2a: Empoleon|0 fnt|[from] brn
|faint|p2a: Empoleon
|
|switch|p2a: Victini|Victini|356\/356
|turn|10
|
|switch|p1a: Cresselia|Cresselia, F|444\/444
|move|p2a: Victini|U-turn|p1a: Cresselia
|-supereffective|p1a: Cresselia
|-damage|p1a: Cresselia|248\/444
|
|switch|p2a: Landorus-Therian|Landorus-Therian, M, shiny|327\/327
|-ability|p2a: Landorus-Therian|Intimidate|[of] p1a: Cresselia
|-unboost|p1a: Cresselia|atk|1
|
|-heal|p1a: Cresselia|275\/444|[from] item: Leftovers
|turn|11
|
|move|p2a: Landorus-Therian|U-turn|p1a: Cresselia
|-supereffective|p1a: Cresselia
|-damage|p1a: Cresselia|131\/444
|
|switch|p2a: Victini|Victini|356\/356
|move|p1a: Cresselia|Moonlight|p1a: Cresselia
|-heal|p1a: Cresselia|353\/444
|
|-heal|p1a: Cresselia|380\/444|[from] item: Leftovers
|turn|12
|
|move|p2a: Victini|U-turn|p1a: Cresselia
|-supereffective|p1a: Cresselia
|-damage|p1a: Cresselia|178\/444
|
|switch|p2a: Rotom-Wash|Rotom-Wash, shiny|304\/304
|move|p1a: Cresselia|Moonlight|p1a: Cresselia
|-heal|p1a: Cresselia|400\/444
|
|-heal|p1a: Cresselia|427\/444|[from] item: Leftovers
|turn|13
|
|move|p2a: Rotom-Wash|Volt Switch|p1a: Cresselia
|-damage|p1a: Cresselia|376\/444
|
|switch|p2a: Conkeldurr|Conkeldurr, F|400\/400
|move|p1a: Cresselia|Toxic|p2a: Conkeldurr
|-status|p2a: Conkeldurr|tox
|
|-heal|p1a: Cresselia|403\/444|[from] item: Leftovers
|-damage|p2a: Conkeldurr|375\/400 tox|[from] psn
|turn|14
|
|move|p1a: Cresselia|Psyshock|p2a: Conkeldurr
|-supereffective|p2a: Conkeldurr
|-damage|p2a: Conkeldurr|211\/400 tox
|move|p2a: Conkeldurr|Poison Jab|p1a: Cresselia
|-damage|p1a: Cresselia|269\/444
|
|-heal|p1a: Cresselia|296\/444|[from] item: Leftovers
|-damage|p2a: Conkeldurr|161\/400 tox|[from] psn
|turn|15
|
|move|p1a: Cresselia|Psyshock|p2a: Conkeldurr
|-supereffective|p2a: Conkeldurr
|-damage|p2a: Conkeldurr|3\/400 tox
|move|p2a: Conkeldurr|Poison Jab|p1a: Cresselia
|-damage|p1a: Cresselia|167\/444
|
|-heal|p1a: Cresselia|194\/444|[from] item: Leftovers
|-damage|p2a: Conkeldurr|0 fnt|[from] psn
|faint|p2a: Conkeldurr
|
|switch|p2a: Victini|Victini|356\/356
|turn|16
|
|move|p2a: Victini|V-create|p1a: Cresselia
|-crit|p1a: Cresselia
|-damage|p1a: Cresselia|0 fnt
|-unboost|p2a: Victini|def|1
|-unboost|p2a: Victini|spd|1
|-unboost|p2a: Victini|spe|1
|faint|p1a: Cresselia
|
|
|switch|p1a: Chansey|Chansey, F|703\/703
|turn|17
|
|move|p2a: Victini|V-create|p1a: Chansey
|-damage|p1a: Chansey|75\/703
|-unboost|p2a: Victini|def|1
|-unboost|p2a: Victini|spd|1
|-unboost|p2a: Victini|spe|1
|move|p1a: Chansey|Aromatherapy|p1a: Chansey
|-cureteam|p1a: Chansey|[from] move: Aromatherapy
|
|turn|18
|
|move|p2a: Victini|V-create|p1a: Chansey
|-damage|p1a: Chansey|0 fnt
|-unboost|p2a: Victini|def|1
|-unboost|p2a: Victini|spd|1
|-unboost|p2a: Victini|spe|1
|faint|p1a: Chansey
|
|
|switch|p1a: Quagsire|Quagsire, F|232\/393
|turn|19
|
|switch|p2a: Rotom-Wash|Rotom-Wash, shiny|304\/304
|move|p1a: Quagsire|Recover|p1a: Quagsire
|-heal|p1a: Quagsire|393\/393
|
|turn|20
|
|switch|p1a: Sableye|Sableye-Mega, M|203\/303
|move|p2a: Rotom-Wash|Hydro Pump|p1a: Sableye
|-damage|p1a: Sableye|115\/303
|
|turn|21
|
|move|p2a: Rotom-Wash|Volt Switch|p1a: Sableye
|-damage|p1a: Sableye|52\/303
|
|switch|p2a: Sceptile|Sceptile, F, shiny|285\/285
|move|p1a: Sableye|Recover|p1a: Sableye
|-heal|p1a: Sableye|204\/303
|
|turn|22
|
|detailschange|p2a: Sceptile|Sceptile-Mega, F, shiny
|message|Sceptile has Mega Evolved into Mega Sceptile!
|move|p2a: Sceptile|Dragon Pulse|p1a: Sableye
|-damage|p1a: Sableye|99\/303
|move|p1a: Sableye|Recover|p1a: Sableye
|-heal|p1a: Sableye|251\/303
|
|turn|23
|
|switch|p2a: Landorus-Therian|Landorus-Therian, M, shiny|327\/327
|-ability|p2a: Landorus-Therian|Intimidate|[of] p1a: Sableye
|-unboost|p1a: Sableye|atk|1
|move|p1a: Sableye|Knock Off|p2a: Landorus-Therian
|-damage|p2a: Landorus-Therian|252\/327
|-enditem|p2a: Landorus-Therian|Choice Scarf|[from] move: Knock Off|[of] p1a: Sableye
|
|turn|24
|
|switch|p1a: Skarmory|Skarmory, F|334\/334
|move|p2a: Landorus-Therian|Earthquake|p1a: Skarmory
|-immune|p1a: Skarmory|[msg]
|
|turn|25
|
|move|p2a: Landorus-Therian|U-turn|p1a: Skarmory
|-resisted|p1a: Skarmory
|-damage|p1a: Skarmory|321\/334
|
|switch|p2a: Victini|Victini|356\/356
|move|p1a: Skarmory|Spikes|p2a: Victini
|-sidestart|p2: Where Dey At Doe|Spikes
|
|turn|26
|
|switch|p1a: Quagsire|Quagsire, F|393\/393
|move|p2a: Victini|V-create|p1a: Quagsire
|-resisted|p1a: Quagsire
|-damage|p1a: Quagsire|215\/393
|-unboost|p2a: Victini|def|1
|-unboost|p2a: Victini|spd|1
|-unboost|p2a: Victini|spe|1
|
|-heal|p1a: Quagsire|239\/393|[from] item: Leftovers
|turn|27
|
|switch|p2a: Sceptile|Sceptile-Mega, F, shiny|285\/285
|-damage|p2a: Sceptile|250\/285|[from] Spikes
|move|p1a: Quagsire|Recover|p1a: Quagsire
|-heal|p1a: Quagsire|393\/393
|
|turn|28
|
|switch|p1a: Sableye|Sableye-Mega, M|251\/303
|move|p2a: Sceptile|Dragon Pulse|p1a: Sableye
|-damage|p1a: Sableye|148\/303
|
|turn|29
|
|switch|p2a: Victini|Victini|356\/356
|-damage|p2a: Victini|312\/356|[from] Spikes
|move|p1a: Sableye|Recover|p1a: Sableye
|-heal|p1a: Sableye|300\/303
|
|turn|30
|
|move|p2a: Victini|U-turn|p1a: Sableye
|-crit|p1a: Sableye
|-damage|p1a: Sableye|148\/303
|
|switch|p2a: Landorus-Therian|Landorus-Therian, M, shiny|252\/327
|-ability|p2a: Landorus-Therian|Intimidate|[of] p1a: Sableye
|-unboost|p1a: Sableye|atk|1
|move|p1a: Sableye|Will-O-Wisp|p2a: Landorus-Therian|[miss]
|-miss|p1a: Sableye|p2a: Landorus-Therian
|
|turn|31
|c|★CleanerThanRotom-W|lmfao
|
|move|p2a: Landorus-Therian|U-turn|p1a: Sableye
|-crit|p1a: Sableye
|-damage|p1a: Sableye|30\/303
|
|switch|p2a: Victini|Victini|312\/356
|-damage|p2a: Victini|268\/356|[from] Spikes
|move|p1a: Sableye|Recover|p1a: Sableye
|-heal|p1a: Sableye|182\/303
|
|turn|32
|
|switch|p1a: Quagsire|Quagsire, F|393\/393
|move|p2a: Victini|U-turn|p1a: Quagsire
|-damage|p1a: Quagsire|296\/393
|
|switch|p2a: Sceptile|Sceptile-Mega, F, shiny|250\/285
|-damage|p2a: Sceptile|215\/285|[from] Spikes
|
|-heal|p1a: Quagsire|320\/393|[from] item: Leftovers
|turn|33
|
|switch|p1a: Skarmory|Skarmory, F|321\/334
|move|p2a: Sceptile|Dragon Pulse|p1a: Skarmory
|-resisted|p1a: Skarmory
|-damage|p1a: Skarmory|216\/334
|
|turn|34
|
|move|p2a: Sceptile|Hidden Power|p1a: Skarmory
|-supereffective|p1a: Skarmory
|-damage|p1a: Skarmory|24\/334
|move|p1a: Skarmory|Spikes|p2a: Sceptile
|-sidestart|p2: Where Dey At Doe|Spikes
|
|turn|35
|
|move|p2a: Sceptile|Dragon Pulse|p1a: Skarmory
|-resisted|p1a: Skarmory
|-damage|p1a: Skarmory|0 fnt
|faint|p1a: Skarmory
|
|
|switch|p1a: Sableye|Sableye-Mega, M|182\/303
|turn|36
|
|switch|p2a: Landorus-Therian|Landorus-Therian, M, shiny|252\/327
|-ability|p2a: Landorus-Therian|Intimidate|[of] p1a: Sableye
|-unboost|p1a: Sableye|atk|1
|move|p1a: Sableye|Recover|p1a: Sableye
|-heal|p1a: Sableye|303\/303
|
|turn|37
|
|move|p2a: Landorus-Therian|Earthquake|p1a: Sableye
|-damage|p1a: Sableye|134\/303
|move|p1a: Sableye|Will-O-Wisp|p2a: Landorus-Therian
|-status|p2a: Landorus-Therian|brn
|
|-damage|p2a: Landorus-Therian|212\/327 brn|[from] brn
|turn|38
|
|move|p2a: Landorus-Therian|Earthquake|p1a: Sableye
|-damage|p1a: Sableye|61\/303
|move|p1a: Sableye|Recover|p1a: Sableye
|-heal|p1a: Sableye|213\/303
|
|-damage|p2a: Landorus-Therian|172\/327 brn|[from] brn
|turn|39
|
|move|p2a: Landorus-Therian|U-turn|p1a: Sableye
|-damage|p1a: Sableye|177\/303
|
|switch|p2a: Victini|Victini|268\/356
|-damage|p2a: Victini|209\/356|[from] Spikes
|move|p1a: Sableye|Recover|p1a: Sableye
|-heal|p1a: Sableye|303\/303
|
|turn|40
|
|switch|p1a: Quagsire|Quagsire, F|320\/393
|move|p2a: Victini|U-turn|p1a: Quagsire
|-damage|p1a: Quagsire|228\/393
|
|switch|p2a: Sceptile|Sceptile-Mega, F, shiny|215\/285
|-damage|p2a: Sceptile|168\/285|[from] Spikes
|
|-heal|p1a: Quagsire|252\/393|[from] item: Leftovers
|turn|41
|
|switch|p1a: Sableye|Sableye-Mega, M|303\/303
|move|p2a: Sceptile|Giga Drain|p1a: Sableye
|-damage|p1a: Sableye|200\/303
|-heal|p2a: Sceptile|220\/285|[from] drain|[of] p1a: Sableye
|
|turn|42
|
|move|p2a: Sceptile|Giga Drain|p1a: Sableye
|-damage|p1a: Sableye|109\/303
|-heal|p2a: Sceptile|266\/285|[from] drain|[of] p1a: Sableye
|move|p1a: Sableye|Knock Off|p2a: Sceptile
|-damage|p2a: Sceptile|176\/285
|
|turn|43
|
|move|p2a: Sceptile|Dragon Pulse|p1a: Sableye
|-damage|p1a: Sableye|0 fnt
|faint|p1a: Sableye
|
|-message|CleanerThanRotom-W forfeited.
|
|win|Where Dey At Doe
|raw|Ladder updating...
|leave|CleanerThanRotom-W
|player|p1
|raw|CleanerThanRotom-W's rating: 1714 &rarr; <strong>1690<\/strong><br \/>(-24 for losing)
|raw|Where Dey At Doe's rating: 1638 &rarr; <strong>1662<\/strong><br \/>(+24 for winning)