|join|Where dey At doe
|join|Pokebron James
|player|p1|Where dey At doe|270
|player|p2|Pokebron James|214
|gametype|singles
|gen|6
|tier|OU
|rated
|clearpoke
|poke|p1|Altaria, F, shiny
|poke|p1|Gliscor, M
|poke|p1|Magnezone, shiny
|poke|p1|Celebi
|poke|p1|Heatran, M, shiny
|poke|p1|Tornadus-Therian, M, shiny
|poke|p2|Sceptile, M
|poke|p2|Clefable, M
|poke|p2|Talonflame, F
|poke|p2|Keldeo
|poke|p2|Latios, M
|poke|p2|Azumarill, F
|rule|Swagger Clause: Swagger is banned
|rule|Baton Pass Clause: Limit one Pokémon knowing Baton Pass
|rule|Sleep Clause Mod: Limit one foe put to sleep
|rule|Species Clause: Limit one of each Pokémon
|rule|OHKO Clause: OHKO moves are banned
|rule|Moody Clause: Moody is banned
|rule|Evasion Moves Clause: Evasion moves are banned
|rule|Endless Battle Clause: Forcing endless battles is banned
|rule|HP Percentage Mod: HP is shown in percentages
|teampreview
|join|anonymous wombat
|
|start
|switch|p1a: Heatran|Heatran, M, shiny|386\/386
|switch|p2a: Keldeo|Keldeo|323\/323
|turn|1
|
|switch|p1a: Celebi|Celebi|404\/404
|move|p2a: Keldeo|Secret Sword|p1a: Celebi
|-resisted|p1a: Celebi
|-damage|p1a: Celebi|313\/404
|-damage|p2a: Keldeo|291\/323|[from] item: Life Orb
|
|-heal|p1a: Celebi|338\/404|[from] item: Leftovers
|turn|2
|
|switch|p2a: Sceptile|Sceptile, M|281\/281
|move|p1a: Celebi|Baton Pass|p1a: Celebi
|
|switch|p1a: Tornadus-Therian|Tornadus-Therian, M, shiny|327\/327
|
|turn|3
|
|switch|p2a: Azumarill|Azumarill, F|403\/403
|move|p1a: Tornadus-Therian|Hurricane|p2a: Azumarill
|-damage|p2a: Azumarill|301\/403
|
|turn|4
|
|move|p1a: Tornadus-Therian|U-turn|p2a: Azumarill
|-resisted|p2a: Azumarill
|-damage|p2a: Azumarill|259\/403
|
|switch|p1a: Magnezone|Magnezone, shiny|282\/282
|move|p2a: Azumarill|Knock Off|p1a: Magnezone
|-damage|p1a: Magnezone|154\/282
|-enditem|p1a: Magnezone|Choice Scarf|[from] move: Knock Off|[of] p2a: Azumarill
|
|turn|5
|
|switch|p2a: Sceptile|Sceptile, M|281\/281
|move|p1a: Magnezone|Volt Switch|p2a: Sceptile
|-resisted|p2a: Sceptile
|-damage|p2a: Sceptile|204\/281
|
|switch|p1a: Tornadus-Therian|Tornadus-Therian, M, shiny|327\/327
|
|turn|6
|
|detailschange|p2a: Sceptile|Sceptile-Mega, M
|-mega|p2a: Sceptile|Sceptile|Sceptilite
|move|p2a: Sceptile|Substitute|p2a: Sceptile
|-start|p2a: Sceptile|Substitute
|-damage|p2a: Sceptile|134\/281
|move|p1a: Tornadus-Therian|U-turn|p2a: Sceptile
|-supereffective|p2a: Sceptile
|-end|p2a: Sceptile|Substitute
|
|switch|p1a: Celebi|Celebi|338\/404
|
|-heal|p1a: Celebi|363\/404|[from] item: Leftovers
|turn|7
|
|move|p2a: Sceptile|Hidden Power|p1a: Celebi
|-supereffective|p1a: Celebi
|-damage|p1a: Celebi|243\/404
|move|p1a: Celebi|Substitute|p1a: Celebi
|-start|p1a: Celebi|Substitute
|-damage|p1a: Celebi|142\/404
|
|-heal|p1a: Celebi|167\/404|[from] item: Leftovers
|turn|8
|
|move|p2a: Sceptile|Dragon Pulse|p1a: Celebi
|-end|p1a: Celebi|Substitute
|move|p1a: Celebi|Recover|p1a: Celebi
|-heal|p1a: Celebi|369\/404
|
|-heal|p1a: Celebi|394\/404|[from] item: Leftovers
|turn|9
|
|switch|p2a: Talonflame|Talonflame, F|360\/360
|switch|p1a: Tornadus-Therian|Tornadus-Therian, M, shiny|327\/327
|
|turn|10
|
|switch|p1a: Heatran|Heatran, M, shiny|386\/386
|move|p2a: Talonflame|Brave Bird|p1a: Heatran
|-resisted|p1a: Heatran
|-damage|p1a: Heatran|305\/386
|-damage|p2a: Talonflame|333\/360|[from] recoil|[of] p1a: Heatran
|
|-heal|p2a: Talonflame|355\/360|[from] item: Leftovers
|-heal|p1a: Heatran|329\/386|[from] item: Leftovers
|turn|11
|
|switch|p2a: Latios|Latios, M|301\/301
|move|p1a: Heatran|Stealth Rock|p2a: Latios
|-sidestart|p2: Pokebron James|move: Stealth Rock
|
|-heal|p1a: Heatran|353\/386|[from] item: Leftovers
|turn|12
|
|move|p2a: Latios|Earthquake|p1a: Heatran
|-supereffective|p1a: Heatran
|-damage|p1a: Heatran|5\/386
|-damage|p2a: Latios|271\/301|[from] item: Life Orb
|move|p1a: Heatran|Lava Plume|p2a: Latios
|-resisted|p2a: Latios
|-damage|p2a: Latios|214\/301
|-status|p2a: Latios|brn
|
|-heal|p1a: Heatran|29\/386|[from] item: Leftovers
|-damage|p2a: Latios|177\/301 brn|[from] brn
|turn|13
|
|move|p2a: Latios|Defog|p1a: Heatran
|-unboost|p1a: Heatran|evasion|1
|-sideend|p2: Pokebron James|Stealth Rock|[from] move: Defog|[of] p2a: Latios
|move|p1a: Heatran|Stealth Rock|p2a: Latios
|-sidestart|p2: Pokebron James|move: Stealth Rock
|
|-heal|p1a: Heatran|53\/386|[from] item: Leftovers
|-damage|p2a: Latios|140\/301 brn|[from] brn
|turn|14
|
|move|p2a: Latios|Earthquake|p1a: Heatran
|-supereffective|p1a: Heatran
|-damage|p1a: Heatran|0 fnt
|-damage|p2a: Latios|110\/301 brn|[from] item: Life Orb
|faint|p1a: Heatran
|
|-damage|p2a: Latios|73\/301 brn|[from] brn
|
|switch|p1a: Tornadus-Therian|Tornadus-Therian, M, shiny|327\/327
|turn|15
|
|switch|p2a: Clefable|Clefable, M|394\/394
|move|p1a: Tornadus-Therian|U-turn|p2a: Clefable
|-resisted|p2a: Clefable
|-damage|p2a: Clefable|364\/394
|
|switch|p1a: Magnezone|Magnezone, shiny|154\/282
|
|-heal|p2a: Clefable|388\/394|[from] item: Leftovers
|turn|16
|
|switch|p2a: Sceptile|Sceptile-Mega, M|134\/281
|-damage|p2a: Sceptile|99\/281|[from] Stealth Rock
|move|p1a: Magnezone|Flash Cannon|p2a: Sceptile
|-crit|p2a: Sceptile
|-damage|p2a: Sceptile|0 fnt
|faint|p2a: Sceptile
|
|
|switch|p2a: Latios|Latios, M|73\/301 brn
|-damage|p2a: Latios|36\/301 brn|[from] Stealth Rock
|turn|17
|
|move|p2a: Latios|Defog|p1a: Magnezone
|-unboost|p1a: Magnezone|evasion|1
|-sideend|p2: Pokebron James|Stealth Rock|[from] move: Defog|[of] p2a: Latios
|move|p1a: Magnezone|Flash Cannon|p2a: Latios
|-damage|p2a: Latios|0 fnt
|faint|p2a: Latios
|
|
|switch|p2a: Azumarill|Azumarill, F|259\/403
|turn|18
|
|move|p2a: Azumarill|Aqua Jet|p1a: Magnezone
|-damage|p1a: Magnezone|78\/282
|move|p1a: Magnezone|Volt Switch|p2a: Azumarill
|-supereffective|p2a: Azumarill
|-damage|p2a: Azumarill|77\/403
|
|switch|p1a: Altaria|Altaria, F, shiny|354\/354
|
|turn|19
|
|detailschange|p1a: Altaria|Altaria-Mega, F, shiny
|-mega|p1a: Altaria|Altaria|Altarianite
|move|p1a: Altaria|Frustration|p2a: Azumarill
|-crit|p2a: Azumarill
|-damage|p2a: Azumarill|0 fnt
|faint|p2a: Azumarill
|
|
|switch|p2a: Talonflame|Talonflame, F|355\/360
|turn|20
|
|move|p2a: Talonflame|Will-O-Wisp|p1a: Altaria
|-status|p1a: Altaria|brn
|move|p1a: Altaria|Dragon Dance|p1a: Altaria
|-boost|p1a: Altaria|atk|1
|-boost|p1a: Altaria|spe|1
|
|-heal|p2a: Talonflame|360\/360|[from] item: Leftovers
|-damage|p1a: Altaria|310\/354 brn|[from] brn
|turn|21
|
|switch|p1a: Tornadus-Therian|Tornadus-Therian, M, shiny|327\/327
|move|p2a: Talonflame|Bulk Up|p2a: Talonflame
|-boost|p2a: Talonflame|atk|1
|-boost|p2a: Talonflame|def|1
|
|turn|22
|
|move|p2a: Talonflame|Brave Bird|p1a: Tornadus-Therian
|-damage|p1a: Tornadus-Therian|8\/327
|-damage|p2a: Talonflame|255\/360|[from] recoil|[of] p1a: Tornadus-Therian
|move|p1a: Tornadus-Therian|Hurricane|p2a: Talonflame
|-damage|p2a: Talonflame|59\/360
|
|-heal|p2a: Talonflame|81\/360|[from] item: Leftovers
|turn|23
|
|move|p2a: Talonflame|Brave Bird|p1a: Tornadus-Therian
|-damage|p1a: Tornadus-Therian|0 fnt
|-damage|p2a: Talonflame|78\/360|[from] recoil|[of] p1a: Tornadus-Therian
|faint|p1a: Tornadus-Therian
|
|-heal|p2a: Talonflame|100\/360|[from] item: Leftovers
|
|switch|p1a: Magnezone|Magnezone, shiny|78\/282
|turn|24
|
|switch|p2a: Clefable|Clefable, M|388\/394
|move|p1a: Magnezone|Volt Switch|p2a: Clefable
|-crit|p2a: Clefable
|-damage|p2a: Clefable|171\/394
|
|switch|p1a: Gliscor|Gliscor, M|354\/354
|
|-heal|p2a: Clefable|195\/394|[from] item: Leftovers
|-status|p1a: Gliscor|tox|[from] item: Toxic Orb
|turn|25
|
|move|p1a: Gliscor|Swords Dance|p1a: Gliscor
|-boost|p1a: Gliscor|atk|2
|move|p2a: Clefable|Soft-Boiled|p2a: Clefable
|-heal|p2a: Clefable|392\/394
|
|-heal|p2a: Clefable|394\/394|[from] item: Leftovers
|turn|26
|
|switch|p2a: Keldeo|Keldeo|291\/323
|move|p1a: Gliscor|Earthquake|p2a: Keldeo
|-damage|p2a: Keldeo|63\/323
|
|turn|27
|
|switch|p1a: Celebi|Celebi|394\/404
|move|p2a: Keldeo|Icy Wind|p1a: Celebi
|-supereffective|p1a: Celebi
|-damage|p1a: Celebi|269\/404
|-unboost|p1a: Celebi|spe|1
|-damage|p2a: Keldeo|31\/323|[from] item: Life Orb
|
|-heal|p1a: Celebi|294\/404|[from] item: Leftovers
|turn|28
|
|switch|p2a: Clefable|Clefable, M|394\/394
|switch|p1a: Magnezone|Magnezone, shiny|78\/282
|
|turn|29
|
|move|p1a: Magnezone|Volt Switch|p2a: Clefable
|-damage|p2a: Clefable|262\/394
|
|switch|p1a: Gliscor|Gliscor, M|354\/354 tox
|move|p2a: Clefable|Stealth Rock|p1a: Gliscor
|-sidestart|p1: Where dey At doe|move: Stealth Rock
|
|-heal|p2a: Clefable|286\/394|[from] item: Leftovers
|turn|30
|
|move|p1a: Gliscor|Swords Dance|p1a: Gliscor
|-boost|p1a: Gliscor|atk|2
|move|p2a: Clefable|Calm Mind|p2a: Clefable
|-boost|p2a: Clefable|spa|1
|-boost|p2a: Clefable|spd|1
|
|-heal|p2a: Clefable|310\/394|[from] item: Leftovers
|turn|31
|
|move|p1a: Gliscor|Earthquake|p2a: Clefable
|-damage|p2a: Clefable|103\/394
|move|p2a: Clefable|Moonblast|p1a: Gliscor
|-damage|p1a: Gliscor|206\/354 tox
|
|-heal|p2a: Clefable|127\/394|[from] item: Leftovers
|-heal|p1a: Gliscor|250\/354 tox|[from] ability: Poison Heal
|turn|32
|
|move|p1a: Gliscor|Earthquake|p2a: Clefable
|-damage|p2a: Clefable|0 fnt
|faint|p2a: Clefable
|
|-heal|p1a: Gliscor|294\/354 tox|[from] ability: Poison Heal
|
|switch|p2a: Keldeo|Keldeo|31\/323
|turn|33
|
|switch|p1a: Magnezone|Magnezone, shiny|78\/282
|-damage|p1a: Magnezone|61\/282|[from] Stealth Rock
|move|p2a: Keldeo|Icy Wind|p1a: Magnezone
|-resisted|p1a: Magnezone
|-damage|p1a: Magnezone|14\/282
|-unboost|p1a: Magnezone|spe|1
|-damage|p2a: Keldeo|0 fnt|[from] item: Life Orb
|faint|p2a: Keldeo
|
|
|switch|p2a: Talonflame|Talonflame, F|100\/360
|turn|34
|
|move|p2a: Talonflame|Brave Bird|p1a: Magnezone
|-resisted|p1a: Magnezone
|-damage|p1a: Magnezone|0 fnt
|-damage|p2a: Talonflame|95\/360|[from] recoil|[of] p1a: Magnezone
|faint|p1a: Magnezone
|
|-heal|p2a: Talonflame|117\/360|[from] item: Leftovers
|
|switch|p1a: Gliscor|Gliscor, M|294\/354 tox
|-damage|p1a: Gliscor|250\/354 tox|[from] Stealth Rock
|turn|35
|
|move|p2a: Talonflame|Bulk Up|p2a: Talonflame
|-boost|p2a: Talonflame|atk|1
|-boost|p2a: Talonflame|def|1
|move|p1a: Gliscor|Knock Off|p2a: Talonflame
|-damage|p2a: Talonflame|55\/360
|-enditem|p2a: Talonflame|Leftovers|[from] move: Knock Off|[of] p1a: Gliscor
|
|-heal|p1a: Gliscor|294\/354 tox|[from] ability: Poison Heal
|turn|36
|
|move|p2a: Talonflame|Bulk Up|p2a: Talonflame
|-boost|p2a: Talonflame|atk|1
|-boost|p2a: Talonflame|def|1
|move|p1a: Gliscor|Earthquake|p2a: Talonflame
|-immune|p2a: Talonflame|[msg]
|
|-heal|p1a: Gliscor|338\/354 tox|[from] ability: Poison Heal
|turn|37
|
|move|p2a: Talonflame|Roost|p2a: Talonflame
|-heal|p2a: Talonflame|235\/360
|move|p1a: Gliscor|Earthquake|p2a: Talonflame
|-supereffective|p2a: Talonflame
|-damage|p2a: Talonflame|85\/360
|
|-heal|p1a: Gliscor|354\/354 tox|[from] ability: Poison Heal
|turn|38
|
|move|p2a: Talonflame|Bulk Up|p2a: Talonflame
|-boost|p2a: Talonflame|atk|1
|-boost|p2a: Talonflame|def|1
|move|p1a: Gliscor|Swords Dance|p1a: Gliscor
|-boost|p1a: Gliscor|atk|2
|
|turn|39
|
|move|p2a: Talonflame|Bulk Up|p2a: Talonflame
|-boost|p2a: Talonflame|atk|1
|-boost|p2a: Talonflame|def|1
|move|p1a: Gliscor|Earthquake|p2a: Talonflame
|-immune|p2a: Talonflame|[msg]
|
|turn|40
|
|move|p2a: Talonflame|Roost|p2a: Talonflame
|-heal|p2a: Talonflame|265\/360
|move|p1a: Gliscor|Swords Dance|p1a: Gliscor
|-boost|p1a: Gliscor|atk|2
|
|turn|41
|
|move|p2a: Talonflame|Brave Bird|p1a: Gliscor
|-damage|p1a: Gliscor|0 fnt
|-damage|p2a: Talonflame|148\/360|[from] recoil|[of] p1a: Gliscor
|faint|p1a: Gliscor
|
|-message|Where dey At doe forfeited.
|
|win|Pokebron James
|raw|Ladder updating...
|leave|Where dey At doe
|player|p1
|raw|Where dey At doe's rating: 1460 &rarr; <strong>1436<\/strong><br \/>(-24 for losing)
|raw|Pokebron James's rating: 1393 &rarr; <strong>1417<\/strong><br \/>(+24 for winning)