|join|ttte
|join|trollingofmaster
|player|p1|ttte|87
|player|p2|trollingofmaster|30
|gametype|singles
|gen|6
|tier|OU
|rated
|clearpoke
|poke|p1|Dragonite, M, shiny
|poke|p1|Shuckle, F, shiny
|poke|p1|Gengar, M
|poke|p1|Chansey, F
|poke|p1|Gallade, M
|poke|p1|Manectric, M
|poke|p2|Butterfree, F
|poke|p2|Heatran, M, shiny
|poke|p2|Sceptile, M
|poke|p2|Gothitelle, M
|poke|p2|Carracosta, M
|poke|p2|Swellow, M
|rule|Swagger Clause: Swagger is banned
|rule|Baton Pass Clause: Limit one Pokémon knowing Baton Pass
|rule|Sleep Clause Mod: Limit one foe put to sleep
|rule|Species Clause: Limit one of each Pokémon
|rule|OHKO Clause: OHKO moves are banned
|rule|Moody Clause: Moody is banned
|rule|Evasion Moves Clause: Evasion moves are banned
|rule|Endless Battle Clause: Forcing endless battles is banned
|rule|HP Percentage Mod: HP is shown in percentages
|teampreview
|
|start
|switch|p1a: Firnen|Dragonite, M, shiny|386\/386
|switch|p2a: Butterfree|Butterfree, F|275\/275
|turn|1
|
|switch|p1a: -Ei|Chansey, F|641\/641
|move|p2a: Butterfree|Sleep Powder|p1a: -Ei
|-status|p1a: -Ei|slp
|
|turn|2
|
|move|p2a: Butterfree|Bug Buzz|p1a: -Ei
|-damage|p1a: -Ei|599\/641 slp
|-unboost|p1a: -Ei|spd|1
|cant|p1a: -Ei|slp
|
|turn|3
|
|move|p2a: Butterfree|Air Cutter|p1a: -Ei
|-damage|p1a: -Ei|557\/641 slp
|-curestatus|p1a: -Ei|slp
|move|p1a: -Ei|Toxic|p2a: Butterfree
|-status|p2a: Butterfree|tox
|
|-damage|p2a: Butterfree|258\/275 tox|[from] psn
|turn|4
|
|move|p2a: Butterfree|Sleep Powder|p1a: -Ei
|-status|p1a: -Ei|slp
|cant|p1a: -Ei|slp
|
|-damage|p2a: Butterfree|224\/275 tox|[from] psn
|turn|5
|
|move|p2a: Butterfree|Giga Drain|p1a: -Ei
|-damage|p1a: -Ei|516\/641 slp
|-heal|p2a: Butterfree|245\/275 tox|[from] drain|[of] p1a: -Ei
|-curestatus|p1a: -Ei|slp
|move|p1a: -Ei|Seismic Toss|p2a: Butterfree
|-damage|p2a: Butterfree|145\/275 tox
|
|-damage|p2a: Butterfree|94\/275 tox|[from] psn
|turn|6
|
|move|p2a: Butterfree|Sleep Powder|p1a: -Ei
|-status|p1a: -Ei|slp
|cant|p1a: -Ei|slp
|
|-damage|p2a: Butterfree|26\/275 tox|[from] psn
|turn|7
|
|move|p2a: Butterfree|Giga Drain|p1a: -Ei
|-crit|p1a: -Ei
|-damage|p1a: -Ei|458\/641 slp
|-heal|p2a: Butterfree|55\/275 tox|[from] drain|[of] p1a: -Ei
|cant|p1a: -Ei|slp
|
|-damage|p2a: Butterfree|0 fnt|[from] psn
|faint|p2a: Butterfree
|
|switch|p2a: Gothitelle|Gothitelle, M|302\/302
|-item|p1a: -Ei|Eviolite|[from] ability: Frisk|[of] p2a: Gothitelle|[identify]
|turn|8
|
|move|p2a: Gothitelle|Brick Break|p1a: -Ei
|-supereffective|p1a: -Ei
|-damage|p1a: -Ei|334\/641 slp
|cant|p1a: -Ei|slp
|
|turn|9
|c|★ttte|Physical?
|
|move|p2a: Gothitelle|Calm Mind|p2a: Gothitelle
|-boost|p2a: Gothitelle|spa|1
|-boost|p2a: Gothitelle|spd|1
|-curestatus|p1a: -Ei|slp
|move|p1a: -Ei|Toxic|p2a: Gothitelle|[miss]
|-miss|p1a: -Ei|p2a: Gothitelle
|
|turn|10
|
|move|p2a: Gothitelle|Charge Beam|p1a: -Ei
|-damage|p1a: -Ei|290\/641
|-boost|p2a: Gothitelle|spa|1
|move|p1a: -Ei|Toxic|p2a: Gothitelle
|-status|p2a: Gothitelle|tox
|
|-damage|p2a: Gothitelle|284\/302 tox|[from] psn
|turn|11
|
|move|p2a: Gothitelle|Charge Beam|p1a: -Ei
|-damage|p1a: -Ei|230\/641
|move|p1a: -Ei|Toxic|p2a: Gothitelle
|-fail|p2a: Gothitelle|tox
|
|-damage|p2a: Gothitelle|248\/302 tox|[from] psn
|turn|12
|
|move|p2a: Gothitelle|Charge Beam|p1a: -Ei
|-damage|p1a: -Ei|170\/641
|-boost|p2a: Gothitelle|spa|1
|move|p1a: -Ei|Soft-Boiled|p1a: -Ei
|-heal|p1a: -Ei|491\/641
|
|-damage|p2a: Gothitelle|194\/302 tox|[from] psn
|turn|13
|
|move|p2a: Gothitelle|Brick Break|p1a: -Ei
|-supereffective|p1a: -Ei
|-damage|p1a: -Ei|373\/641
|move|p1a: -Ei|Seismic Toss|p2a: Gothitelle
|-damage|p2a: Gothitelle|94\/302 tox
|
|-damage|p2a: Gothitelle|22\/302 tox|[from] psn
|turn|14
|
|move|p2a: Gothitelle|Brick Break|p1a: -Ei
|-supereffective|p1a: -Ei
|-damage|p1a: -Ei|257\/641
|move|p1a: -Ei|Seismic Toss|p2a: Gothitelle
|-damage|p2a: Gothitelle|0 fnt
|faint|p2a: Gothitelle
|
|
|switch|p2a: Swellow|Swellow, M|282\/282
|turn|15
|
|move|p2a: Swellow|Brave Bird|p1a: -Ei
|-damage|p1a: -Ei|73\/641
|-damage|p2a: Swellow|221\/282|[from] recoil|[of] p1a: -Ei
|move|p1a: -Ei|Counter|p2a: Swellow
|-damage|p2a: Swellow|0 fnt
|faint|p2a: Swellow
|
|
|switch|p2a: Sceptile|Sceptile, M|344\/344
|turn|16
|
|move|p2a: Sceptile|Hidden Power|p1a: -Ei
|-damage|p1a: -Ei|43\/641
|move|p1a: -Ei|Soft-Boiled|p1a: -Ei
|-heal|p1a: -Ei|364\/641
|
|turn|17
|
|move|p2a: Sceptile|Swift|p1a: -Ei
|-damage|p1a: -Ei|334\/641
|move|p1a: -Ei|Soft-Boiled|p1a: -Ei
|-heal|p1a: -Ei|641\/641
|
|turn|18
|
|move|p2a: Sceptile|Dragon Pulse|p1a: -Ei
|-damage|p1a: -Ei|594\/641
|move|p1a: -Ei|Toxic|p2a: Sceptile
|-status|p2a: Sceptile|tox
|
|-damage|p2a: Sceptile|323\/344 tox|[from] psn
|turn|19
|
|move|p2a: Sceptile|Energy Ball|p1a: -Ei
|-damage|p1a: -Ei|518\/641
|move|p1a: -Ei|Seismic Toss|p2a: Sceptile
|-damage|p2a: Sceptile|223\/344 tox
|
|-damage|p2a: Sceptile|181\/344 tox|[from] psn
|turn|20
|
|move|p2a: Sceptile|Energy Ball|p1a: -Ei
|-damage|p1a: -Ei|449\/641
|move|p1a: -Ei|Seismic Toss|p2a: Sceptile
|-damage|p2a: Sceptile|81\/344 tox
|
|-damage|p2a: Sceptile|18\/344 tox|[from] psn
|turn|21
|
|move|p2a: Sceptile|Energy Ball|p1a: -Ei
|-damage|p1a: -Ei|340\/641
|move|p1a: -Ei|Soft-Boiled|p1a: -Ei
|-heal|p1a: -Ei|641\/641
|
|-damage|p2a: Sceptile|0 fnt|[from] psn
|faint|p2a: Sceptile
|
|switch|p2a: Heatran|Heatran, M, shiny|344\/344
|turn|22
|
|move|p2a: Heatran|Flamethrower|p1a: -Ei
|-damage|p1a: -Ei|538\/641
|move|p1a: -Ei|Seismic Toss|p2a: Heatran
|-damage|p2a: Heatran|244\/344
|
|turn|23
|
|move|p2a: Heatran|Earthquake|p1a: -Ei
|-damage|p1a: -Ei|429\/641
|move|p1a: -Ei|Seismic Toss|p2a: Heatran
|-damage|p2a: Heatran|144\/344
|
|turn|24
|
|move|p2a: Heatran|Earthquake|p1a: -Ei
|-damage|p1a: -Ei|314\/641
|move|p1a: -Ei|Soft-Boiled|p1a: -Ei
|-heal|p1a: -Ei|635\/641
|
|turn|25
|
|move|p2a: Heatran|Dragon Pulse|p1a: -Ei
|-damage|p1a: -Ei|578\/641
|move|p1a: -Ei|Seismic Toss|p2a: Heatran
|-damage|p2a: Heatran|44\/344
|
|turn|26
|
|move|p2a: Heatran|Earthquake|p1a: -Ei
|-damage|p1a: -Ei|472\/641
|move|p1a: -Ei|Seismic Toss|p2a: Heatran
|-damage|p2a: Heatran|0 fnt
|faint|p2a: Heatran
|
|
|switch|p2a: Carracosta|Carracosta, M|310\/310
|turn|27
|c|★ttte|Sorry for this stalling.
|
|move|p1a: -Ei|Toxic|p2a: Carracosta
|-status|p2a: Carracosta|tox
|move|p2a: Carracosta|Superpower|p1a: -Ei
|-supereffective|p1a: -Ei
|-damage|p1a: -Ei|178\/641
|-unboost|p2a: Carracosta|atk|1
|-unboost|p2a: Carracosta|def|1
|
|-damage|p2a: Carracosta|291\/310 tox|[from] psn
|turn|28
|
|switch|p1a: Aragorn|Gallade, M|278\/278
|move|p2a: Carracosta|Superpower|p1a: Aragorn
|-resisted|p1a: Aragorn
|-damage|p1a: Aragorn|229\/278
|-unboost|p2a: Carracosta|atk|1
|-unboost|p2a: Carracosta|def|1
|
|-damage|p2a: Carracosta|253\/310 tox|[from] psn
|turn|29
|
|move|p1a: Aragorn|Knock Off|p2a: Carracosta
|-damage|p2a: Carracosta|100\/310 tox
|-enditem|p2a: Carracosta|Focus Band|[from] move: Knock Off|[of] p1a: Aragorn
|move|p2a: Carracosta|Surf|p1a: Aragorn
|-damage|p1a: Aragorn|178\/278
|
|-damage|p2a: Carracosta|43\/310 tox|[from] psn
|turn|30
|
|switch|p1a: -Ei|Chansey, F|178\/641
|move|p2a: Carracosta|Crunch|p1a: -Ei
|-damage|p1a: -Ei|123\/641
|
|-damage|p2a: Carracosta|0 fnt|[from] psn
|faint|p2a: Carracosta
|
|win|ttte
|raw|Ladder updating...
|leave|trollingofmaster
|player|p2
|raw|Ladder (probably) updated, but score could not be retrieved (timeout).
|raw|Ladder (probably) updated, but score could not be retrieved (Error: socket hang up).