|join|Pokebasket
|join|Fat Lenny
|player|p1|Pokebasket|281
|player|p2|Fat Lenny|224
|gametype|singles
|gen|6
|tier|UU
|rule|Sleep Clause Mod: Limit one foe put to sleep
|rule|Species Clause: Limit one of each Pokémon
|rule|OHKO Clause: OHKO moves are banned
|rule|Moody Clause: Moody is banned
|rule|Evasion Moves Clause: Evasion moves are banned
|rule|Endless Battle Clause: Forcing endless battles is banned
|rule|HP Percentage Mod: HP is reported as percentages
|clearpoke
|poke|p1|Infernape, F
|poke|p1|Tentacruel, F
|poke|p1|Hydreigon, F
|poke|p1|Aerodactyl, F
|poke|p1|Mew
|poke|p1|Rotom-Mow
|poke|p2|Heracross, M
|poke|p2|Nidoqueen, F
|poke|p2|Aerodactyl, F
|poke|p2|Victini
|poke|p2|Lucario, M
|poke|p2|Hydreigon, F
|rule|Swagger Clause: Swagger is banned
|rule|Baton Pass Clause: Limit one Pokémon knowing Baton Pass
|teampreview
|chat|Pokebasket|GL
|
|start
|switch|p1a: Tentacruel|Tentacruel, F|361\/361
|switch|p2a: Victini|Victini|341\/341
|turn|1
|
|switch|p1a: Mew|Mew|404\/404
|move|p2a: Victini|Bolt Strike|p1a: Mew
|-damage|p1a: Mew|256\/404
|
|-heal|p1a: Mew|281\/404|[from] item: Leftovers
|turn|2
|
|switch|p2a: Heracross|Heracross, M|311\/311
|move|p1a: Mew|Stealth Rock|p2a: Heracross
|-sidestart|p2: Fat Lenny|move: Stealth Rock
|
|-heal|p1a: Mew|306\/404|[from] item: Leftovers
|turn|3
|
|switch|p1a: Tentacruel|Tentacruel, F|361\/361
|move|p2a: Heracross|Megahorn|p1a: Tentacruel
|-resisted|p1a: Tentacruel
|-damage|p1a: Tentacruel|247\/361
|
|-heal|p1a: Tentacruel|269\/361|[from] item: Black Sludge
|turn|4
|
|move|p2a: Heracross|Swords Dance|p2a: Heracross
|-boost|p2a: Heracross|atk|2
|move|p1a: Tentacruel|Knock Off|p2a: Heracross
|-resisted|p2a: Heracross
|-damage|p2a: Heracross|281\/311
|-enditem|p2a: Heracross|Leftovers|[from] move: Knock Off|[of] p1a: Tentacruel
|
|-heal|p1a: Tentacruel|291\/361|[from] item: Black Sludge
|turn|5
|
|switch|p1a: Rotom-Mow|Rotom-Mow|241\/241
|move|p2a: Heracross|Knock Off|p1a: Rotom-Mow
|-damage|p1a: Rotom-Mow|0 fnt
|-enditem|p1a: Rotom-Mow|Choice Scarf|[from] move: Knock Off|[of] p2a: Heracross
|faint|p1a: Rotom-Mow
|
|
|switch|p1a: Aerodactyl|Aerodactyl, F|301\/301
|-ability|p1a: Aerodactyl|Pressure
|turn|6
|
|switch|p2a: Hydreigon|Hydreigon, F|325\/325
|-damage|p2a: Hydreigon|285\/325|[from] Stealth Rock
|detailschange|p1a: Aerodactyl|Aerodactyl-Mega, F
|message|Aerodactyl has Mega Evolved into Mega Aerodactyl!
|move|p1a: Aerodactyl|Aerial Ace|p2a: Hydreigon
|-damage|p2a: Hydreigon|123\/325
|
|turn|7
|
|switch|p1a: Tentacruel|Tentacruel, F|291\/361
|move|p2a: Hydreigon|Draco Meteor|p1a: Tentacruel
|-damage|p1a: Tentacruel|111\/361
|-unboost|p2a: Hydreigon|spa|2
|
|-heal|p1a: Tentacruel|133\/361|[from] item: Black Sludge
|turn|8
|
|switch|p2a: Heracross|Heracross, M|281\/311
|-damage|p2a: Heracross|243\/311|[from] Stealth Rock
|switch|p1a: Aerodactyl|Aerodactyl-Mega, F|301\/301
|
|turn|9
|
|switch|p2a: Hydreigon|Hydreigon, F|123\/325
|-damage|p2a: Hydreigon|83\/325|[from] Stealth Rock
|move|p1a: Aerodactyl|Aerial Ace|p2a: Hydreigon
|-damage|p2a: Hydreigon|0 fnt
|faint|p2a: Hydreigon
|
|
|switch|p2a: Nidoqueen|Nidoqueen, F|366\/366
|-damage|p2a: Nidoqueen|344\/366|[from] Stealth Rock
|turn|10
|
|switch|p1a: Tentacruel|Tentacruel, F|133\/361
|move|p2a: Nidoqueen|Ice Beam|p1a: Tentacruel
|-resisted|p1a: Tentacruel
|-damage|p1a: Tentacruel|77\/361
|
|-heal|p1a: Tentacruel|99\/361|[from] item: Black Sludge
|turn|11
|
|move|p1a: Tentacruel|Scald|p2a: Nidoqueen
|-supereffective|p2a: Nidoqueen
|-damage|p2a: Nidoqueen|176\/366
|-status|p2a: Nidoqueen|brn
|move|p2a: Nidoqueen|Stealth Rock|p1a: Tentacruel
|-sidestart|p1: Pokebasket|move: Stealth Rock
|
|-heal|p1a: Tentacruel|121\/361|[from] item: Black Sludge
|-damage|p2a: Nidoqueen|131\/366 brn|[from] brn
|turn|12
|
|move|p1a: Tentacruel|Rapid Spin|p2a: Nidoqueen
|-damage|p2a: Nidoqueen|118\/366 brn
|-sideend|p1: Pokebasket|Stealth Rock|[from] move: Rapid Spin|[of] p1a: Tentacruel
|move|p2a: Nidoqueen|Stealth Rock|p1a: Tentacruel
|-sidestart|p1: Pokebasket|move: Stealth Rock
|
|-heal|p1a: Tentacruel|143\/361|[from] item: Black Sludge
|-damage|p2a: Nidoqueen|73\/366 brn|[from] brn
|turn|13
|
|move|p1a: Tentacruel|Rapid Spin|p2a: Nidoqueen
|-crit|p2a: Nidoqueen
|-damage|p2a: Nidoqueen|54\/366 brn
|-sideend|p1: Pokebasket|Stealth Rock|[from] move: Rapid Spin|[of] p1a: Tentacruel
|move|p2a: Nidoqueen|Stealth Rock|p1a: Tentacruel
|-sidestart|p1: Pokebasket|move: Stealth Rock
|
|-heal|p1a: Tentacruel|165\/361|[from] item: Black Sludge
|-damage|p2a: Nidoqueen|9\/366 brn|[from] brn
|turn|14
|
|move|p1a: Tentacruel|Rapid Spin|p2a: Nidoqueen
|-damage|p2a: Nidoqueen|0 fnt
|-sideend|p1: Pokebasket|Stealth Rock|[from] move: Rapid Spin|[of] p1a: Tentacruel
|faint|p2a: Nidoqueen
|
|-heal|p1a: Tentacruel|187\/361|[from] item: Black Sludge
|
|switch|p2a: Aerodactyl|Aerodactyl, F|337\/337
|-damage|p2a: Aerodactyl|253\/337|[from] Stealth Rock
|turn|15
|
|detailschange|p2a: Aerodactyl|Aerodactyl-Mega, F
|message|Aerodactyl has Mega Evolved into Mega Aerodactyl!
|move|p2a: Aerodactyl|Stone Edge|p1a: Tentacruel
|-damage|p1a: Tentacruel|19\/361
|move|p1a: Tentacruel|Scald|p2a: Aerodactyl
|-supereffective|p2a: Aerodactyl
|-damage|p2a: Aerodactyl|89\/337
|-status|p2a: Aerodactyl|brn
|
|-heal|p1a: Tentacruel|41\/361|[from] item: Black Sludge
|-damage|p2a: Aerodactyl|47\/337 brn|[from] brn
|turn|16
|
|move|p2a: Aerodactyl|Stone Edge|p1a: Tentacruel
|-damage|p1a: Tentacruel|0 fnt
|faint|p1a: Tentacruel
|
|-damage|p2a: Aerodactyl|5\/337 brn|[from] brn
|
|switch|p1a: Infernape|Infernape, F|293\/293
|turn|17
|
|move|p1a: Infernape|Mach Punch|p2a: Aerodactyl
|-damage|p2a: Aerodactyl|0 fnt
|-damage|p1a: Infernape|264\/293|[from] item: Life Orb
|faint|p2a: Aerodactyl
|
|
|switch|p2a: Victini|Victini|341\/341
|-damage|p2a: Victini|256\/341|[from] Stealth Rock
|turn|18
|
|switch|p1a: Hydreigon|Hydreigon, F|325\/325
|move|p2a: Victini|V-create|p1a: Hydreigon
|-resisted|p1a: Hydreigon
|-damage|p1a: Hydreigon|100\/325
|-unboost|p2a: Victini|def|1
|-unboost|p2a: Victini|spd|1
|-unboost|p2a: Victini|spe|1
|
|turn|19
|
|switch|p2a: Heracross|Heracross, M|243\/311
|-damage|p2a: Heracross|205\/311|[from] Stealth Rock
|move|p1a: Hydreigon|Draco Meteor|p2a: Heracross|[miss]
|-miss|p1a: Hydreigon|p2a: Heracross
|
|turn|20
|
|move|p1a: Hydreigon|Draco Meteor|p2a: Heracross
|-damage|p2a: Heracross|0 fnt
|-unboost|p1a: Hydreigon|spa|2
|-damage|p1a: Hydreigon|68\/325|[from] item: Life Orb
|faint|p2a: Heracross
|
|
|switch|p2a: Lucario|Lucario, M|281\/281
|-damage|p2a: Lucario|273\/281|[from] Stealth Rock
|turn|21
|
|move|p2a: Lucario|Extreme Speed|p1a: Hydreigon
|-damage|p1a: Hydreigon|0 fnt
|-damage|p2a: Lucario|245\/281|[from] item: Life Orb
|faint|p1a: Hydreigon
|
|
|switch|p1a: Infernape|Infernape, F|264\/293
|turn|22
|
|switch|p2a: Victini|Victini|256\/341
|-damage|p2a: Victini|171\/341|[from] Stealth Rock
|move|p1a: Infernape|Fire Punch|p2a: Victini
|-resisted|p2a: Victini
|-damage|p2a: Victini|85\/341
|-damage|p1a: Infernape|235\/293|[from] item: Life Orb
|
|turn|23
|
|move|p1a: Infernape|Thunder Punch|p2a: Victini
|-damage|p2a: Victini|0 fnt
|-damage|p1a: Infernape|206\/293|[from] item: Life Orb
|faint|p2a: Victini
|
|
|switch|p2a: Lucario|Lucario, M|245\/281
|-damage|p2a: Lucario|237\/281|[from] Stealth Rock
|turn|24
|
|move|p2a: Lucario|Extreme Speed|p1a: Infernape
|-crit|p1a: Infernape
|-damage|p1a: Infernape|0 fnt
|-damage|p2a: Lucario|209\/281|[from] item: Life Orb
|faint|p1a: Infernape
|
|
|switch|p1a: Aerodactyl|Aerodactyl-Mega, F|301\/301
|turn|25
|
|move|p1a: Aerodactyl|Aerial Ace|p2a: Lucario
|-damage|p2a: Lucario|11\/281
|move|p2a: Lucario|Close Combat|p1a: Aerodactyl
|-damage|p1a: Aerodactyl|3\/301
|-unboost|p2a: Lucario|def|1
|-unboost|p2a: Lucario|spd|1
|-damage|p2a: Lucario|0 fnt|[from] item: Life Orb
|faint|p2a: Lucario
|
|win|Pokebasket
|leave|Pokebasket
|player|p1