|join|Fat Lenny
|join|harrison guice
|player|p1|Fat Lenny|224
|player|p2|harrison guice|35
|gametype|singles
|gen|6
|tier|UU
|rated
|rule|Sleep Clause Mod: Limit one foe put to sleep
|rule|Species Clause: Limit one of each Pokémon
|rule|OHKO Clause: OHKO moves are banned
|rule|Moody Clause: Moody is banned
|rule|Evasion Moves Clause: Evasion moves are banned
|rule|Endless Battle Clause: Forcing endless battles is banned
|rule|HP Percentage Mod: HP is shown in percentages
|clearpoke
|poke|p1|Haxorus, F
|poke|p1|Nidoqueen, F
|poke|p1|Aerodactyl, F
|poke|p1|Lucario, F
|poke|p1|Hydreigon, M
|poke|p1|Jirachi, shiny
|poke|p2|Gligar, F
|poke|p2|Krookodile, M
|poke|p2|Chandelure, M
|poke|p2|Suicune
|poke|p2|Lucario, M
|poke|p2|Whimsicott, F
|rule|Swagger Clause: Swagger is banned
|rule|Baton Pass Clause: Limit one Pokémon knowing Baton Pass
|teampreview
|
|start
|switch|p1a: Hydreigon|Hydreigon, M|325\/325
|switch|p2a: Krookodile|Krookodile, M|331\/331
|turn|1
|
|switch|p2a: Gligar|Gligar, F|334\/334
|move|p1a: Hydreigon|U-turn|p2a: Gligar
|-resisted|p2a: Gligar
|-damage|p2a: Gligar|317\/334
|
|switch|p1a: Nidoqueen|Nidoqueen, F|366\/366
|
|turn|2
|
|switch|p2a: Suicune|Suicune|381\/381
|-ability|p2a: Suicune|Pressure
|move|p1a: Nidoqueen|Stealth Rock|p2a: Suicune
|-sidestart|p2: harrison guice|move: Stealth Rock
|
|turn|3
|
|move|p2a: Suicune|Ice Beam|p1a: Nidoqueen
|-supereffective|p1a: Nidoqueen
|-damage|p1a: Nidoqueen|158\/366
|move|p1a: Nidoqueen|Sludge Wave|p2a: Suicune
|-damage|p2a: Suicune|181\/381
|
|-heal|p2a: Suicune|204\/381|[from] item: Leftovers
|turn|4
|
|move|p2a: Suicune|Surf|p1a: Nidoqueen
|-supereffective|p1a: Nidoqueen
|-damage|p1a: Nidoqueen|0 fnt
|faint|p1a: Nidoqueen
|
|-heal|p2a: Suicune|227\/381|[from] item: Leftovers
|
|switch|p1a: Haxorus|Haxorus, F|293\/293
|-ability|p1a: Haxorus|Mold Breaker
|turn|5
|
|move|p1a: Haxorus|Swords Dance|p1a: Haxorus
|-boost|p1a: Haxorus|atk|2
|move|p2a: Suicune|Ice Beam|p1a: Haxorus
|-supereffective|p1a: Haxorus
|-damage|p1a: Haxorus|55\/293
|
|-heal|p2a: Suicune|250\/381|[from] item: Leftovers
|turn|6
|
|switch|p2a: Whimsicott|Whimsicott, F|262\/262
|-damage|p2a: Whimsicott|230\/262|[from] Stealth Rock
|move|p1a: Haxorus|Earthquake|p2a: Whimsicott
|-resisted|p2a: Whimsicott
|-damage|p2a: Whimsicott|92\/262
|
|-heal|p2a: Whimsicott|108\/262|[from] item: Leftovers
|turn|7
|
|switch|p1a: Jirachi|Jirachi, shiny|341\/341
|move|p2a: Whimsicott|Moonblast|p1a: Jirachi
|-resisted|p1a: Jirachi
|-damage|p1a: Jirachi|282\/341
|
|-heal|p2a: Whimsicott|124\/262|[from] item: Leftovers
|-heal|p1a: Jirachi|303\/341|[from] item: Leftovers
|turn|8
|
|switch|p2a: Gligar|Gligar, F|317\/334
|-damage|p2a: Gligar|276\/334|[from] Stealth Rock
|move|p1a: Jirachi|Calm Mind|p1a: Jirachi
|-boost|p1a: Jirachi|spa|1
|-boost|p1a: Jirachi|spd|1
|
|-heal|p1a: Jirachi|324\/341|[from] item: Leftovers
|turn|9
|
|switch|p1a: Aerodactyl|Aerodactyl, F|331\/331
|move|p2a: Gligar|Defog|p1a: Aerodactyl
|-unboost|p1a: Aerodactyl|evasion|1
|-sideend|p2: harrison guice|Stealth Rock|[from] move: Defog|[of] p2a: Gligar
|
|turn|10
|
|detailschange|p1a: Aerodactyl|Aerodactyl-Mega, F
|message|Aerodactyl has Mega Evolved into Mega Aerodactyl!
|move|p1a: Aerodactyl|Stone Edge|p2a: Gligar
|-damage|p2a: Gligar|152\/334
|move|p2a: Gligar|Stealth Rock|p1a: Aerodactyl
|-sidestart|p1: Fat Lenny|move: Stealth Rock
|
|turn|11
|
|move|p1a: Aerodactyl|Defog|p2a: Gligar
|-unboost|p2a: Gligar|evasion|1
|-sideend|p1: Fat Lenny|Stealth Rock|[from] move: Defog|[of] p1a: Aerodactyl
|move|p2a: Gligar|U-turn|p1a: Aerodactyl
|-resisted|p1a: Aerodactyl
|-damage|p1a: Aerodactyl|306\/331
|
|switch|p2a: Suicune|Suicune|250\/381
|-ability|p2a: Suicune|Pressure
|
|-heal|p2a: Suicune|273\/381|[from] item: Leftovers
|turn|12
|
|switch|p1a: Jirachi|Jirachi, shiny|324\/341
|move|p2a: Suicune|Surf|p1a: Jirachi
|-damage|p1a: Jirachi|176\/341
|
|-heal|p1a: Jirachi|197\/341|[from] item: Leftovers
|-heal|p2a: Suicune|296\/381|[from] item: Leftovers
|turn|13
|
|switch|p2a: Chandelure|Chandelure, M|261\/261
|move|p1a: Jirachi|Calm Mind|p1a: Jirachi
|-boost|p1a: Jirachi|spa|1
|-boost|p1a: Jirachi|spd|1
|
|-heal|p1a: Jirachi|218\/341|[from] item: Leftovers
|turn|14
|
|move|p2a: Chandelure|Shadow Ball|p1a: Jirachi
|-supereffective|p1a: Jirachi
|-damage|p1a: Jirachi|20\/341
|move|p1a: Jirachi|Shadow Ball|p2a: Chandelure
|-supereffective|p2a: Chandelure
|-damage|p2a: Chandelure|7\/261
|-unboost|p2a: Chandelure|spd|1
|
|-heal|p1a: Jirachi|41\/341|[from] item: Leftovers
|turn|15
|
|switch|p1a: Hydreigon|Hydreigon, M|325\/325
|move|p2a: Chandelure|Shadow Ball|p1a: Hydreigon
|-resisted|p1a: Hydreigon
|-damage|p1a: Hydreigon|240\/325
|-unboost|p1a: Hydreigon|spd|1
|
|turn|16
|
|move|p1a: Hydreigon|U-turn|p2a: Chandelure
|-resisted|p2a: Chandelure
|-damage|p2a: Chandelure|0 fnt
|faint|p2a: Chandelure
|
|switch|p1a: Jirachi|Jirachi, shiny|41\/341
|
|-heal|p1a: Jirachi|62\/341|[from] item: Leftovers
|
|switch|p2a: Gligar|Gligar, F|152\/334
|turn|17
|
|switch|p1a: Aerodactyl|Aerodactyl-Mega, F|306\/331
|move|p2a: Gligar|Stealth Rock|p1a: Aerodactyl
|-sidestart|p1: Fat Lenny|move: Stealth Rock
|
|turn|18
|
|move|p1a: Aerodactyl|Aqua Tail|p2a: Gligar
|-supereffective|p2a: Gligar
|-damage|p2a: Gligar|0 fnt
|faint|p2a: Gligar
|
|
|switch|p2a: Suicune|Suicune|296\/381
|-ability|p2a: Suicune|Pressure
|turn|19
|
|move|p1a: Aerodactyl|Stone Edge|p2a: Suicune
|-damage|p2a: Suicune|124\/381
|move|p2a: Suicune|Calm Mind|p2a: Suicune
|-boost|p2a: Suicune|spa|1
|-boost|p2a: Suicune|spd|1
|
|-heal|p2a: Suicune|147\/381|[from] item: Leftovers
|turn|20
|
|move|p1a: Aerodactyl|Stone Edge|p2a: Suicune
|-damage|p2a: Suicune|0 fnt
|faint|p2a: Suicune
|
|
|switch|p2a: Whimsicott|Whimsicott, F|124\/262
|turn|21
|
|move|p2a: Whimsicott|Tailwind|p2a: Whimsicott
|-sidestart|p2: harrison guice|move: Tailwind
|move|p1a: Aerodactyl|Stone Edge|p2a: Whimsicott
|-damage|p2a: Whimsicott|0 fnt
|faint|p2a: Whimsicott
|
|
|switch|p2a: Lucario|Lucario, M|281\/281
|turn|22
|
|switch|p1a: Jirachi|Jirachi, shiny|62\/341
|-damage|p1a: Jirachi|41\/341|[from] Stealth Rock
|move|p2a: Lucario|Close Combat|p1a: Jirachi
|-damage|p1a: Jirachi|0 fnt
|-unboost|p2a: Lucario|def|1
|-unboost|p2a: Lucario|spd|1
|-damage|p2a: Lucario|253\/281|[from] item: Life Orb
|faint|p1a: Jirachi
|
|
|switch|p1a: Haxorus|Haxorus, F|55\/293
|-damage|p1a: Haxorus|19\/293|[from] Stealth Rock
|-ability|p1a: Haxorus|Mold Breaker
|turn|23
|
|move|p2a: Lucario|Bullet Punch|p1a: Haxorus
|-crit|p1a: Haxorus
|-damage|p1a: Haxorus|0 fnt
|-damage|p2a: Lucario|225\/281|[from] item: Life Orb
|faint|p1a: Haxorus
|
|
|switch|p1a: Lucario|Lucario, F|281\/281
|-damage|p1a: Lucario|273\/281|[from] Stealth Rock
|turn|24
|
|move|p1a: Lucario|Extreme Speed|p2a: Lucario
|-resisted|p2a: Lucario
|-damage|p2a: Lucario|109\/281
|-damage|p1a: Lucario|245\/281|[from] item: Life Orb
|move|p2a: Lucario|Close Combat|p1a: Lucario
|-supereffective|p1a: Lucario
|-damage|p1a: Lucario|0 fnt
|-unboost|p2a: Lucario|def|1
|-unboost|p2a: Lucario|spd|1
|-damage|p2a: Lucario|81\/281|[from] item: Life Orb
|faint|p1a: Lucario
|
|-sideend|p2: harrison guice|move: Tailwind
|
|switch|p1a: Hydreigon|Hydreigon, M|240\/325
|-damage|p1a: Hydreigon|200\/325|[from] Stealth Rock
|turn|25
|
|move|p2a: Lucario|Extreme Speed|p1a: Hydreigon
|-damage|p1a: Hydreigon|64\/325
|-damage|p2a: Lucario|53\/281|[from] item: Life Orb
|move|p1a: Hydreigon|Draco Meteor|p2a: Lucario
|-resisted|p2a: Lucario
|-damage|p2a: Lucario|0 fnt
|-unboost|p1a: Hydreigon|spa|2
|faint|p2a: Lucario
|
|
|switch|p2a: Krookodile|Krookodile, M|331\/331
|turn|26
|
|move|p1a: Hydreigon|Draco Meteor|p2a: Krookodile
|-damage|p2a: Krookodile|190\/331
|-unboost|p1a: Hydreigon|spa|2
|move|p2a: Krookodile|Knock Off|p1a: Hydreigon
|-resisted|p1a: Hydreigon
|-damage|p1a: Hydreigon|0 fnt
|-enditem|p1a: Hydreigon|Choice Scarf|[from] move: Knock Off|[of] p2a: Krookodile
|faint|p1a: Hydreigon
|-boost|p2a: Krookodile|atk|1|[from] ability: Moxie
|
|
|switch|p1a: Aerodactyl|Aerodactyl-Mega, F|306\/331
|-damage|p1a: Aerodactyl|224\/331|[from] Stealth Rock
|turn|27
|
|move|p1a: Aerodactyl|Aqua Tail|p2a: Krookodile
|-supereffective|p2a: Krookodile
|-damage|p2a: Krookodile|0 fnt
|faint|p2a: Krookodile
|
|win|Fat Lenny
|raw|Ladder updating...
|raw|Fat Lenny's rating: 1629 &rarr; <strong>1654<\/strong><br \/>(+25 for winning)
|raw|harrison guice's rating: 1716 &rarr; <strong>1691<\/strong><br \/>(-25 for losing)
|c|★Fat Lenny|gg