|join|Fat Lenny
|join|xMarth
|player|p1|Fat Lenny|224
|player|p2|xMarth|153
|gametype|singles
|gen|6
|tier|UU
|rule|Sleep Clause Mod: Limit one foe put to sleep
|rule|Species Clause: Limit one of each Pokémon
|rule|OHKO Clause: OHKO moves are banned
|rule|Moody Clause: Moody is banned
|rule|Evasion Moves Clause: Evasion moves are banned
|rule|Endless Battle Clause: Forcing endless battles is banned
|rule|HP Percentage Mod: HP is shown in percentages
|clearpoke
|poke|p1|Virizion
|poke|p1|Nidoqueen, F
|poke|p1|Aerodactyl, M
|poke|p1|Lucario, F
|poke|p1|Victini
|poke|p1|Jirachi
|poke|p2|Kyurem
|poke|p2|Forretress, M
|poke|p2|Florges, F
|poke|p2|Vaporeon, M
|poke|p2|Aerodactyl, F
|poke|p2|Jirachi
|rule|Swagger Clause: Swagger is banned
|rule|Baton Pass Clause: Limit one Pokémon knowing Baton Pass
|teampreview
|
|start
|switch|p1a: Victini|Victini|341\/341
|switch|p2a: Forretress|Forretress, M|354\/354
|turn|1
|
|switch|p2a: Vaporeon|Vaporeon, M|464\/464
|move|p1a: Victini|V-create|p2a: Vaporeon
|-resisted|p2a: Vaporeon
|-damage|p2a: Vaporeon|266\/464
|-unboost|p1a: Victini|def|1
|-unboost|p1a: Victini|spd|1
|-unboost|p1a: Victini|spe|1
|
|-heal|p2a: Vaporeon|295\/464|[from] item: Leftovers
|turn|2
|
|switch|p1a: Virizion|Virizion|324\/324
|move|p2a: Vaporeon|Wish|p2a: Vaporeon
|
|-heal|p2a: Vaporeon|324\/464|[from] item: Leftovers
|turn|3
|
|switch|p2a: Aerodactyl|Aerodactyl, F|331\/331
|-ability|p2a: Aerodactyl|Pressure
|move|p1a: Virizion|Swords Dance|p1a: Virizion
|-boost|p1a: Virizion|atk|2
|
|turn|4
|
|switch|p1a: Jirachi|Jirachi|341\/341
|detailschange|p2a: Aerodactyl|Aerodactyl-Mega, F
|message|Aerodactyl has Mega Evolved into Mega Aerodactyl!
|move|p2a: Aerodactyl|Aerial Ace|p1a: Jirachi
|-resisted|p1a: Jirachi
|-damage|p1a: Jirachi|271\/341
|
|-heal|p1a: Jirachi|292\/341|[from] item: Leftovers
|turn|5
|
|switch|p2a: Forretress|Forretress, M|354\/354
|move|p1a: Jirachi|Calm Mind|p1a: Jirachi
|-boost|p1a: Jirachi|spa|1
|-boost|p1a: Jirachi|spd|1
|
|-heal|p1a: Jirachi|313\/341|[from] item: Leftovers
|turn|6
|
|move|p1a: Jirachi|Shadow Ball|p2a: Forretress
|-damage|p2a: Forretress|178\/354
|move|p2a: Forretress|Stealth Rock|p1a: Jirachi
|-sidestart|p1: Fat Lenny|move: Stealth Rock
|
|-heal|p1a: Jirachi|334\/341|[from] item: Leftovers
|-heal|p2a: Forretress|200\/354|[from] item: Leftovers
|turn|7
|
|move|p1a: Jirachi|Shadow Ball|p2a: Forretress
|-damage|p2a: Forretress|30\/354
|-unboost|p2a: Forretress|spd|1
|move|p2a: Forretress|Volt Switch|p1a: Jirachi
|-damage|p1a: Jirachi|308\/341
|
|switch|p2a: Vaporeon|Vaporeon, M|324\/464
|
|-heal|p1a: Jirachi|329\/341|[from] item: Leftovers
|-heal|p2a: Vaporeon|353\/464|[from] item: Leftovers
|turn|8
|
|move|p1a: Jirachi|Energy Ball|p2a: Vaporeon
|-supereffective|p2a: Vaporeon
|-damage|p2a: Vaporeon|89\/464
|move|p2a: Vaporeon|Roar|p1a: Jirachi
|drag|p1a: Victini|Victini|341\/341
|-damage|p1a: Victini|256\/341|[from] Stealth Rock
|
|-heal|p2a: Vaporeon|118\/464|[from] item: Leftovers
|turn|9
|
|move|p2a: Vaporeon|Protect|p2a: Vaporeon
|-singleturn|p2a: Vaporeon|Protect
|move|p1a: Victini|Bolt Strike|p2a: Vaporeon
|-activate|p2a: Vaporeon|Protect
|
|-heal|p2a: Vaporeon|147\/464|[from] item: Leftovers
|turn|10
|
|switch|p2a: Forretress|Forretress, M|30\/354
|move|p1a: Victini|Bolt Strike|p2a: Forretress
|-damage|p2a: Forretress|0 fnt
|faint|p2a: Forretress
|
|
|switch|p2a: Aerodactyl|Aerodactyl-Mega, F|331\/331
|turn|11
|
|switch|p1a: Jirachi|Jirachi|329\/341
|-damage|p1a: Jirachi|308\/341|[from] Stealth Rock
|move|p2a: Aerodactyl|Aqua Tail|p1a: Jirachi
|-damage|p1a: Jirachi|167\/341
|
|-heal|p1a: Jirachi|188\/341|[from] item: Leftovers
|turn|12
|
|switch|p2a: Jirachi|Jirachi|341\/341
|move|p1a: Jirachi|Psyshock|p2a: Jirachi
|-resisted|p2a: Jirachi
|-damage|p2a: Jirachi|311\/341
|
|-heal|p1a: Jirachi|209\/341|[from] item: Leftovers
|turn|13
|
|move|p1a: Jirachi|Shadow Ball|p2a: Jirachi
|-supereffective|p2a: Jirachi
|-damage|p2a: Jirachi|145\/341
|-unboost|p2a: Jirachi|spd|1
|move|p2a: Jirachi|Fire Punch|p1a: Jirachi
|-supereffective|p1a: Jirachi
|-damage|p1a: Jirachi|53\/341
|
|-heal|p1a: Jirachi|74\/341|[from] item: Leftovers
|turn|14
|
|switch|p2a: Aerodactyl|Aerodactyl-Mega, F|331\/331
|move|p1a: Jirachi|Shadow Ball|p2a: Aerodactyl
|-damage|p2a: Aerodactyl|247\/331
|
|-heal|p1a: Jirachi|95\/341|[from] item: Leftovers
|turn|15
|
|move|p2a: Aerodactyl|Pursuit|p1a: Jirachi
|-supereffective|p1a: Jirachi
|-damage|p1a: Jirachi|0 fnt
|faint|p1a: Jirachi
|
|
|switch|p1a: Nidoqueen|Nidoqueen, F|366\/366
|-damage|p1a: Nidoqueen|344\/366|[from] Stealth Rock
|turn|16
|
|switch|p2a: Vaporeon|Vaporeon, M|147\/464
|move|p1a: Nidoqueen|Ice Beam|p2a: Vaporeon
|-resisted|p2a: Vaporeon
|-damage|p2a: Vaporeon|79\/464
|
|-heal|p2a: Vaporeon|108\/464|[from] item: Leftovers
|turn|17
|
|switch|p2a: Kyurem|Kyurem|391\/391
|-ability|p2a: Kyurem|Pressure
|move|p1a: Nidoqueen|Stealth Rock|p2a: Kyurem
|-sidestart|p2: xMarth|move: Stealth Rock
|
|turn|18
|
|switch|p1a: Virizion|Virizion|324\/324
|-damage|p1a: Virizion|304\/324|[from] Stealth Rock
|move|p2a: Kyurem|Ice Beam|p1a: Virizion
|-supereffective|p1a: Virizion
|-damage|p1a: Virizion|0 fnt
|-damage|p2a: Kyurem|352\/391|[from] item: Life Orb
|faint|p1a: Virizion
|
|
|switch|p1a: Victini|Victini|256\/341
|-damage|p1a: Victini|171\/341|[from] Stealth Rock
|turn|19
|
|switch|p2a: Vaporeon|Vaporeon, M|108\/464
|-damage|p2a: Vaporeon|50\/464|[from] Stealth Rock
|move|p1a: Victini|V-create|p2a: Vaporeon
|-resisted|p2a: Vaporeon
|-damage|p2a: Vaporeon|0 fnt
|-unboost|p1a: Victini|def|1
|-unboost|p1a: Victini|spd|1
|-unboost|p1a: Victini|spe|1
|faint|p2a: Vaporeon
|
|
|switch|p2a: Aerodactyl|Aerodactyl-Mega, F|247\/331
|-damage|p2a: Aerodactyl|165\/331|[from] Stealth Rock
|turn|20
|
|move|p2a: Aerodactyl|Pursuit|p1a: Victini
|-supereffective|p1a: Victini
|-damage|p1a: Victini|0 fnt
|faint|p1a: Victini
|
|
|switch|p1a: Lucario|Lucario, F|281\/281
|-damage|p1a: Lucario|273\/281|[from] Stealth Rock
|turn|21
|
|switch|p2a: Florges|Florges, F|360\/360
|-damage|p2a: Florges|315\/360|[from] Stealth Rock
|move|p1a: Lucario|Bullet Punch|p2a: Florges
|-supereffective|p2a: Florges
|-damage|p2a: Florges|117\/360
|-damage|p1a: Lucario|245\/281|[from] item: Life Orb
|
|-heal|p2a: Florges|139\/360|[from] item: Leftovers
|turn|22
|
|move|p1a: Lucario|Bullet Punch|p2a: Florges
|-supereffective|p2a: Florges
|-damage|p2a: Florges|0 fnt
|-damage|p1a: Lucario|217\/281|[from] item: Life Orb
|faint|p2a: Florges
|
|
|switch|p2a: Kyurem|Kyurem|352\/391
|-damage|p2a: Kyurem|255\/391|[from] Stealth Rock
|-ability|p2a: Kyurem|Pressure
|turn|23
|
|switch|p1a: Nidoqueen|Nidoqueen, F|344\/366
|-damage|p1a: Nidoqueen|322\/366|[from] Stealth Rock
|move|p2a: Kyurem|Draco Meteor|p1a: Nidoqueen
|-damage|p1a: Nidoqueen|5\/366
|-unboost|p2a: Kyurem|spa|2
|-damage|p2a: Kyurem|216\/391|[from] item: Life Orb
|
|turn|24
|
|move|p2a: Kyurem|Iron Head|p1a: Nidoqueen
|-damage|p1a: Nidoqueen|0 fnt
|-damage|p2a: Kyurem|177\/391|[from] item: Life Orb
|faint|p1a: Nidoqueen
|
|join|Stop Flexin
|
|switch|p1a: Aerodactyl|Aerodactyl, M|321\/321
|-damage|p1a: Aerodactyl|241\/321|[from] Stealth Rock
|turn|25
|
|detailschange|p1a: Aerodactyl|Aerodactyl-Mega, M
|message|Aerodactyl has Mega Evolved into Mega Aerodactyl!
|move|p1a: Aerodactyl|Stone Edge|p2a: Kyurem
|-supereffective|p2a: Kyurem
|-damage|p2a: Kyurem|0 fnt
|faint|p2a: Kyurem
|
|
|switch|p2a: Aerodactyl|Aerodactyl-Mega, F|165\/331
|-damage|p2a: Aerodactyl|83\/331|[from] Stealth Rock
|turn|26
|c|★Fat Lenny|how much speed do you run?
|
|move|p2a: Aerodactyl|Aqua Tail|p1a: Aerodactyl
|-supereffective|p1a: Aerodactyl
|-damage|p1a: Aerodactyl|0 fnt
|faint|p1a: Aerodactyl
|
|c|★xMarth|136 jolly
|
|switch|p1a: Lucario|Lucario, F|217\/281
|-damage|p1a: Lucario|209\/281|[from] Stealth Rock
|turn|27
|join|sniperaim
|
|move|p1a: Lucario|Bullet Punch|p2a: Aerodactyl
|-supereffective|p2a: Aerodactyl
|-damage|p2a: Aerodactyl|0 fnt
|-damage|p1a: Lucario|181\/281|[from] item: Life Orb
|faint|p2a: Aerodactyl
|
|
|switch|p2a: Jirachi|Jirachi|145\/341
|-damage|p2a: Jirachi|124\/341|[from] Stealth Rock
|turn|28
|c|★Fat Lenny|gg sir
|c|★xMarth|gg
|
|move|p2a: Jirachi|Fire Punch|p1a: Lucario
|-supereffective|p1a: Lucario
|-damage|p1a: Lucario|0 fnt
|faint|p1a: Lucario
|
|win|xMarth
|c|★Fat Lenny|GL in finals
|c|★xMarth|tyvm
|c|★xMarth|gotta make it past senis tho
|leave|sniperaim
|c|★xMarth|semis
|c|★Fat Lenny|np
|c|★Fat Lenny|:)
|leave|Fat Lenny
|player|p1
|join|so dynamic
|join|Fat Lenny
|join|blitzfiend
|leave|Fat Lenny
|leave|so dynamic
|join|dingbat
|leave|blitzfiend
|leave|dingbat
|join|dingbat
|join|Pleasure Kitten