|join|asgdf
|join|Fat Lenny
|player|p1|asgdf|218
|player|p2|Fat Lenny|224
|gametype|singles
|gen|6
|tier|UU
|rule|Sleep Clause Mod: Limit one foe put to sleep
|rule|Species Clause: Limit one of each Pokémon
|rule|OHKO Clause: OHKO moves are banned
|rule|Moody Clause: Moody is banned
|rule|Evasion Moves Clause: Evasion moves are banned
|rule|Endless Battle Clause: Forcing endless battles is banned
|rule|HP Percentage Mod: HP is reported as percentages
|clearpoke
|poke|p1|Swampert, F
|poke|p1|Victini
|poke|p1|Empoleon, M
|poke|p1|Honchkrow, M
|poke|p1|Ampharos, M
|poke|p1|Heracross, F
|poke|p2|Heracross, M
|poke|p2|Nidoqueen, F
|poke|p2|Aerodactyl, M
|poke|p2|Infernape, M
|poke|p2|Jirachi
|poke|p2|Hydreigon, F
|rule|Swagger Clause: Swagger is banned
|rule|Baton Pass Clause: Limit one Pokémon knowing Baton Pass
|teampreview
|chat|asgdf|glhf
|chat|Fat Lenny|you too
|
|start
|switch|p1a: Swampert|Swampert, F|394\/394
|switch|p2a: Hydreigon|Hydreigon, F|325\/325
|turn|1
|
|switch|p1a: Empoleon|Empoleon, M|372\/372
|move|p2a: Hydreigon|Dark Pulse|p1a: Empoleon
|-damage|p1a: Empoleon|247\/372
|-damage|p2a: Hydreigon|293\/325|[from] item: Life Orb
|
|-heal|p1a: Empoleon|270\/372|[from] item: Leftovers
|turn|2
|
|switch|p1a: Victini|Victini|340\/340
|move|p2a: Hydreigon|Superpower|p1a: Victini
|-resisted|p1a: Victini
|-damage|p1a: Victini|272\/340
|-unboost|p2a: Hydreigon|atk|1
|-unboost|p2a: Hydreigon|def|1
|-damage|p2a: Hydreigon|261\/325|[from] item: Life Orb
|
|turn|3
|
|switch|p2a: Nidoqueen|Nidoqueen, F|366\/366
|move|p1a: Victini|U-turn|p2a: Nidoqueen
|-resisted|p2a: Nidoqueen
|-damage|p2a: Nidoqueen|326\/366
|
|switch|p1a: Swampert|Swampert, F|394\/394
|
|turn|4
|
|move|p2a: Nidoqueen|Stealth Rock|p1a: Swampert
|-sidestart|p1: asgdf|move: Stealth Rock
|move|p1a: Swampert|Earthquake|p2a: Nidoqueen
|-supereffective|p2a: Nidoqueen
|-damage|p2a: Nidoqueen|0 fnt
|faint|p2a: Nidoqueen
|
|
|switch|p2a: Hydreigon|Hydreigon, F|261\/325
|turn|5
|
|switch|p1a: Ampharos|Ampharos, M|383\/383
|-damage|p1a: Ampharos|336\/383|[from] Stealth Rock
|move|p2a: Hydreigon|Dark Pulse|p1a: Ampharos
|-damage|p1a: Ampharos|141\/383
|-damage|p2a: Hydreigon|229\/325|[from] item: Life Orb
|
|turn|6
|
|detailschange|p1a: Ampharos|Ampharos-Mega, M
|message|Ampharos has Mega Evolved into Mega Ampharos!
|-ability|p1a: Ampharos|Mold Breaker
|move|p2a: Hydreigon|Dark Pulse|p1a: Ampharos
|-damage|p1a: Ampharos|0 fnt
|-damage|p2a: Hydreigon|197\/325|[from] item: Life Orb
|faint|p1a: Ampharos
|
|
|switch|p1a: Swampert|Swampert, F|394\/394
|-damage|p1a: Swampert|370\/394|[from] Stealth Rock
|turn|7
|
|move|p2a: Hydreigon|Draco Meteor|p1a: Swampert
|-damage|p1a: Swampert|27\/394
|-unboost|p2a: Hydreigon|spa|2
|-damage|p2a: Hydreigon|165\/325|[from] item: Life Orb
|move|p1a: Swampert|Superpower|p2a: Hydreigon
|-supereffective|p2a: Hydreigon
|-damage|p2a: Hydreigon|0 fnt
|-unboost|p1a: Swampert|atk|1
|-unboost|p1a: Swampert|def|1
|faint|p2a: Hydreigon
|
|
|switch|p2a: Heracross|Heracross, M|311\/311
|turn|8
|
|move|p2a: Heracross|Close Combat|p1a: Swampert
|-damage|p1a: Swampert|0 fnt
|-unboost|p2a: Heracross|def|1
|-unboost|p2a: Heracross|spd|1
|faint|p1a: Swampert
|
|
|switch|p1a: Victini|Victini|272\/340
|-damage|p1a: Victini|187\/340|[from] Stealth Rock
|turn|9
|
|switch|p2a: Aerodactyl|Aerodactyl, M|321\/321
|move|p1a: Victini|V-create|p2a: Aerodactyl
|-crit|p2a: Aerodactyl
|-resisted|p2a: Aerodactyl
|-damage|p2a: Aerodactyl|58\/321
|-unboost|p1a: Victini|def|1
|-unboost|p1a: Victini|spd|1
|-unboost|p1a: Victini|spe|1
|
|turn|10
|
|detailschange|p2a: Aerodactyl|Aerodactyl-Mega, M
|message|Aerodactyl has Mega Evolved into Mega Aerodactyl!
|move|p2a: Aerodactyl|Pursuit|p1a: Victini|[from]Pursuit
|-supereffective|p1a: Victini
|-damage|p1a: Victini|0 fnt
|faint|p1a: Victini
|
|chat|asgdf|oo it gets Pursuit
|chat|asgdf|damn
|chat|Fat Lenny|shhh no one uses it yet
|
|switch|p1a: Heracross|Heracross, F|301\/301
|-damage|p1a: Heracross|264\/301|[from] Stealth Rock
|turn|11
|
|switch|p2a: Heracross|Heracross, M|311\/311
|move|p1a: Heracross|Close Combat|p2a: Heracross
|-resisted|p2a: Heracross
|-damage|p2a: Heracross|182\/311
|-unboost|p1a: Heracross|def|1
|-unboost|p1a: Heracross|spd|1
|
|-heal|p2a: Heracross|201\/311|[from] item: Leftovers
|turn|12
|
|switch|p1a: Empoleon|Empoleon, M|270\/372
|-damage|p1a: Empoleon|247\/372|[from] Stealth Rock
|move|p2a: Heracross|Close Combat|p1a: Empoleon
|-supereffective|p1a: Empoleon
|-damage|p1a: Empoleon|0 fnt
|-unboost|p2a: Heracross|def|1
|-unboost|p2a: Heracross|spd|1
|faint|p1a: Empoleon
|
|-heal|p2a: Heracross|220\/311|[from] item: Leftovers
|
|switch|p1a: Heracross|Heracross, F|264\/301
|-damage|p1a: Heracross|227\/301|[from] Stealth Rock
|turn|13
|
|switch|p2a: Aerodactyl|Aerodactyl-Mega, M|58\/321
|move|p1a: Heracross|Stone Edge|p2a: Aerodactyl
|-crit|p2a: Aerodactyl
|-supereffective|p2a: Aerodactyl
|-damage|p2a: Aerodactyl|0 fnt
|faint|p2a: Aerodactyl
|
|
|switch|p2a: Jirachi|Jirachi|341\/341
|turn|14
|
|move|p2a: Jirachi|Iron Head|p1a: Heracross
|-damage|p1a: Heracross|74\/301
|move|p1a: Heracross|Stone Edge|p2a: Jirachi
|-resisted|p2a: Jirachi
|-damage|p2a: Jirachi|285\/341
|
|turn|15
|
|move|p2a: Jirachi|Iron Head|p1a: Heracross
|-damage|p1a: Heracross|0 fnt
|faint|p1a: Heracross
|
|
|switch|p1a: Honchkrow|Honchkrow, M|341\/341
|-damage|p1a: Honchkrow|256\/341|[from] Stealth Rock
|turn|16
|
|move|p2a: Jirachi|Iron Head|p1a: Honchkrow
|-damage|p1a: Honchkrow|39\/341
|cant|p1a: Honchkrow|flinch
|
|turn|17
|
|move|p1a: Honchkrow|Sucker Punch|p2a: Jirachi
|-supereffective|p2a: Jirachi
|-damage|p2a: Jirachi|0 fnt
|-damage|p1a: Honchkrow|5\/341|[from] item: Life Orb
|faint|p2a: Jirachi
|-boost|p1a: Honchkrow|atk|1|[from] ability: Moxie
|
|
|switch|p2a: Heracross|Heracross, M|220\/311
|turn|18
|
|move|p1a: Honchkrow|Sucker Punch|p2a: Heracross
|-resisted|p2a: Heracross
|-damage|p2a: Heracross|46\/311
|-damage|p1a: Honchkrow|0 fnt|[from] item: Life Orb
|faint|p1a: Honchkrow
|
|win|Fat Lenny
|raw|<div class="broadcast-blue"><b>Community Mentoring is hosting a RarelyUsed workshop! if you're interested in the RarelyUsed tier, or want to learn about it, type '\/join community mentoring'! starting in a couple of minutes!<\/b><\/div>
|chat|asgdf|ah damn
|chat|Fat Lenny|GG
|chat|asgdf|gg