|join|xMarth
|join|Fat Lenny
|player|p1|xMarth|153
|player|p2|Fat Lenny|224
|gametype|singles
|gen|6
|tier|UU
|rule|Sleep Clause Mod: Limit one foe put to sleep
|rule|Species Clause: Limit one of each Pokémon
|rule|OHKO Clause: OHKO moves are banned
|rule|Moody Clause: Moody is banned
|rule|Evasion Moves Clause: Evasion moves are banned
|rule|Endless Battle Clause: Forcing endless battles is banned
|rule|HP Percentage Mod: HP is shown in percentages
|clearpoke
|poke|p1|Kyurem
|poke|p1|Forretress, M
|poke|p1|Florges, F
|poke|p1|Vaporeon, M
|poke|p1|Aerodactyl, M
|poke|p1|Jirachi
|poke|p2|Virizion
|poke|p2|Nidoqueen, F
|poke|p2|Aerodactyl, F
|poke|p2|Lucario, F
|poke|p2|Victini
|poke|p2|Hydreigon, F
|rule|Swagger Clause: Swagger is banned
|rule|Baton Pass Clause: Limit one Pokémon knowing Baton Pass
|teampreview
|c|★Fat Lenny|nlhf
|c|★xMarth|u2
|
|start
|switch|p1a: Vaporeon|Vaporeon, M|464\/464
|switch|p2a: Aerodactyl|Aerodactyl, F|321\/321
|turn|1
|
|switch|p2a: Virizion|Virizion|324\/324
|switch|p1a: Forretress|Forretress, M|354\/354
|
|turn|2
|
|move|p2a: Virizion|Swords Dance|p2a: Virizion
|-boost|p2a: Virizion|atk|2
|move|p1a: Forretress|Stealth Rock|p2a: Virizion
|-sidestart|p2: Fat Lenny|move: Stealth Rock
|
|turn|3
|
|move|p2a: Virizion|Close Combat|p1a: Forretress
|-damage|p1a: Forretress|164\/354
|-unboost|p2a: Virizion|def|1
|-unboost|p2a: Virizion|spd|1
|move|p1a: Forretress|Volt Switch|p2a: Virizion
|-resisted|p2a: Virizion
|-damage|p2a: Virizion|303\/324
|
|switch|p1a: Aerodactyl|Aerodactyl, M|331\/331
|-ability|p1a: Aerodactyl|Pressure
|
|turn|4
|
|switch|p2a: Hydreigon|Hydreigon, F|325\/325
|-damage|p2a: Hydreigon|285\/325|[from] Stealth Rock
|detailschange|p1a: Aerodactyl|Aerodactyl-Mega, M
|message|Aerodactyl has Mega Evolved into Mega Aerodactyl!
|move|p1a: Aerodactyl|Aerial Ace|p2a: Hydreigon
|-crit|p2a: Hydreigon
|-damage|p2a: Hydreigon|20\/325
|
|turn|5
|
|switch|p1a: Florges|Florges, F|360\/360
|move|p2a: Hydreigon|Draco Meteor|p1a: Florges
|-immune|p1a: Florges|[msg]
|
|turn|6
|
|move|p2a: Hydreigon|Draco Meteor|p1a: Florges
|-immune|p1a: Florges|[msg]
|move|p1a: Florges|Moonblast|p2a: Hydreigon
|-supereffective|p2a: Hydreigon
|-damage|p2a: Hydreigon|0 fnt
|faint|p2a: Hydreigon
|
|
|switch|p2a: Nidoqueen|Nidoqueen, F|366\/366
|-damage|p2a: Nidoqueen|344\/366|[from] Stealth Rock
|turn|7
|
|switch|p1a: Vaporeon|Vaporeon, M|464\/464
|move|p2a: Nidoqueen|Stealth Rock|p1a: Vaporeon
|-sidestart|p1: xMarth|move: Stealth Rock
|
|turn|8
|
|switch|p2a: Virizion|Virizion|303\/324
|-damage|p2a: Virizion|283\/324|[from] Stealth Rock
|move|p1a: Vaporeon|Wish|p1a: Vaporeon
|
|turn|9
|
|switch|p1a: Forretress|Forretress, M|164\/354
|-damage|p1a: Forretress|120\/354|[from] Stealth Rock
|move|p2a: Virizion|Swords Dance|p2a: Virizion
|-boost|p2a: Virizion|atk|2
|
|-heal|p1a: Forretress|352\/354|[from] move: Wish|[wisher] Vaporeon
|-heal|p1a: Forretress|354\/354|[from] item: Leftovers
|turn|10
|
|switch|p2a: Nidoqueen|Nidoqueen, F|344\/366
|-damage|p2a: Nidoqueen|322\/366|[from] Stealth Rock
|move|p1a: Forretress|Volt Switch|p2a: Nidoqueen
|-immune|p2a: Nidoqueen|[msg]
|
|turn|11
|
|switch|p1a: Kyurem|Kyurem|391\/391
|-damage|p1a: Kyurem|294\/391|[from] Stealth Rock
|-ability|p1a: Kyurem|Pressure
|move|p2a: Nidoqueen|Earth Power|p1a: Kyurem
|-damage|p1a: Kyurem|21\/391
|
|turn|12
|
|switch|p2a: Lucario|Lucario, F|281\/281
|-damage|p2a: Lucario|273\/281|[from] Stealth Rock
|move|p1a: Kyurem|Ice Beam|p2a: Lucario
|-resisted|p2a: Lucario
|-damage|p2a: Lucario|140\/281
|-damage|p1a: Kyurem|0 fnt|[from] item: Life Orb
|faint|p1a: Kyurem
|
|
|switch|p1a: Jirachi|Jirachi|341\/341
|-damage|p1a: Jirachi|320\/341|[from] Stealth Rock
|turn|13
|
|switch|p2a: Victini|Victini|341\/341
|-damage|p2a: Victini|256\/341|[from] Stealth Rock
|move|p1a: Jirachi|Fire Punch|p2a: Victini
|-resisted|p2a: Victini
|-damage|p2a: Victini|224\/341
|
|turn|14
|
|switch|p1a: Vaporeon|Vaporeon, M|464\/464
|-damage|p1a: Vaporeon|406\/464|[from] Stealth Rock
|move|p2a: Victini|V-create|p1a: Vaporeon
|-resisted|p1a: Vaporeon
|-damage|p1a: Vaporeon|221\/464
|-unboost|p2a: Victini|def|1
|-unboost|p2a: Victini|spd|1
|-unboost|p2a: Victini|spe|1
|
|-heal|p1a: Vaporeon|250\/464|[from] item: Leftovers
|turn|15
|
|switch|p2a: Virizion|Virizion|283\/324
|-damage|p2a: Virizion|263\/324|[from] Stealth Rock
|switch|p1a: Forretress|Forretress, M|354\/354
|-damage|p1a: Forretress|310\/354|[from] Stealth Rock
|
|-heal|p1a: Forretress|332\/354|[from] item: Leftovers
|turn|16
|
|switch|p2a: Nidoqueen|Nidoqueen, F|322\/366
|-damage|p2a: Nidoqueen|300\/366|[from] Stealth Rock
|move|p1a: Forretress|Rapid Spin|p2a: Nidoqueen
|-damage|p2a: Nidoqueen|286\/366
|-sideend|p1: xMarth|Stealth Rock|[from] move: Rapid Spin|[of] p1a: Forretress
|
|-heal|p1a: Forretress|354\/354|[from] item: Leftovers
|turn|17
|
|switch|p1a: Aerodactyl|Aerodactyl-Mega, M|331\/331
|move|p2a: Nidoqueen|Stealth Rock|p1a: Aerodactyl
|-sidestart|p1: xMarth|move: Stealth Rock
|
|turn|18
|join|sniperaim
|
|move|p1a: Aerodactyl|Aqua Tail|p2a: Nidoqueen
|-supereffective|p2a: Nidoqueen
|-damage|p2a: Nidoqueen|0 fnt
|faint|p2a: Nidoqueen
|
|
|switch|p2a: Aerodactyl|Aerodactyl, F|321\/321
|-damage|p2a: Aerodactyl|241\/321|[from] Stealth Rock
|turn|19
|
|detailschange|p2a: Aerodactyl|Aerodactyl-Mega, F
|message|Aerodactyl has Mega Evolved into Mega Aerodactyl!
|move|p1a: Aerodactyl|Aqua Tail|p2a: Aerodactyl
|-supereffective|p2a: Aerodactyl
|-damage|p2a: Aerodactyl|0 fnt
|faint|p2a: Aerodactyl
|
|
|switch|p2a: Lucario|Lucario, F|140\/281
|-damage|p2a: Lucario|132\/281|[from] Stealth Rock
|turn|20
|
|move|p2a: Lucario|Bullet Punch|p1a: Aerodactyl
|-supereffective|p1a: Aerodactyl
|-damage|p1a: Aerodactyl|126\/331
|-damage|p2a: Lucario|104\/281|[from] item: Life Orb
|move|p1a: Aerodactyl|Aerial Ace|p2a: Lucario
|-crit|p2a: Lucario
|-damage|p2a: Lucario|0 fnt
|faint|p2a: Lucario
|
|c|★Fat Lenny|gg
|
|switch|p2a: Victini|Victini|224\/341
|-damage|p2a: Victini|139\/341|[from] Stealth Rock
|turn|21
|join|Stop Flexin
|c|★xMarth|gg
|c| Stop Flexin|something gonna happen?
|c|★xMarth|soon
|leave|sniperaim
|c| Stop Flexin|soon~
|join|Stanky Snatch
|leave|Stanky Snatch
|join|Cinnamon
|leave|Cinnamon
|join|dingbat
|join|flabluhbluhbluh
|join|Syberia
|leave|Syberia
|join|ThespianZealot
|join|SmashBrosBrawl
|join|skanks ahoy
|leave|ThespianZealot
|leave|flabluhbluhbluh
|leave|skanks ahoy
|join|Umm what's my name
|join|CazeajeMacho
|join|Tony649
|c| Umm what's my name|okay so the objective of the game is to knock the opposing players pokemon out
|leave|Umm what's my name
|leave|CazeajeMacho
|c| Tony649|no shit
|join|alolloyd1
|leave|alolloyd1
|-message|Fat Lenny lost due to inactivity.
|
|win|xMarth
|leave|Tony649
|leave|Fat Lenny
|player|p2