|join|Fat Lenny
|join|IronBullet93
|player|p1|Fat Lenny|224
|player|p2|IronBullet93|66
|gametype|singles
|gen|6
|tier|UU
|rated
|rule|Sleep Clause Mod: Limit one foe put to sleep
|rule|Species Clause: Limit one of each Pokémon
|rule|OHKO Clause: OHKO moves are banned
|rule|Moody Clause: Moody is banned
|rule|Evasion Moves Clause: Evasion moves are banned
|rule|Endless Battle Clause: Forcing endless battles is banned
|rule|HP Percentage Mod: HP is shown in percentages
|clearpoke
|poke|p1|Nidoqueen, F
|poke|p1|Togekiss, F
|poke|p1|Blastoise, F
|poke|p1|Lucario, M
|poke|p1|Hydreigon, F
|poke|p1|Victini
|poke|p2|Crobat, F
|poke|p2|Victini
|poke|p2|Hydreigon, M
|poke|p2|Swampert, F
|poke|p2|Togekiss, M
|poke|p2|Lucario, F
|rule|Swagger Clause: Swagger is banned
|rule|Baton Pass Clause: Limit one Pokémon knowing Baton Pass
|teampreview
|c|★IronBullet93|this is so weird
|c|★IronBullet93|i thought of the exact same team as yours
|c|★IronBullet93|like 5 minutes ago
|join|EyanZ
|
|start
|switch|p1a: Blastoise|Blastoise, F|335\/335
|switch|p2a: Swampert|Swampert, F|401\/401
|turn|1
|
|switch|p2a: Togekiss|Togekiss, M|373\/373
|detailschange|p1a: Blastoise|Blastoise-Mega, F
|message|Blastoise has Mega Evolved into Mega Blastoise!
|move|p1a: Blastoise|Hydro Pump|p2a: Togekiss
|-damage|p2a: Togekiss|223\/373
|
|-heal|p2a: Togekiss|246\/373|[from] item: Leftovers
|turn|2
|
|switch|p1a: Nidoqueen|Nidoqueen, F|365\/365
|move|p2a: Togekiss|Roost|p2a: Togekiss
|-heal|p2a: Togekiss|373\/373
|
|turn|3
|
|move|p1a: Nidoqueen|Stealth Rock|p2a: Togekiss
|-sidestart|p2: IronBullet93|move: Stealth Rock
|move|p2a: Togekiss|Air Slash|p1a: Nidoqueen
|-damage|p1a: Nidoqueen|247\/365
|
|turn|4
|
|move|p1a: Nidoqueen|Ice Beam|p2a: Togekiss
|-supereffective|p2a: Togekiss
|-damage|p2a: Togekiss|207\/373
|move|p2a: Togekiss|Defog|p1a: Nidoqueen
|-unboost|p1a: Nidoqueen|evasion|1
|-sideend|p2: IronBullet93|Stealth Rock|[from] move: Defog|[of] p2a: Togekiss
|
|-heal|p2a: Togekiss|230\/373|[from] item: Leftovers
|turn|5
|
|move|p1a: Nidoqueen|Stealth Rock|p2a: Togekiss
|-sidestart|p2: IronBullet93|move: Stealth Rock
|move|p2a: Togekiss|Roost|p2a: Togekiss
|-heal|p2a: Togekiss|373\/373
|
|turn|6
|
|move|p1a: Nidoqueen|Sludge Wave|p2a: Togekiss
|-supereffective|p2a: Togekiss
|-damage|p2a: Togekiss|105\/373
|move|p2a: Togekiss|Air Slash|p1a: Nidoqueen
|-damage|p1a: Nidoqueen|124\/365
|
|-heal|p2a: Togekiss|128\/373|[from] item: Leftovers
|turn|7
|
|switch|p2a: Swampert|Swampert, F|401\/401
|-damage|p2a: Swampert|376\/401|[from] Stealth Rock
|move|p1a: Nidoqueen|Sludge Wave|p2a: Swampert
|-resisted|p2a: Swampert
|-damage|p2a: Swampert|258\/401
|
|-heal|p2a: Swampert|283\/401|[from] item: Leftovers
|turn|8
|
|switch|p1a: Blastoise|Blastoise-Mega, F|335\/335
|move|p2a: Swampert|Scald|p1a: Blastoise
|-crit|p1a: Blastoise
|-resisted|p1a: Blastoise
|-damage|p1a: Blastoise|277\/335
|
|-heal|p2a: Swampert|308\/401|[from] item: Leftovers
|turn|9
|
|move|p1a: Blastoise|Hydro Pump|p2a: Swampert
|-damage|p2a: Swampert|86\/401
|move|p2a: Swampert|Earthquake|p1a: Blastoise
|-damage|p1a: Blastoise|165\/335
|
|-heal|p2a: Swampert|111\/401|[from] item: Leftovers
|turn|10
|
|move|p1a: Blastoise|Dragon Pulse|p2a: Swampert
|-damage|p2a: Swampert|0 fnt
|faint|p2a: Swampert
|
|
|switch|p2a: Lucario|Lucario, F|281\/281
|-damage|p2a: Lucario|273\/281|[from] Stealth Rock
|turn|11
|join|namehtmas
|
|move|p2a: Lucario|Close Combat|p1a: Blastoise
|-damage|p1a: Blastoise|0 fnt
|-unboost|p2a: Lucario|def|1
|-unboost|p2a: Lucario|spd|1
|-damage|p2a: Lucario|245\/281|[from] item: Life Orb
|faint|p1a: Blastoise
|
|join|SkarmSteel
|
|switch|p1a: Victini|Victini|341\/341
|turn|12
|c| SkarmSteel|those teams are almost exactly the same...
|
|switch|p2a: Togekiss|Togekiss, M|128\/373
|-damage|p2a: Togekiss|35\/373|[from] Stealth Rock
|move|p1a: Victini|U-turn|p2a: Togekiss
|-resisted|p2a: Togekiss
|-damage|p2a: Togekiss|10\/373
|
|switch|p1a: Nidoqueen|Nidoqueen, F|124\/365
|
|-heal|p2a: Togekiss|33\/373|[from] item: Leftovers
|turn|13
|
|move|p1a: Nidoqueen|Ice Beam|p2a: Togekiss
|-supereffective|p2a: Togekiss
|-damage|p2a: Togekiss|0 fnt
|faint|p2a: Togekiss
|
|
|switch|p2a: Crobat|Crobat, F|373\/373
|-damage|p2a: Crobat|280\/373|[from] Stealth Rock
|turn|14
|
|move|p2a: Crobat|Brave Bird|p1a: Nidoqueen
|-damage|p1a: Nidoqueen|0 fnt
|-damage|p2a: Crobat|239\/373|[from] recoil|[of] p1a: Nidoqueen
|faint|p1a: Nidoqueen
|
|-heal|p2a: Crobat|262\/373|[from] item: Black Sludge
|
|switch|p1a: Victini|Victini|341\/341
|turn|15
|
|move|p2a: Crobat|Brave Bird|p1a: Victini
|-crit|p1a: Victini
|-damage|p1a: Victini|127\/341
|-damage|p2a: Crobat|191\/373|[from] recoil|[of] p1a: Victini
|move|p1a: Victini|V-create|p2a: Crobat
|-damage|p2a: Crobat|0 fnt
|-unboost|p1a: Victini|def|1
|-unboost|p1a: Victini|spd|1
|-unboost|p1a: Victini|spe|1
|faint|p2a: Crobat
|
|
|switch|p2a: Hydreigon|Hydreigon, M|325\/325
|-damage|p2a: Hydreigon|285\/325|[from] Stealth Rock
|turn|16
|
|switch|p1a: Togekiss|Togekiss, F|350\/350
|move|p2a: Hydreigon|Dark Pulse|p1a: Togekiss
|-resisted|p1a: Togekiss
|-damage|p1a: Togekiss|290\/350
|
|-heal|p1a: Togekiss|311\/350|[from] item: Leftovers
|turn|17
|
|switch|p2a: Victini|Victini|341\/341
|-damage|p2a: Victini|256\/341|[from] Stealth Rock
|move|p1a: Togekiss|Air Slash|p2a: Victini
|-damage|p2a: Victini|123\/341
|
|-heal|p1a: Togekiss|332\/350|[from] item: Leftovers
|turn|18
|
|switch|p1a: Hydreigon|Hydreigon, F|325\/325
|move|p2a: Victini|V-create|p1a: Hydreigon
|-resisted|p1a: Hydreigon
|-damage|p1a: Hydreigon|86\/325
|-unboost|p2a: Victini|def|1
|-unboost|p2a: Victini|spd|1
|-unboost|p2a: Victini|spe|1
|
|turn|19
|
|move|p1a: Hydreigon|Dragon Pulse|p2a: Victini
|-damage|p2a: Victini|0 fnt
|faint|p2a: Victini
|
|
|switch|p2a: Lucario|Lucario, F|245\/281
|-damage|p2a: Lucario|237\/281|[from] Stealth Rock
|turn|20
|
|move|p2a: Lucario|Extreme Speed|p1a: Hydreigon
|-damage|p1a: Hydreigon|0 fnt
|-damage|p2a: Lucario|209\/281|[from] item: Life Orb
|faint|p1a: Hydreigon
|
|
|switch|p1a: Togekiss|Togekiss, F|332\/350
|turn|21
|
|switch|p2a: Hydreigon|Hydreigon, M|285\/325
|-damage|p2a: Hydreigon|245\/325|[from] Stealth Rock
|move|p1a: Togekiss|Aura Sphere|p2a: Hydreigon
|-supereffective|p2a: Hydreigon
|-damage|p2a: Hydreigon|19\/325
|
|-heal|p1a: Togekiss|350\/350|[from] item: Leftovers
|turn|22
|
|move|p2a: Hydreigon|Flash Cannon|p1a: Togekiss
|-supereffective|p1a: Togekiss
|-damage|p1a: Togekiss|198\/350
|move|p1a: Togekiss|Aura Sphere|p2a: Hydreigon
|-supereffective|p2a: Hydreigon
|-damage|p2a: Hydreigon|0 fnt
|faint|p2a: Hydreigon
|
|-heal|p1a: Togekiss|219\/350|[from] item: Leftovers
|
|switch|p2a: Lucario|Lucario, F|209\/281
|-damage|p2a: Lucario|201\/281|[from] Stealth Rock
|turn|23
|
|move|p2a: Lucario|Extreme Speed|p1a: Togekiss
|-damage|p1a: Togekiss|94\/350
|-damage|p2a: Lucario|173\/281|[from] item: Life Orb
|move|p1a: Togekiss|Aura Sphere|p2a: Lucario
|-supereffective|p2a: Lucario
|-damage|p2a: Lucario|0 fnt
|faint|p2a: Lucario
|
|win|Fat Lenny
|raw|Ladder updating...
|c|★IronBullet93|gg
|join|Dudeman130498
|raw|Fat Lenny's rating: 1634 &rarr; <strong>1653<\/strong><br \/>(+19 for winning)
|raw|IronBullet93's rating: 1613 &rarr; <strong>1594<\/strong><br \/>(-19 for losing)
|leave|IronBullet93
|player|p2