|join|Fat Lenny
|join|Whoooo
|player|p1|Fat Lenny|224
|player|p2|Whoooo|242
|gametype|singles
|gen|6
|tier|UU
|rated
|rule|Sleep Clause Mod: Limit one foe put to sleep
|rule|Species Clause: Limit one of each Pokémon
|rule|OHKO Clause: OHKO moves are banned
|rule|Moody Clause: Moody is banned
|rule|Evasion Moves Clause: Evasion moves are banned
|rule|Endless Battle Clause: Forcing endless battles is banned
|rule|HP Percentage Mod: HP is shown in percentages
|clearpoke
|poke|p1|Haxorus, M
|poke|p1|Nidoqueen, F
|poke|p1|Aerodactyl, M
|poke|p1|Lucario, F
|poke|p1|Jirachi, shiny
|poke|p1|Hydreigon, M
|poke|p2|Florges, F
|poke|p2|Infernape, M
|poke|p2|Noivern, F
|poke|p2|Porygon2
|poke|p2|Absol, M
|poke|p2|Alomomola, F
|rule|Swagger Clause: Swagger is banned
|rule|Baton Pass Clause: Limit one Pokémon knowing Baton Pass
|teampreview
|
|start
|switch|p1a: Aerodactyl|Aerodactyl, M|321\/321
|switch|p2a: Noivern|Noivern, F|311\/311
|turn|1
|
|detailschange|p1a: Aerodactyl|Aerodactyl-Mega, M
|message|Aerodactyl has Mega Evolved into Mega Aerodactyl!
|move|p2a: Noivern|Draco Meteor|p1a: Aerodactyl
|-damage|p1a: Aerodactyl|27\/321
|-unboost|p2a: Noivern|spa|2
|move|p1a: Aerodactyl|Pursuit|p2a: Noivern
|-damage|p2a: Noivern|232\/311
|
|turn|2
|
|switch|p2a: Alomomola|Alomomola, F|534\/534
|move|p1a: Aerodactyl|Stone Edge|p2a: Alomomola
|-damage|p2a: Alomomola|360\/534
|
|turn|3
|
|switch|p1a: Nidoqueen|Nidoqueen, F|366\/366
|move|p2a: Alomomola|Scald|p1a: Nidoqueen
|-supereffective|p1a: Nidoqueen
|-damage|p1a: Nidoqueen|268\/366
|
|turn|4
|
|switch|p2a: Infernape|Infernape, M|293\/293
|move|p1a: Nidoqueen|Stealth Rock|p2a: Infernape
|-sidestart|p2: Whoooo|move: Stealth Rock
|
|turn|5
|join|Kushalos
|
|switch|p1a: Aerodactyl|Aerodactyl-Mega, M|27\/321
|move|p2a: Infernape|Encore|p1a: Aerodactyl
|-fail|p1a: Aerodactyl
|
|turn|6
|
|move|p1a: Aerodactyl|Stone Edge|p2a: Infernape
|-damage|p2a: Infernape|34\/293
|move|p2a: Infernape|Fire Punch|p1a: Aerodactyl
|-crit|p1a: Aerodactyl
|-resisted|p1a: Aerodactyl
|-damage|p1a: Aerodactyl|0 fnt
|faint|p1a: Aerodactyl
|
|
|switch|p1a: Lucario|Lucario, F|281\/281
|turn|7
|
|move|p1a: Lucario|Extreme Speed|p2a: Infernape
|-damage|p2a: Infernape|0 fnt
|-damage|p1a: Lucario|253\/281|[from] item: Life Orb
|faint|p2a: Infernape
|
|
|switch|p2a: Alomomola|Alomomola, F|534\/534
|-damage|p2a: Alomomola|468\/534|[from] Stealth Rock
|turn|8
|
|switch|p1a: Haxorus|Haxorus, M|293\/293
|-ability|p1a: Haxorus|Mold Breaker
|move|p2a: Alomomola|Scald|p1a: Haxorus
|-resisted|p1a: Haxorus
|-damage|p1a: Haxorus|263\/293
|
|turn|9
|
|move|p1a: Haxorus|Swords Dance|p1a: Haxorus
|-boost|p1a: Haxorus|atk|2
|move|p2a: Alomomola|Toxic|p1a: Haxorus
|-status|p1a: Haxorus|tox
|-enditem|p1a: Haxorus|Lum Berry|[eat]
|-curestatus|p1a: Haxorus|tox
|
|turn|10
|
|move|p1a: Haxorus|Outrage|p2a: Alomomola
|-damage|p2a: Alomomola|95\/534
|-damage|p1a: Haxorus|215\/293|[from] item: Rocky Helmet|[of] p2a: Alomomola
|move|p2a: Alomomola|Wish|p2a: Alomomola
|
|turn|11
|
|move|p2a: Alomomola|Protect|p2a: Alomomola
|-singleturn|p2a: Alomomola|Protect
|move|p1a: Haxorus|Outrage|p2a: Alomomola
|-activate|p2a: Alomomola|Protect
|
|-end|p1a: Haxorus|rampage
|-start|p1a: Haxorus|confusion
|-heal|p2a: Alomomola|362\/534|[from] move: Wish|[wisher] Alomomola
|turn|12
|
|switch|p1a: Nidoqueen|Nidoqueen, F|268\/366
|move|p2a: Alomomola|Wish|p2a: Alomomola
|
|turn|13
|
|switch|p2a: Noivern|Noivern, F|232\/311
|-damage|p2a: Noivern|155\/311|[from] Stealth Rock
|move|p1a: Nidoqueen|Sludge Wave|p2a: Noivern
|-damage|p2a: Noivern|0 fnt
|faint|p2a: Noivern
|
|c|+Kushalos|big boi play
|
|switch|p2a: Porygon2|Porygon2|374\/374
|-damage|p2a: Porygon2|328\/374|[from] Stealth Rock
|turn|14
|
|switch|p1a: Haxorus|Haxorus, M|215\/293
|-ability|p1a: Haxorus|Mold Breaker
|move|p2a: Porygon2|Psyshock|p1a: Haxorus
|-damage|p1a: Haxorus|126\/293
|
|turn|15
|
|move|p1a: Haxorus|Outrage|p2a: Porygon2
|-damage|p2a: Porygon2|187\/374
|move|p2a: Porygon2|Tri Attack|p1a: Haxorus
|-damage|p1a: Haxorus|0 fnt
|faint|p1a: Haxorus
|
|leave|Kushalos
|
|switch|p1a: Lucario|Lucario, F|253\/281
|turn|16
|
|switch|p2a: Alomomola|Alomomola, F|534\/534
|-damage|p2a: Alomomola|468\/534|[from] Stealth Rock
|move|p1a: Lucario|Close Combat|p2a: Alomomola
|-damage|p2a: Alomomola|248\/534
|-damage|p1a: Lucario|207\/281|[from] item: Rocky Helmet|[of] p2a: Alomomola
|-unboost|p1a: Lucario|def|1
|-unboost|p1a: Lucario|spd|1
|-damage|p1a: Lucario|179\/281|[from] item: Life Orb
|
|turn|17
|
|switch|p1a: Nidoqueen|Nidoqueen, F|268\/366
|move|p2a: Alomomola|Wish|p2a: Alomomola
|
|turn|18
|
|switch|p2a: Porygon2|Porygon2|187\/374
|-damage|p2a: Porygon2|141\/374|[from] Stealth Rock
|move|p1a: Nidoqueen|Sludge Wave|p2a: Porygon2
|-damage|p2a: Porygon2|11\/374
|
|-heal|p2a: Porygon2|278\/374|[from] move: Wish|[wisher] Alomomola
|turn|19
|
|move|p1a: Nidoqueen|Sludge Wave|p2a: Porygon2
|-damage|p2a: Porygon2|148\/374
|move|p2a: Porygon2|Psyshock|p1a: Nidoqueen
|-supereffective|p1a: Nidoqueen
|-damage|p1a: Nidoqueen|86\/366
|
|turn|20
|
|move|p1a: Nidoqueen|Sludge Wave|p2a: Porygon2
|-damage|p2a: Porygon2|18\/374
|move|p2a: Porygon2|Recover|p2a: Porygon2
|-heal|p2a: Porygon2|205\/374
|
|turn|21
|
|switch|p1a: Jirachi|Jirachi, shiny|341\/341
|move|p2a: Porygon2|Recover|p2a: Porygon2
|-heal|p2a: Porygon2|374\/374
|
|turn|22
|
|switch|p2a: Alomomola|Alomomola, F|426\/534
|-damage|p2a: Alomomola|360\/534|[from] Stealth Rock
|move|p1a: Jirachi|Calm Mind|p1a: Jirachi
|-boost|p1a: Jirachi|spa|1
|-boost|p1a: Jirachi|spd|1
|
|turn|23
|
|move|p1a: Jirachi|Calm Mind|p1a: Jirachi
|-boost|p1a: Jirachi|spa|1
|-boost|p1a: Jirachi|spd|1
|move|p2a: Alomomola|Scald|p1a: Jirachi
|-damage|p1a: Jirachi|317\/341
|-status|p1a: Jirachi|brn
|
|-heal|p1a: Jirachi|338\/341 brn|[from] item: Leftovers
|-damage|p1a: Jirachi|296\/341 brn|[from] brn
|turn|24
|
|move|p2a: Alomomola|Protect|p2a: Alomomola
|-singleturn|p2a: Alomomola|Protect
|move|p1a: Jirachi|Moonblast|p2a: Alomomola
|-activate|p2a: Alomomola|Protect
|
|-heal|p1a: Jirachi|317\/341 brn|[from] item: Leftovers
|-damage|p1a: Jirachi|275\/341 brn|[from] brn
|turn|25
|
|move|p1a: Jirachi|Calm Mind|p1a: Jirachi
|-boost|p1a: Jirachi|spa|1
|-boost|p1a: Jirachi|spd|1
|move|p2a: Alomomola|Wish|p2a: Alomomola
|
|-heal|p1a: Jirachi|296\/341 brn|[from] item: Leftovers
|-damage|p1a: Jirachi|254\/341 brn|[from] brn
|turn|26
|
|move|p2a: Alomomola|Protect|p2a: Alomomola
|-singleturn|p2a: Alomomola|Protect
|move|p1a: Jirachi|Calm Mind|p1a: Jirachi
|-boost|p1a: Jirachi|spa|1
|-boost|p1a: Jirachi|spd|1
|
|-heal|p2a: Alomomola|534\/534|[from] move: Wish|[wisher] Alomomola
|-heal|p1a: Jirachi|275\/341 brn|[from] item: Leftovers
|-damage|p1a: Jirachi|233\/341 brn|[from] brn
|turn|27
|
|move|p1a: Jirachi|Psyshock|p2a: Alomomola
|-damage|p2a: Alomomola|230\/534
|move|p2a: Alomomola|Scald|p1a: Jirachi
|-damage|p1a: Jirachi|218\/341 brn
|
|-heal|p1a: Jirachi|239\/341 brn|[from] item: Leftovers
|-damage|p1a: Jirachi|197\/341 brn|[from] brn
|turn|28
|join|LiberalLucario
|
|move|p1a: Jirachi|Moonblast|p2a: Alomomola
|-damage|p2a: Alomomola|0 fnt
|faint|p2a: Alomomola
|
|-heal|p1a: Jirachi|218\/341 brn|[from] item: Leftovers
|-damage|p1a: Jirachi|176\/341 brn|[from] brn
|
|switch|p2a: Absol|Absol, M|334\/334
|-damage|p2a: Absol|293\/334|[from] Stealth Rock
|turn|29
|
|detailschange|p2a: Absol|Absol-Mega, M
|message|Absol has Mega Evolved into Mega Absol!
|move|p2a: Absol|Sucker Punch|p1a: Jirachi
|-supereffective|p1a: Jirachi
|-damage|p1a: Jirachi|0 fnt
|faint|p1a: Jirachi
|
|join|Nysyr
|
|switch|p1a: Hydreigon|Hydreigon, M|325\/325
|turn|30
|
|switch|p2a: Florges|Florges, F|360\/360
|-damage|p2a: Florges|315\/360|[from] Stealth Rock
|move|p1a: Hydreigon|U-turn|p2a: Florges
|-resisted|p2a: Florges
|-damage|p2a: Florges|273\/360
|
|switch|p1a: Nidoqueen|Nidoqueen, F|86\/366
|
|-heal|p2a: Florges|295\/360|[from] item: Leftovers
|turn|31
|
|switch|p1a: Lucario|Lucario, F|179\/281
|switch|p2a: Porygon2|Porygon2|374\/374
|-damage|p2a: Porygon2|328\/374|[from] Stealth Rock
|
|turn|32
|
|move|p1a: Lucario|Close Combat|p2a: Porygon2
|-supereffective|p2a: Porygon2
|-damage|p2a: Porygon2|16\/374
|-unboost|p1a: Lucario|def|1
|-unboost|p1a: Lucario|spd|1
|-damage|p1a: Lucario|151\/281|[from] item: Life Orb
|move|p2a: Porygon2|Psyshock|p1a: Lucario
|-damage|p1a: Lucario|0 fnt
|faint|p1a: Lucario
|
|join|YoungLegend
|c| Nysyr|wishing you had dragon pulse right about now?
|
|switch|p1a: Hydreigon|Hydreigon, M|325\/325
|turn|33
|
|move|p1a: Hydreigon|Fire Blast|p2a: Porygon2
|-damage|p2a: Porygon2|0 fnt
|faint|p2a: Porygon2
|
|
|switch|p2a: Absol|Absol-Mega, M|293\/334
|-damage|p2a: Absol|252\/334|[from] Stealth Rock
|turn|34
|
|move|p1a: Hydreigon|Fire Blast|p2a: Absol
|-damage|p2a: Absol|69\/334
|move|p2a: Absol|Superpower|p1a: Hydreigon
|-supereffective|p1a: Hydreigon
|-damage|p1a: Hydreigon|0 fnt
|-unboost|p2a: Absol|atk|1
|-unboost|p2a: Absol|def|1
|faint|p1a: Hydreigon
|
|
|switch|p1a: Nidoqueen|Nidoqueen, F|86\/366
|turn|35
|
|move|p2a: Absol|Sucker Punch|p1a: Nidoqueen
|-damage|p1a: Nidoqueen|0 fnt
|faint|p1a: Nidoqueen
|
|win|Whoooo
|raw|Ladder updating...
|raw|Fat Lenny's rating: 1693 &rarr; <strong>1660<\/strong><br \/>(-33 for losing)
|raw|Whoooo's rating: 1406 &rarr; <strong>1440<\/strong><br \/>(+34 for winning)
|c|★Whoooo|gg
|leave|Fat Lenny
|player|p1
|leave|Nysyr