|join|hax for days
|join|Fat Lenny
|player|p1|hax for days|165
|player|p2|Fat Lenny|224
|gametype|singles
|gen|6
|tier|UU
|rated
|rule|Sleep Clause Mod: Limit one foe put to sleep
|rule|Species Clause: Limit one of each Pokémon
|rule|OHKO Clause: OHKO moves are banned
|rule|Moody Clause: Moody is banned
|rule|Evasion Moves Clause: Evasion moves are banned
|rule|Endless Battle Clause: Forcing endless battles is banned
|rule|HP Percentage Mod: HP is shown in percentages
|clearpoke
|poke|p1|Krookodile, M
|poke|p1|Lucario, M
|poke|p1|Suicune
|poke|p1|Forretress, M
|poke|p1|Entei, shiny
|poke|p1|Raikou
|poke|p2|Haxorus, F
|poke|p2|Nidoqueen, F
|poke|p2|Aerodactyl, F
|poke|p2|Lucario, M
|poke|p2|Jirachi, shiny
|poke|p2|Hydreigon, F
|rule|Swagger Clause: Swagger is banned
|rule|Baton Pass Clause: Limit one Pokémon knowing Baton Pass
|teampreview
|c|★hax for days|gl
|join|Cloyster Chowder
|
|start
|switch|p1a: Raikou|Raikou|322\/322
|switch|p2a: Hydreigon|Hydreigon, F|325\/325
|-ability|p1a: Raikou|Pressure
|turn|1
|join|z0mOG
|
|switch|p2a: Nidoqueen|Nidoqueen, F|366\/366
|move|p1a: Raikou|Volt Switch|p2a: Nidoqueen
|-immune|p2a: Nidoqueen|[msg]
|
|turn|2
|
|move|p1a: Raikou|Extrasensory|p2a: Nidoqueen
|-supereffective|p2a: Nidoqueen
|-damage|p2a: Nidoqueen|166\/366
|cant|p2a: Nidoqueen|flinch
|
|turn|3
|
|switch|p2a: Hydreigon|Hydreigon, F|325\/325
|move|p1a: Raikou|Extrasensory|p2a: Hydreigon
|-immune|p2a: Hydreigon|[msg]
|
|turn|4
|
|move|p2a: Hydreigon|Dark Pulse|p1a: Raikou
|-damage|p1a: Raikou|222\/322
|move|p1a: Raikou|Volt Switch|p2a: Hydreigon
|-resisted|p2a: Hydreigon
|-damage|p2a: Hydreigon|265\/325
|
|switch|p1a: Krookodile|Krookodile, M|331\/331
|-ability|p1a: Krookodile|Intimidate|[of] p2a: Hydreigon
|-unboost|p2a: Hydreigon|atk|1
|
|turn|5
|
|switch|p2a: Aerodactyl|Aerodactyl, F|321\/321
|move|p1a: Krookodile|Knock Off|p2a: Aerodactyl
|-damage|p2a: Aerodactyl|93\/321
|
|turn|6
|
|detailschange|p2a: Aerodactyl|Aerodactyl-Mega, F
|message|Aerodactyl has Mega Evolved into Mega Aerodactyl!
|move|p2a: Aerodactyl|Roost|p2a: Aerodactyl
|-heal|p2a: Aerodactyl|254\/321
|move|p1a: Krookodile|Knock Off|p2a: Aerodactyl
|-damage|p2a: Aerodactyl|79\/321
|
|turn|7
|
|switch|p1a: Forretress|Forretress, M|354\/354
|move|p2a: Aerodactyl|Roost|p2a: Aerodactyl
|-heal|p2a: Aerodactyl|240\/321
|
|turn|8
|
|switch|p2a: Nidoqueen|Nidoqueen, F|166\/366
|move|p1a: Forretress|Stealth Rock|p2a: Nidoqueen
|-sidestart|p2: Fat Lenny|move: Stealth Rock
|
|turn|9
|
|move|p2a: Nidoqueen|Earth Power|p1a: Forretress
|-damage|p1a: Forretress|21\/354
|move|p1a: Forretress|Gyro Ball|p2a: Nidoqueen
|-damage|p2a: Nidoqueen|87\/366
|
|-heal|p1a: Forretress|43\/354|[from] item: Leftovers
|turn|10
|
|move|p2a: Nidoqueen|Stealth Rock|p1a: Forretress
|-sidestart|p1: hax for days|move: Stealth Rock
|move|p1a: Forretress|Rapid Spin|p2a: Nidoqueen
|-damage|p2a: Nidoqueen|70\/366
|-sideend|p1: hax for days|Stealth Rock|[from] move: Rapid Spin|[of] p1a: Forretress
|
|-heal|p1a: Forretress|65\/354|[from] item: Leftovers
|turn|11
|
|move|p2a: Nidoqueen|Earth Power|p1a: Forretress
|-damage|p1a: Forretress|0 fnt
|faint|p1a: Forretress
|
|
|switch|p1a: Krookodile|Krookodile, M|331\/331
|-ability|p1a: Krookodile|Intimidate|[of] p2a: Nidoqueen
|-unboost|p2a: Nidoqueen|atk|1
|turn|12
|
|move|p1a: Krookodile|Pursuit|p2a: Nidoqueen
|-damage|p2a: Nidoqueen|0 fnt
|faint|p2a: Nidoqueen
|
|
|switch|p2a: Haxorus|Haxorus, F|293\/293
|-damage|p2a: Haxorus|257\/293|[from] Stealth Rock
|-ability|p2a: Haxorus|Mold Breaker
|turn|13
|
|move|p2a: Haxorus|Swords Dance|p2a: Haxorus
|-boost|p2a: Haxorus|atk|2
|move|p1a: Krookodile|Pursuit|p2a: Haxorus
|-damage|p2a: Haxorus|140\/293
|
|turn|14
|
|switch|p1a: Lucario|Lucario, M|281\/281
|move|p2a: Haxorus|Outrage|p1a: Lucario
|-resisted|p1a: Lucario
|-damage|p1a: Lucario|0 fnt
|faint|p1a: Lucario
|
|
|switch|p1a: Entei|Entei, shiny|371\/371
|-ability|p1a: Entei|Pressure
|turn|15
|
|move|p1a: Entei|Extreme Speed|p2a: Haxorus
|-damage|p2a: Haxorus|0 fnt
|faint|p2a: Haxorus
|
|
|switch|p2a: Lucario|Lucario, M|281\/281
|-damage|p2a: Lucario|273\/281|[from] Stealth Rock
|turn|16
|
|switch|p1a: Krookodile|Krookodile, M|331\/331
|-ability|p1a: Krookodile|Intimidate|[of] p2a: Lucario
|-unboost|p2a: Lucario|atk|1
|move|p2a: Lucario|Swords Dance|p2a: Lucario
|-boost|p2a: Lucario|atk|2
|
|turn|17
|
|move|p2a: Lucario|Extreme Speed|p1a: Krookodile
|-damage|p1a: Krookodile|119\/331
|-damage|p2a: Lucario|245\/281|[from] item: Life Orb
|move|p1a: Krookodile|Earthquake|p2a: Lucario
|-supereffective|p2a: Lucario
|-damage|p2a: Lucario|0 fnt
|faint|p2a: Lucario
|
|
|switch|p2a: Hydreigon|Hydreigon, F|265\/325
|-damage|p2a: Hydreigon|225\/325|[from] Stealth Rock
|turn|18
|
|switch|p1a: Entei|Entei, shiny|371\/371
|-ability|p1a: Entei|Pressure
|move|p2a: Hydreigon|Dark Pulse|p1a: Entei
|-damage|p1a: Entei|184\/371
|
|turn|19
|
|move|p1a: Entei|Extreme Speed|p2a: Hydreigon
|-damage|p2a: Hydreigon|55\/325
|move|p2a: Hydreigon|Dark Pulse|p1a: Entei
|-damage|p1a: Entei|3\/371
|
|turn|20
|
|switch|p2a: Jirachi|Jirachi, shiny|341\/341
|-damage|p2a: Jirachi|320\/341|[from] Stealth Rock
|move|p1a: Entei|Extreme Speed|p2a: Jirachi
|-resisted|p2a: Jirachi
|-damage|p2a: Jirachi|244\/341
|
|-heal|p2a: Jirachi|265\/341|[from] item: Leftovers
|turn|21
|
|switch|p1a: Raikou|Raikou|222\/322
|-ability|p1a: Raikou|Pressure
|move|p2a: Jirachi|Calm Mind|p2a: Jirachi
|-boost|p2a: Jirachi|spa|1
|-boost|p2a: Jirachi|spd|1
|
|-heal|p2a: Jirachi|286\/341|[from] item: Leftovers
|turn|22
|
|move|p1a: Raikou|Thunderbolt|p2a: Jirachi
|-damage|p2a: Jirachi|193\/341
|move|p2a: Jirachi|Psyshock|p1a: Raikou
|-damage|p1a: Raikou|0 fnt
|faint|p1a: Raikou
|
|-heal|p2a: Jirachi|214\/341|[from] item: Leftovers
|
|switch|p1a: Krookodile|Krookodile, M|119\/331
|-ability|p1a: Krookodile|Intimidate|[of] p2a: Jirachi
|-unboost|p2a: Jirachi|atk|1
|turn|23
|
|move|p2a: Jirachi|Moonblast|p1a: Krookodile
|-supereffective|p1a: Krookodile
|-damage|p1a: Krookodile|0 fnt
|faint|p1a: Krookodile
|
|-heal|p2a: Jirachi|235\/341|[from] item: Leftovers
|
|switch|p1a: Suicune|Suicune|404\/404
|-ability|p1a: Suicune|Pressure
|turn|24
|
|move|p2a: Jirachi|Calm Mind|p2a: Jirachi
|-boost|p2a: Jirachi|spa|1
|-boost|p2a: Jirachi|spd|1
|move|p1a: Suicune|Calm Mind|p1a: Suicune
|-boost|p1a: Suicune|spa|1
|-boost|p1a: Suicune|spd|1
|
|-heal|p2a: Jirachi|256\/341|[from] item: Leftovers
|turn|25
|
|move|p2a: Jirachi|Calm Mind|p2a: Jirachi
|-boost|p2a: Jirachi|spa|1
|-boost|p2a: Jirachi|spd|1
|move|p1a: Suicune|Scald|p2a: Jirachi
|-damage|p2a: Jirachi|201\/341
|
|-heal|p2a: Jirachi|222\/341|[from] item: Leftovers
|turn|26
|
|move|p2a: Jirachi|Calm Mind|p2a: Jirachi
|-boost|p2a: Jirachi|spa|1
|-boost|p2a: Jirachi|spd|1
|move|p1a: Suicune|Scald|p2a: Jirachi
|-crit|p2a: Jirachi
|-damage|p2a: Jirachi|36\/341
|
|-heal|p2a: Jirachi|57\/341|[from] item: Leftovers
|turn|27
|
|move|p2a: Jirachi|Psyshock|p1a: Suicune
|-damage|p1a: Suicune|185\/404
|move|p1a: Suicune|Scald|p2a: Jirachi
|-damage|p2a: Jirachi|12\/341
|
|-heal|p2a: Jirachi|33\/341|[from] item: Leftovers
|-heal|p1a: Suicune|210\/404|[from] item: Leftovers
|turn|28
|
|move|p2a: Jirachi|Psyshock|p1a: Suicune
|-damage|p1a: Suicune|0 fnt
|faint|p1a: Suicune
|
|-heal|p2a: Jirachi|54\/341|[from] item: Leftovers
|
|switch|p1a: Entei|Entei, shiny|3\/371
|-ability|p1a: Entei|Pressure
|turn|29
|leave|z0mOG
|
|move|p1a: Entei|Extreme Speed|p2a: Jirachi
|-resisted|p2a: Jirachi
|-damage|p2a: Jirachi|0 fnt
|faint|p2a: Jirachi
|
|
|switch|p2a: Aerodactyl|Aerodactyl-Mega, F|240\/321
|-damage|p2a: Aerodactyl|160\/321|[from] Stealth Rock
|turn|30
|
|move|p1a: Entei|Extreme Speed|p2a: Aerodactyl
|-resisted|p2a: Aerodactyl
|-damage|p2a: Aerodactyl|80\/321
|move|p2a: Aerodactyl|Roost|p2a: Aerodactyl
|-heal|p2a: Aerodactyl|241\/321
|
|turn|31
|
|move|p1a: Entei|Extreme Speed|p2a: Aerodactyl
|-resisted|p2a: Aerodactyl
|-damage|p2a: Aerodactyl|152\/321
|move|p2a: Aerodactyl|Aqua Tail|p1a: Entei
|-crit|p1a: Entei
|-supereffective|p1a: Entei
|-damage|p1a: Entei|0 fnt
|faint|p1a: Entei
|
|win|Fat Lenny
|raw|Ladder updating...
|raw|hax for days's rating: 1719 &rarr; <strong>1697<\/strong><br \/>(-22 for losing)
|raw|Fat Lenny's rating: 1690 &rarr; <strong>1712<\/strong><br \/>(+22 for winning)
|join|z0mOG
|leave|hax for days
|player|p1
|leave|Cloyster Chowder