|join|7th January 2015
|join|Dread Plate
|player|p1|7th January 2015|215
|player|p2|Dread Plate|248
|gametype|singles
|gen|6
|tier|UU
|rated
|rule|Sleep Clause Mod: Limit one foe put to sleep
|rule|Species Clause: Limit one of each Pokémon
|rule|OHKO Clause: OHKO moves are banned
|rule|Moody Clause: Moody is banned
|rule|Evasion Moves Clause: Evasion moves are banned
|rule|Endless Battle Clause: Forcing endless battles is banned
|rule|HP Percentage Mod: HP is shown in percentages
|clearpoke
|poke|p1|Blastoise, F
|poke|p1|Hydreigon, M
|poke|p1|Toxicroak, F
|poke|p1|Krookodile, M
|poke|p1|Infernape, M
|poke|p1|Crobat, M
|poke|p2|Entei, shiny
|poke|p2|Empoleon, M
|poke|p2|Celebi
|poke|p2|Pidgeot, M
|poke|p2|Krookodile, M
|poke|p2|Hydreigon, M
|rule|Swagger Clause: Swagger is banned
|rule|Baton Pass Clause: Limit one Pokémon knowing Baton Pass
|teampreview
|
|start
|switch|p1a: Hydreigon|Hydreigon, M|325\/325
|switch|p2a: birb|Pidgeot, M|307\/307
|turn|1
|
|switch|p2a: Lovelace|Empoleon, M|371\/371
|move|p1a: Hydreigon|Dark Pulse|p2a: Lovelace
|-damage|p2a: Lovelace|161\/371
|
|-heal|p2a: Lovelace|184\/371|[from] item: Leftovers
|turn|2
|
|switch|p2a: bopbopbop|Hydreigon, M|325\/325
|move|p1a: Hydreigon|Dark Pulse|p2a: bopbopbop
|-crit|p2a: bopbopbop
|-resisted|p2a: bopbopbop
|-damage|p2a: bopbopbop|141\/325
|
|turn|3
|
|switch|p1a: Blastoise|Blastoise, F|333\/333
|move|p2a: bopbopbop|Draco Meteor|p1a: Blastoise
|-damage|p1a: Blastoise|59\/333
|-unboost|p2a: bopbopbop|spa|2
|-damage|p2a: bopbopbop|109\/325|[from] item: Life Orb
|
|turn|4
|
|detailschange|p1a: Blastoise|Blastoise-Mega, F
|-mega|p1a: Blastoise|Blastoise|Blastoisinite
|move|p2a: bopbopbop|Draco Meteor|p1a: Blastoise
|-damage|p1a: Blastoise|0 fnt
|-unboost|p2a: bopbopbop|spa|2
|-damage|p2a: bopbopbop|77\/325|[from] item: Life Orb
|faint|p1a: Blastoise
|
|
|switch|p1a: Infernape|Infernape, M|293\/293
|turn|5
|
|move|p1a: Infernape|U-turn|p2a: bopbopbop
|-supereffective|p2a: bopbopbop
|-damage|p2a: bopbopbop|0 fnt
|faint|p2a: bopbopbop
|
|switch|p1a: Hydreigon|Hydreigon, M|325\/325
|
|
|switch|p2a: woof|Entei, shiny|371\/371
|-ability|p2a: woof|Pressure
|turn|6
|
|move|p1a: Hydreigon|Dark Pulse|p2a: woof
|-damage|p2a: woof|116\/371
|move|p2a: woof|Sacred Fire|p1a: Hydreigon
|-crit|p1a: Hydreigon
|-resisted|p1a: Hydreigon
|-damage|p1a: Hydreigon|92\/325
|
|turn|7
|
|switch|p2a: Stan|Krookodile, M|331\/331
|move|p1a: Hydreigon|Dark Pulse|p2a: Stan
|-crit|p2a: Stan
|-resisted|p2a: Stan
|-damage|p2a: Stan|115\/331
|
|turn|8
|
|switch|p1a: Krookodile|Krookodile, M|331\/331
|-ability|p1a: Krookodile|Intimidate|[of] p2a: Stan
|-unboost|p2a: Stan|atk|1
|move|p2a: Stan|Knock Off|p1a: Krookodile
|-resisted|p1a: Krookodile
|-damage|p1a: Krookodile|261\/331
|-enditem|p1a: Krookodile|Black Glasses|[from] move: Knock Off|[of] p2a: Stan
|
|turn|9
|
|switch|p2a: birb|Pidgeot, M|307\/307
|move|p1a: Krookodile|Stealth Rock|p2a: birb
|-sidestart|p2: Dread Plate|move: Stealth Rock
|
|turn|10
|
|detailschange|p2a: birb|Pidgeot-Mega, M
|-mega|p2a: birb|Pidgeot|Pidgeotite
|move|p2a: birb|Hurricane|p1a: Krookodile
|-damage|p1a: Krookodile|0 fnt
|faint|p1a: Krookodile
|
|
|switch|p1a: Crobat|Crobat, M|319\/319
|turn|11
|
|switch|p2a: Cheese|Celebi|403\/403
|-damage|p2a: Cheese|353\/403|[from] Stealth Rock
|move|p1a: Crobat|Brave Bird|p2a: Cheese
|-supereffective|p2a: Cheese
|-damage|p2a: Cheese|0 fnt
|-damage|p1a: Crobat|203\/319|[from] recoil|[of] p2a: Cheese
|faint|p2a: Cheese
|
|
|switch|p2a: Lovelace|Empoleon, M|184\/371
|-damage|p2a: Lovelace|161\/371|[from] Stealth Rock
|turn|12
|
|move|p1a: Crobat|Taunt|p2a: Lovelace
|-start|p2a: Lovelace|move: Taunt
|cant|p2a: Lovelace|move: Taunt|Defog
|
|-heal|p2a: Lovelace|184\/371|[from] item: Leftovers
|turn|13
|
|switch|p1a: Toxicroak|Toxicroak, F|333\/333
|switch|p2a: Stan|Krookodile, M|115\/331
|-damage|p2a: Stan|95\/331|[from] Stealth Rock
|
|turn|14
|
|switch|p1a: Hydreigon|Hydreigon, M|92\/325
|move|p2a: Stan|Knock Off|p1a: Hydreigon
|-resisted|p1a: Hydreigon
|-damage|p1a: Hydreigon|9\/325
|-enditem|p1a: Hydreigon|Choice Specs|[from] move: Knock Off|[of] p2a: Stan
|
|turn|15
|
|move|p2a: Stan|Knock Off|p1a: Hydreigon
|-resisted|p1a: Hydreigon
|-damage|p1a: Hydreigon|0 fnt
|faint|p1a: Hydreigon
|-boost|p2a: Stan|atk|1|[from] ability: Moxie
|
|
|switch|p1a: Toxicroak|Toxicroak, F|333\/333
|turn|16
|
|move|p2a: Stan|Knock Off|p1a: Toxicroak
|-resisted|p1a: Toxicroak
|-damage|p1a: Toxicroak|160\/333
|-enditem|p1a: Toxicroak|Life Orb|[from] move: Knock Off|[of] p2a: Stan
|move|p1a: Toxicroak|Drain Punch|p2a: Stan
|-supereffective|p2a: Stan
|-damage|p2a: Stan|0 fnt
|-heal|p1a: Toxicroak|208\/333|[from] drain|[of] p2a: Stan
|faint|p2a: Stan
|
|
|switch|p2a: birb|Pidgeot-Mega, M|307\/307
|-damage|p2a: birb|231\/307|[from] Stealth Rock
|turn|17
|
|move|p1a: Toxicroak|Sucker Punch|p2a: birb
|-damage|p2a: birb|118\/307
|move|p2a: birb|Hurricane|p1a: Toxicroak
|-supereffective|p1a: Toxicroak
|-damage|p1a: Toxicroak|0 fnt
|faint|p1a: Toxicroak
|
|
|switch|p1a: Infernape|Infernape, M|293\/293
|turn|18
|
|move|p1a: Infernape|Close Combat|p2a: birb
|-damage|p2a: birb|0 fnt
|-unboost|p1a: Infernape|def|1
|-unboost|p1a: Infernape|spd|1
|faint|p2a: birb
|
|
|switch|p2a: woof|Entei, shiny|116\/371
|-damage|p2a: woof|24\/371|[from] Stealth Rock
|-ability|p2a: woof|Pressure
|turn|19
|
|switch|p1a: Crobat|Crobat, M|203\/319
|move|p2a: woof|Extreme Speed|p1a: Crobat
|-damage|p1a: Crobat|41\/319
|
|turn|20
|
|move|p2a: woof|Extreme Speed|p1a: Crobat
|-damage|p1a: Crobat|0 fnt
|faint|p1a: Crobat
|
|
|switch|p1a: Infernape|Infernape, M|293\/293
|turn|21
|c|★Dread Plate|sky plate got me
|c|★Dread Plate|:]
|c|★Dread Plate|gg
|c|★7th January 2015|gg
|
|move|p2a: woof|Extreme Speed|p1a: Infernape
|-damage|p1a: Infernape|90\/293
|move|p1a: Infernape|Close Combat|p2a: woof
|-damage|p2a: woof|0 fnt
|-unboost|p1a: Infernape|def|1
|-unboost|p1a: Infernape|spd|1
|faint|p2a: woof
|
|
|switch|p2a: Lovelace|Empoleon, M|184\/371
|-damage|p2a: Lovelace|161\/371|[from] Stealth Rock
|turn|22
|
|move|p1a: Infernape|Close Combat|p2a: Lovelace
|-supereffective|p2a: Lovelace
|-damage|p2a: Lovelace|0 fnt
|-unboost|p1a: Infernape|def|1
|-unboost|p1a: Infernape|spd|1
|faint|p2a: Lovelace
|
|win|7th January 2015
|raw|Ladder updating...
|leave|7th January 2015
|c|★Dread Plate|and specs
|player|p1
|raw|7th January 2015's rating: 1533 &rarr; <strong>1542<\/strong><br \/>(+9 for winning)
|raw|Dread Plate's rating: 1326 &rarr; <strong>1317<\/strong><br \/>(-9 for losing)