|join|WECAMEASROMANS
|join|Angels cry
|player|p1|WECAMEASROMANS|257
|player|p2|Angels cry|269
|gametype|singles
|gen|6
|tier|OU
|rated
|clearpoke
|poke|p1|Crawdaunt, M
|poke|p1|Skarmory, M
|poke|p1|Bisharp, F
|poke|p1|Landorus-Therian, M
|poke|p1|Charizard, F
|poke|p1|Azumarill, F
|poke|p2|Charizard, M
|poke|p2|Mew
|poke|p2|Chansey, F
|poke|p2|Skarmory, M
|poke|p2|Amoonguss, M
|poke|p2|Quagsire, M
|rule|Swagger Clause: Swagger is banned
|rule|Baton Pass Clause: Limit one Pokémon knowing Baton Pass
|rule|Sleep Clause Mod: Limit one foe put to sleep
|rule|Species Clause: Limit one of each Pokémon
|rule|OHKO Clause: OHKO moves are banned
|rule|Moody Clause: Moody is banned
|rule|Evasion Moves Clause: Evasion moves are banned
|rule|Endless Battle Clause: Forcing endless battles is banned
|rule|HP Percentage Mod: HP is shown in percentages
|teampreview
|join|LT8J Gizmo $_$
|
|start
|switch|p1a: Skarmory|Skarmory, M|334\/334
|switch|p2a: Charizard|Charizard, M|298\/298
|turn|1
|
|detailschange|p2a: Charizard|Charizard-Mega-X, M
|message|Charizard has Mega Evolved into Mega Charizard!
|move|p2a: Charizard|Fire Punch|p1a: Skarmory
|-supereffective|p1a: Skarmory
|-damage|p1a: Skarmory|62\/334
|move|p1a: Skarmory|Taunt|p2a: Charizard
|-start|p2a: Charizard|move: Taunt
|
|turn|2
|
|switch|p1a: Azumarill|Azumarill, F|401\/401
|move|p2a: Charizard|Fire Punch|p1a: Azumarill
|-resisted|p1a: Azumarill
|-damage|p1a: Azumarill|281\/401
|
|turn|3
|join|I ABR I
|leave|I ABR I
|join|I ABR I
|
|switch|p2a: Quagsire|Quagsire, M|394\/394
|switch|p1a: Skarmory|Skarmory, M|62\/334
|
|turn|4
|
|move|p1a: Skarmory|Stealth Rock|p2a: Quagsire
|-sidestart|p2: Angels cry|move: Stealth Rock
|move|p2a: Quagsire|Scald|p1a: Skarmory
|-damage|p1a: Skarmory|0 fnt
|faint|p1a: Skarmory
|
|
|switch|p1a: Crawdaunt|Crawdaunt, M|267\/267
|turn|5
|
|move|p1a: Crawdaunt|Knock Off|p2a: Quagsire
|-damage|p2a: Quagsire|176\/394
|-enditem|p2a: Quagsire|Leftovers|[from] move: Knock Off|[of] p1a: Crawdaunt
|-damage|p1a: Crawdaunt|241\/267|[from] item: Life Orb
|move|p2a: Quagsire|Recover|p2a: Quagsire
|-heal|p2a: Quagsire|373\/394
|
|turn|6
|join|Ox the Fox
|
|move|p1a: Crawdaunt|Crabhammer|p2a: Quagsire
|-damage|p2a: Quagsire|144\/394
|-damage|p1a: Crawdaunt|215\/267|[from] item: Life Orb
|move|p2a: Quagsire|Scald|p1a: Crawdaunt
|-resisted|p1a: Crawdaunt
|-damage|p1a: Crawdaunt|157\/267
|
|turn|7
|c| I ABR I|didnt even toxic
|c| LT8J Gizmo $_$|that's p much game
|
|switch|p2a: Amoonguss|Amoonguss, M|432\/432
|-damage|p2a: Amoonguss|378\/432|[from] Stealth Rock
|move|p1a: Crawdaunt|Crabhammer|p2a: Amoonguss
|-resisted|p2a: Amoonguss
|-damage|p2a: Amoonguss|187\/432
|-damage|p1a: Crawdaunt|131\/267|[from] item: Life Orb
|
|-heal|p2a: Amoonguss|214\/432|[from] item: Black Sludge
|turn|8
|c| I ABR I|holy fuck
|c| LT8J Gizmo $_$|HOLY
|c| LT8J Gizmo $_$|SHIT
|c| I ABR I|is this real life
|
|switch|p2a: Quagsire|Quagsire, M|144\/394
|-damage|p2a: Quagsire|120\/394|[from] Stealth Rock
|move|p1a: Crawdaunt|Knock Off|p2a: Quagsire
|-damage|p2a: Quagsire|0 fnt
|-damage|p1a: Crawdaunt|105\/267|[from] item: Life Orb
|faint|p2a: Quagsire
|
|
|switch|p2a: Charizard|Charizard-Mega-X, M|298\/298
|-damage|p2a: Charizard|224\/298|[from] Stealth Rock
|turn|9
|c| LT8J Gizmo $_$|wtf is a resist
|c| I ABR I|r u ada wcar
|c| I ABR I|or jolla
|c| LT8J Gizmo $_$|he's jolly
|c| I ABR I|damn
|
|switch|p1a: Charizard|Charizard, F|323\/323
|move|p2a: Charizard|Dragon Claw|p1a: Charizard
|-damage|p1a: Charizard|56\/323
|
|turn|10
|
|switch|p1a: Landorus-Therian|Landorus-Therian, M|327\/327
|-ability|p1a: Landorus-Therian|Intimidate|[of] p2a: Charizard
|-unboost|p2a: Charizard|atk|1
|switch|p2a: calma amor|Chansey, F|642\/642
|-damage|p2a: calma amor|562\/642|[from] Stealth Rock
|
|turn|11
|c| I ABR I|o
|
|switch|p1a: Charizard|Charizard, F|56\/323
|switch|p2a: Skarmory|Skarmory, M|334\/334
|-damage|p2a: Skarmory|293\/334|[from] Stealth Rock
|
|turn|12
|join|daftmau5
|
|detailschange|p1a: Charizard|Charizard-Mega-X, F
|message|Charizard has Mega Evolved into Mega Charizard!
|move|p1a: Charizard|Roost|p1a: Charizard
|-heal|p1a: Charizard|218\/323
|move|p2a: Skarmory|Defog|p1a: Charizard
|-unboost|p1a: Charizard|evasion|1
|-sideend|p2: Angels cry|Stealth Rock|[from] move: Defog|[of] p2a: Skarmory
|
|turn|13
|c| I ABR I|lmao
|
|move|p1a: Charizard|Dragon Dance|p1a: Charizard
|-boost|p1a: Charizard|atk|1
|-boost|p1a: Charizard|spe|1
|move|p2a: Skarmory|Toxic|p1a: Charizard
|-status|p1a: Charizard|tox
|
|-damage|p1a: Charizard|198\/323 tox|[from] psn
|turn|14
|c| I ABR I|get rekt.
|join|lt8x starmaster
|
|move|p1a: Charizard|Flare Blitz|p2a: Skarmory
|-supereffective|p2a: Skarmory
|-damage|p2a: Skarmory|0 fnt
|-damage|p1a: Charizard|101\/323 tox|[from] recoil|[of] p2a: Skarmory
|faint|p2a: Skarmory
|
|-damage|p1a: Charizard|61\/323 tox|[from] psn
|
|switch|p2a: Mew|Mew|404\/404
|turn|15
|
|move|p1a: Charizard|Roost|p1a: Charizard
|-heal|p1a: Charizard|223\/323 tox
|move|p2a: Mew|Taunt|p1a: Charizard
|-start|p1a: Charizard|move: Taunt
|
|-damage|p1a: Charizard|163\/323 tox|[from] psn
|turn|16
|
|move|p1a: Charizard|Flare Blitz|p2a: Mew
|-damage|p2a: Mew|115\/404
|-damage|p1a: Charizard|68\/323 tox|[from] recoil|[of] p2a: Mew
|move|p2a: Mew|Roost|p2a: Mew
|-heal|p2a: Mew|317\/404
|
|-heal|p2a: Mew|342\/404|[from] item: Leftovers
|-damage|p1a: Charizard|0 fnt|[from] psn
|faint|p1a: Charizard
|c| LT8J Gizmo $_$|wtf.
|
|switch|p1a: Crawdaunt|Crawdaunt, M|105\/267
|turn|17
|c| LT8J Gizmo $_$|does it usually eat it like that
|
|move|p2a: Mew|Will-O-Wisp|p1a: Crawdaunt
|-status|p1a: Crawdaunt|brn
|move|p1a: Crawdaunt|Knock Off|p2a: Mew
|-supereffective|p2a: Mew
|-damage|p2a: Mew|144\/404
|-enditem|p2a: Mew|Leftovers|[from] move: Knock Off|[of] p1a: Crawdaunt
|-damage|p1a: Crawdaunt|79\/267 brn|[from] item: Life Orb
|
|-damage|p1a: Crawdaunt|46\/267 brn|[from] brn
|turn|18
|c| I ABR I|da fuck
|c| daftmau5|probs phys def
|c| daftmau5|for medi
|c| LT8J Gizmo $_$|ah 
|c| I ABR I|u dont need phys def to beat medi
|
|move|p2a: Mew|Roost|p2a: Mew
|-heal|p2a: Mew|346\/404
|move|p1a: Crawdaunt|Knock Off|p2a: Mew
|-supereffective|p2a: Mew
|-damage|p2a: Mew|221\/404
|-damage|p1a: Crawdaunt|20\/267 brn|[from] item: Life Orb
|
|-damage|p1a: Crawdaunt|0 fnt|[from] brn
|faint|p1a: Crawdaunt
|c| I ABR I|tbh
|c| LT8J Gizmo $_$|i guess that makes sense?
|c| daftmau5|adamant hjk
|c| daftmau5|2hkos after rocks
|
|switch|p1a: Bisharp|Bisharp, F|271\/271
|turn|19
|c| daftmau5|on careful mew
|c| I ABR I|legit?
|c| daftmau5|yeah
|c| I ABR I|damn
|
|switch|p2a: Charizard|Charizard-Mega-X, M|224\/298
|move|p1a: Bisharp|Swords Dance|p1a: Bisharp
|-boost|p1a: Bisharp|atk|2
|
|turn|20
|
|move|p1a: Bisharp|Sucker Punch|p2a: Charizard
|-fail|p2a: Charizard
|move|p2a: Charizard|Will-O-Wisp|p1a: Bisharp
|-status|p1a: Bisharp|brn
|
|-damage|p1a: Bisharp|238\/271 brn|[from] brn
|turn|21
|
|move|p2a: Charizard|Roost|p2a: Charizard
|-heal|p2a: Charizard|298\/298
|move|p1a: Bisharp|Swords Dance|p1a: Bisharp
|-boost|p1a: Bisharp|atk|2
|
|-damage|p1a: Bisharp|205\/271 brn|[from] brn
|turn|22
|c| daftmau5|252+ Atk Pure Power Mega Medicham High Jump Kick vs. 252 HP \/ 0 Def Mew: 194-228 (48 - 56.4%) -- guaranteed 2HKO after Stealth Rock and Leftovers recovery
|
|move|p1a: Bisharp|Sucker Punch|p2a: Charizard
|-damage|p2a: Charizard|64\/298
|-damage|p1a: Bisharp|178\/271 brn|[from] item: Life Orb
|move|p2a: Charizard|Fire Punch|p1a: Bisharp
|-crit|p1a: Bisharp
|-supereffective|p1a: Bisharp
|-damage|p1a: Bisharp|0 fnt
|faint|p1a: Bisharp
|
|c| I ABR I|ic
|-message|WECAMEASROMANS forfeited.
|
|win|Angels cry
|raw|Ladder updating...
|leave|WECAMEASROMANS
|player|p1
|raw|WECAMEASROMANS's rating: 1801 &rarr; <strong>1776<\/strong><br \/>(-25 for losing)
|raw|Angels cry's rating: 1720 &rarr; <strong>1745<\/strong><br \/>(+25 for winning)
|leave|I ABR I
|join|habajiggle