|join|LT8X TDC
|join|Angels cry
|player|p1|LT8X TDC|170
|player|p2|Angels cry|250
|gametype|singles
|gen|6
|tier|OU
|rated
|clearpoke
|poke|p1|Skarmory, M
|poke|p1|Garchomp, M
|poke|p1|Weavile, M
|poke|p1|Raikou
|poke|p1|Azelf
|poke|p1|Pinsir, M
|poke|p2|Gliscor, F
|poke|p2|Chansey, F
|poke|p2|Zapdos
|poke|p2|Ditto
|poke|p2|Scizor, F
|poke|p2|Gothitelle, F
|rule|Swagger Clause: Swagger is banned
|rule|Baton Pass Clause: Limit one Pokémon knowing Baton Pass
|rule|Sleep Clause Mod: Limit one foe put to sleep
|rule|Species Clause: Limit one of each Pokémon
|rule|OHKO Clause: OHKO moves are banned
|rule|Moody Clause: Moody is banned
|rule|Evasion Moves Clause: Evasion moves are banned
|rule|Endless Battle Clause: Forcing endless battles is banned
|rule|HP Percentage Mod: HP is shown in percentages
|teampreview
|
|start
|switch|p1a: Azelf|Azelf|354\/354
|switch|p2a: Gothitelle|Gothitelle, F|282\/282
|turn|1
|
|move|p2a: Gothitelle|Trick|p1a: Azelf
|-activate|p2a: Gothitelle|move: Trick|[of] p1a: Azelf
|-item|p1a: Azelf|Choice Scarf|[from] move: Trick
|-item|p2a: Gothitelle|Focus Sash|[from] move: Trick
|move|p1a: Azelf|Explosion|p2a: Gothitelle
|-damage|p2a: Gothitelle|25\/282
|faint|p1a: Azelf
|
|
|switch|p1a: Raikou|Raikou|322\/322
|-ability|p1a: Raikou|Pressure
|turn|2
|
|switch|p2a: Chansey|Chansey, F|704\/704
|move|p1a: Raikou|Volt Switch|p2a: Chansey
|-damage|p2a: Chansey|634\/704
|
|switch|p1a: Garchomp|Garchomp, M|420\/420
|
|turn|3
|
|move|p1a: Garchomp|Stealth Rock|p2a: Chansey
|-sidestart|p2: Angels cry|move: Stealth Rock
|move|p2a: Chansey|Stealth Rock|p1a: Garchomp
|-sidestart|p1: LT8X TDC|move: Stealth Rock
|
|turn|4
|
|switch|p2a: Gliscor|Gliscor, F|354\/354
|-damage|p2a: Gliscor|310\/354|[from] Stealth Rock
|move|p1a: Garchomp|Dragon Tail|p2a: Gliscor
|-damage|p2a: Gliscor|244\/354
|drag|p2a: Gothitelle|Gothitelle, F|25\/282
|-damage|p2a: Gothitelle|0 fnt|[from] Stealth Rock
|faint|p2a: Gothitelle
|
|
|switch|p2a: Scizor|Scizor, F|342\/342
|-damage|p2a: Scizor|300\/342|[from] Stealth Rock
|turn|5
|
|switch|p2a: Gliscor|Gliscor, F|244\/354
|-damage|p2a: Gliscor|200\/354|[from] Stealth Rock
|move|p1a: Garchomp|Fire Blast|p2a: Gliscor
|-damage|p2a: Gliscor|107\/354
|-status|p2a: Gliscor|brn
|
|-damage|p2a: Gliscor|63\/354 brn|[from] brn
|turn|6
|
|move|p2a: Gliscor|Toxic|p1a: Garchomp
|-status|p1a: Garchomp|tox
|move|p1a: Garchomp|Dragon Tail|p2a: Gliscor
|-damage|p2a: Gliscor|2\/354 brn
|drag|p2a: Scizor|Scizor, F|300\/342
|-damage|p2a: Scizor|258\/342|[from] Stealth Rock
|
|-damage|p1a: Garchomp|394\/420 tox|[from] psn
|turn|7
|
|switch|p2a: Zapdos|Zapdos|384\/384
|-damage|p2a: Zapdos|288\/384|[from] Stealth Rock
|-ability|p2a: Zapdos|Pressure
|move|p1a: Garchomp|Dragon Tail|p2a: Zapdos|[miss]
|-miss|p1a: Garchomp|p2a: Zapdos
|
|-heal|p2a: Zapdos|312\/384|[from] item: Leftovers
|-damage|p1a: Garchomp|342\/420 tox|[from] psn
|turn|8
|
|move|p2a: Zapdos|Defog|p1a: Garchomp
|-unboost|p1a: Garchomp|evasion|1
|-sideend|p1: LT8X TDC|Stealth Rock|[from] move: Defog|[of] p1a: Garchomp
|-sideend|p2: Angels cry|Stealth Rock|[from] move: Defog|[of] p2a: Zapdos
|move|p1a: Garchomp|Dragon Tail|p2a: Zapdos
|-damage|p2a: Zapdos|239\/384
|drag|p2a: Scizor|Scizor, F|258\/342
|
|-damage|p1a: Garchomp|264\/420 tox|[from] psn
|turn|9
|
|switch|p2a: Zapdos|Zapdos|239\/384
|-ability|p2a: Zapdos|Pressure
|move|p1a: Garchomp|Stealth Rock|p2a: Zapdos
|-sidestart|p2: Angels cry|move: Stealth Rock
|
|-heal|p2a: Zapdos|263\/384|[from] item: Leftovers
|-damage|p1a: Garchomp|160\/420 tox|[from] psn
|turn|10
|
|move|p2a: Zapdos|Defog|p1a: Garchomp
|-unboost|p1a: Garchomp|evasion|1
|-sideend|p2: Angels cry|Stealth Rock|[from] move: Defog|[of] p2a: Zapdos
|move|p1a: Garchomp|Dragon Tail|p2a: Zapdos
|-crit|p2a: Zapdos
|-damage|p2a: Zapdos|163\/384
|drag|p2a: Scizor|Scizor, F|258\/342
|
|-damage|p1a: Garchomp|30\/420 tox|[from] psn
|turn|11
|
|detailschange|p2a: Scizor|Scizor-Mega, F
|message|Scizor has Mega Evolved into Mega Scizor!
|move|p2a: Scizor|Bullet Punch|p1a: Garchomp
|-damage|p1a: Garchomp|0 fnt
|-damage|p2a: Scizor|216\/342|[from] ability: Rough Skin|[of] p1a: Garchomp
|-damage|p2a: Scizor|159\/342|[from] item: Rocky Helmet|[of] p1a: Garchomp
|faint|p1a: Garchomp
|
|
|switch|p1a: Pinsir|Pinsir, M|272\/272
|turn|12
|
|detailschange|p1a: Pinsir|Pinsir-Mega, M
|message|Pinsir has Mega Evolved into Mega Pinsir!
|move|p1a: Pinsir|Return|p2a: Scizor
|-damage|p2a: Scizor|0 fnt
|faint|p2a: Scizor
|
|
|switch|p2a: Zapdos|Zapdos|163\/384
|-ability|p2a: Zapdos|Pressure
|turn|13
|
|switch|p1a: Raikou|Raikou|322\/322
|-ability|p1a: Raikou|Pressure
|move|p2a: Zapdos|Roost|p2a: Zapdos
|-heal|p2a: Zapdos|355\/384
|
|-heal|p2a: Zapdos|379\/384|[from] item: Leftovers
|turn|14
|
|move|p1a: Raikou|Thunderbolt|p2a: Zapdos
|-damage|p2a: Zapdos|217\/384
|move|p2a: Zapdos|Roost|p2a: Zapdos
|-heal|p2a: Zapdos|384\/384
|
|turn|15
|
|switch|p2a: Chansey|Chansey, F|634\/704
|move|p1a: Raikou|Thunderbolt|p2a: Chansey
|-damage|p2a: Chansey|540\/704
|
|turn|16
|
|move|p1a: Raikou|Volt Switch|p2a: Chansey
|-damage|p2a: Chansey|468\/704
|
|switch|p1a: Skarmory|Skarmory, M|334\/334
|move|p2a: Chansey|Thunder Wave|p1a: Skarmory
|-status|p1a: Skarmory|par
|
|turn|17
|
|move|p2a: Chansey|Stealth Rock|p1a: Skarmory
|-sidestart|p1: LT8X TDC|move: Stealth Rock
|move|p1a: Skarmory|Taunt|p2a: Chansey
|-start|p2a: Chansey|move: Taunt
|
|turn|18
|
|switch|p2a: Zapdos|Zapdos|384\/384
|-ability|p2a: Zapdos|Pressure
|cant|p1a: Skarmory|par
|
|turn|19
|
|move|p2a: Zapdos|Thunderbolt|p1a: Skarmory
|-supereffective|p1a: Skarmory
|-activate|p1a: Skarmory|Sturdy
|-damage|p1a: Skarmory|1\/334 par
|-enditem|p1a: Skarmory|Red Card|[of] p2a: Zapdos
|drag|p2a: Ditto|Ditto|300\/300
|-transform|p2a: Ditto|p1a: Skarmory
|cant|p1a: Skarmory|par
|
|turn|20
|
|move|p1a: Skarmory|Stealth Rock|p2a: Ditto
|-sidestart|p2: Angels cry|move: Stealth Rock
|move|p2a: Ditto|Whirlwind|p1a: Skarmory
|drag|p1a: Pinsir|Pinsir-Mega, M|272\/272
|-damage|p1a: Pinsir|136\/272|[from] Stealth Rock
|
|turn|21
|
|switch|p1a: Skarmory|Skarmory, M|1\/334 par
|-damage|p1a: Skarmory|0 fnt|[from] Stealth Rock
|faint|p1a: Skarmory
|move|p2a: Ditto|Whirlwind|p1: Skarmory|[notarget]
|-notarget
|
|
|switch|p1a: Raikou|Raikou|322\/322
|-damage|p1a: Raikou|282\/322|[from] Stealth Rock
|-ability|p1a: Raikou|Pressure
|turn|22
|
|switch|p2a: Gliscor|Gliscor, F|2\/354 brn
|-damage|p2a: Gliscor|0 fnt|[from] Stealth Rock
|faint|p2a: Gliscor
|move|p1a: Raikou|Volt Switch|p2: Gliscor|[notarget]
|-notarget
|
|
|switch|p2a: Chansey|Chansey, F|468\/704
|-damage|p2a: Chansey|380\/704|[from] Stealth Rock
|turn|23
|
|move|p1a: Raikou|Volt Switch|p2a: Chansey
|-damage|p2a: Chansey|301\/704
|
|switch|p1a: Weavile|Weavile, M|282\/282
|-damage|p1a: Weavile|212\/282|[from] Stealth Rock
|-ability|p1a: Weavile|Pressure
|move|p2a: Chansey|Soft-Boiled|p2a: Chansey
|-heal|p2a: Chansey|653\/704
|
|turn|24
|
|move|p1a: Weavile|Knock Off|p2a: Chansey
|-damage|p2a: Chansey|351\/704
|-enditem|p2a: Chansey|Eviolite|[from] move: Knock Off|[of] p1a: Weavile
|-damage|p1a: Weavile|184\/282|[from] item: Life Orb
|move|p2a: Chansey|Thunder Wave|p1a: Weavile
|-status|p1a: Weavile|par
|
|turn|25
|
|move|p2a: Chansey|Soft-Boiled|p2a: Chansey
|-heal|p2a: Chansey|703\/704
|move|p1a: Weavile|Ice Punch|p2a: Chansey
|-crit|p2a: Chansey
|-damage|p2a: Chansey|175\/704
|-damage|p1a: Weavile|156\/282 par|[from] item: Life Orb
|
|turn|26
|
|move|p1a: Weavile|Ice Shard|p2a: Chansey
|-damage|p2a: Chansey|0 fnt
|-damage|p1a: Weavile|128\/282 par|[from] item: Life Orb
|faint|p2a: Chansey
|
|
|switch|p2a: Zapdos|Zapdos|384\/384
|-damage|p2a: Zapdos|288\/384|[from] Stealth Rock
|-ability|p2a: Zapdos|Pressure
|turn|27
|
|move|p1a: Weavile|Ice Shard|p2a: Zapdos
|-supereffective|p2a: Zapdos
|-damage|p2a: Zapdos|145\/384
|-damage|p1a: Weavile|100\/282 par|[from] item: Life Orb
|move|p2a: Zapdos|Roost|p2a: Zapdos
|-heal|p2a: Zapdos|337\/384
|
|-heal|p2a: Zapdos|361\/384|[from] item: Leftovers
|turn|28
|
|move|p1a: Weavile|Ice Shard|p2a: Zapdos
|-supereffective|p2a: Zapdos
|-damage|p2a: Zapdos|218\/384
|-damage|p1a: Weavile|72\/282 par|[from] item: Life Orb
|move|p2a: Zapdos|Thunderbolt|p1a: Weavile
|-crit|p1a: Weavile
|-damage|p1a: Weavile|0 fnt
|faint|p1a: Weavile
|
|-heal|p2a: Zapdos|242\/384|[from] item: Leftovers
|
|switch|p1a: Raikou|Raikou|282\/322
|-damage|p1a: Raikou|242\/322|[from] Stealth Rock
|-ability|p1a: Raikou|Pressure
|turn|29
|
|move|p1a: Raikou|Thunderbolt|p2a: Zapdos
|-damage|p2a: Zapdos|89\/384
|move|p2a: Zapdos|Heat Wave|p1a: Raikou
|-damage|p1a: Raikou|184\/322
|
|-heal|p2a: Zapdos|113\/384|[from] item: Leftovers
|turn|30
|
|move|p1a: Raikou|Thunderbolt|p2a: Zapdos
|-damage|p2a: Zapdos|0 fnt
|faint|p2a: Zapdos
|
|
|switch|p2a: Ditto|Ditto|300\/300
|-damage|p2a: Ditto|263\/300|[from] Stealth Rock
|-transform|p2a: Ditto|p1a: Raikou
|-ability|p2a: Ditto|Pressure
|turn|31
|
|move|p2a: Ditto|Shadow Ball|p1a: Raikou
|-damage|p1a: Raikou|129\/322
|move|p1a: Raikou|Shadow Ball|p2a: Ditto
|-damage|p2a: Ditto|177\/300
|
|turn|32
|
|move|p2a: Ditto|Shadow Ball|p1a: Raikou
|-crit|p1a: Raikou
|-damage|p1a: Raikou|36\/322
|move|p1a: Raikou|Shadow Ball|p2a: Ditto
|-crit|p2a: Ditto
|-damage|p2a: Ditto|37\/300
|
|turn|33
|
|move|p2a: Ditto|Shadow Ball|p1a: Raikou
|-damage|p1a: Raikou|0 fnt
|faint|p1a: Raikou
|
|
|switch|p1a: Pinsir|Pinsir-Mega, M|136\/272
|-damage|p1a: Pinsir|0 fnt|[from] Stealth Rock
|faint|p1a: Pinsir
|
|win|Angels cry
|raw|Ladder updating...
|raw|LT8X TDC's rating: 1685 &rarr; <strong>1665<\/strong><br \/>(-20 for losing)
|raw|Angels cry's rating: 1670 &rarr; <strong>1691<\/strong><br \/>(+21 for winning)
|leave|LT8X TDC
|player|p1