|join|5Turtles
|join|BFoxy
|player|p1|5Turtles|101
|player|p2|BFoxy|161
|gametype|singles
|gen|6
|tier|UU
|rated
|rule|Sleep Clause Mod: Limit one foe put to sleep
|rule|Species Clause: Limit one of each Pokémon
|rule|OHKO Clause: OHKO moves are banned
|rule|Moody Clause: Moody is banned
|rule|Evasion Moves Clause: Evasion moves are banned
|rule|Endless Battle Clause: Forcing endless battles is banned
|rule|HP Percentage Mod: HP is shown in percentages
|clearpoke
|poke|p1|Darmanitan, M, shiny
|poke|p1|Suicune
|poke|p1|Lucario, F
|poke|p1|Empoleon, M
|poke|p1|Banette, F, shiny
|poke|p1|Celebi
|poke|p2|Hippowdon, M
|poke|p2|Reuniclus, M
|poke|p2|Doublade, M, shiny
|poke|p2|Entei, shiny
|poke|p2|Virizion
|poke|p2|Blastoise, F
|rule|Swagger Clause: Swagger is banned
|rule|Baton Pass Clause: Limit one Pokémon knowing Baton Pass
|teampreview
|
|start
|switch|p1a: Darmanitan|Darmanitan, M, shiny|351\/351
|switch|p2a: Shellshock|Blastoise, F|322\/322
|turn|1
|
|detailschange|p2a: Shellshock|Blastoise-Mega, F
|-mega|p2a: Shellshock|Blastoise|Blastoisinite
|move|p1a: Darmanitan|U-turn|p2a: Shellshock
|-damage|p2a: Shellshock|203\/322
|
|switch|p1a: Celebi|Celebi|404\/404
|move|p2a: Shellshock|Dark Pulse|p1a: Celebi
|-supereffective|p1a: Celebi
|-damage|p1a: Celebi|70\/404
|
|-heal|p1a: Celebi|95\/404|[from] item: Leftovers
|turn|2
|
|switch|p2a: Mufasa|Entei, shiny|371\/371
|-ability|p2a: Mufasa|Pressure
|move|p1a: Celebi|Leaf Storm|p2a: Mufasa
|-resisted|p2a: Mufasa
|-damage|p2a: Mufasa|235\/371
|-unboost|p1a: Celebi|spa|2
|
|-heal|p1a: Celebi|120\/404|[from] item: Leftovers
|turn|3
|
|switch|p1a: Suicune|Suicune|403\/403
|-ability|p1a: Suicune|Pressure
|move|p2a: Mufasa|Toxic|p1a: Suicune
|-status|p1a: Suicune|tox
|
|-damage|p1a: Suicune|378\/403 tox|[from] psn
|turn|4
|
|switch|p2a: Zim|Reuniclus, M|422\/422
|move|p1a: Suicune|Ice Beam|p2a: Zim
|-damage|p2a: Zim|313\/422
|
|-heal|p2a: Zim|339\/422|[from] item: Leftovers
|-damage|p1a: Suicune|328\/403 tox|[from] psn
|turn|5
|
|switch|p1a: Darmanitan|Darmanitan, M, shiny|351\/351
|move|p2a: Zim|Psyshock|p1a: Darmanitan
|-damage|p1a: Darmanitan|176\/351
|
|-heal|p2a: Zim|365\/422|[from] item: Leftovers
|turn|6
|
|switch|p2a: Mufasa|Entei, shiny|235\/371
|-ability|p2a: Mufasa|Pressure
|move|p1a: Darmanitan|U-turn|p2a: Mufasa
|-resisted|p2a: Mufasa
|-damage|p2a: Mufasa|161\/371
|
|switch|p1a: Suicune|Suicune|328\/403 tox
|-ability|p1a: Suicune|Pressure
|
|-damage|p1a: Suicune|303\/403 tox|[from] psn
|turn|7
|
|switch|p2a: Virizion|Virizion|323\/323
|move|p1a: Suicune|Scald|p2a: Virizion
|-resisted|p2a: Virizion
|-damage|p2a: Virizion|272\/323
|-status|p2a: Virizion|brn
|
|-damage|p2a: Virizion|232\/323 brn|[from] brn
|-damage|p1a: Suicune|253\/403 tox|[from] psn
|turn|8
|
|switch|p1a: Empoleon|Empoleon, M|372\/372
|move|p2a: Virizion|Swords Dance|p2a: Virizion
|-boost|p2a: Virizion|atk|2
|
|-damage|p2a: Virizion|192\/323 brn|[from] brn
|turn|9
|
|move|p2a: Virizion|Leaf Blade|p1a: Empoleon
|-damage|p1a: Empoleon|185\/372
|-damage|p2a: Virizion|160\/323 brn|[from] item: Life Orb
|move|p1a: Empoleon|Stealth Rock|p2a: Virizion
|-sidestart|p2: BFoxy|move: Stealth Rock
|
|-heal|p1a: Empoleon|208\/372|[from] item: Leftovers
|-damage|p2a: Virizion|120\/323 brn|[from] brn
|turn|10
|
|switch|p1a: Banette|Banette, F, shiny|331\/331
|-item|p2a: Virizion|Life Orb|[from] ability: Frisk|[of] p1a: Banette|[identify]
|move|p2a: Virizion|Leaf Blade|p1a: Banette
|-damage|p1a: Banette|92\/331
|-damage|p2a: Virizion|88\/323 brn|[from] item: Life Orb
|
|-damage|p2a: Virizion|48\/323 brn|[from] brn
|turn|11
|
|detailschange|p1a: Banette|Banette-Mega, F, shiny
|-mega|p1a: Banette|Banette|Banettite
|move|p1a: Banette|Shadow Sneak|p2a: Virizion
|-damage|p2a: Virizion|0 fnt
|faint|p2a: Virizion
|
|
|switch|p2a: Shellshock|Blastoise-Mega, F|203\/322
|-damage|p2a: Shellshock|163\/322|[from] Stealth Rock
|turn|12
|
|switch|p1a: Empoleon|Empoleon, M|208\/372
|move|p2a: Shellshock|Dark Pulse|p1a: Empoleon
|-damage|p1a: Empoleon|95\/372
|
|-heal|p1a: Empoleon|118\/372|[from] item: Leftovers
|turn|13
|
|move|p2a: Shellshock|Rapid Spin|p1a: Empoleon
|-resisted|p1a: Empoleon
|-damage|p1a: Empoleon|109\/372
|-sideend|p2: BFoxy|Stealth Rock|[from] move: Rapid Spin|[of] p2a: Shellshock
|move|p1a: Empoleon|Scald|p2a: Shellshock
|-resisted|p2a: Shellshock
|-damage|p2a: Shellshock|97\/322
|-status|p2a: Shellshock|brn
|
|-heal|p1a: Empoleon|132\/372|[from] item: Leftovers
|-damage|p2a: Shellshock|57\/322 brn|[from] brn
|turn|14
|
|switch|p1a: Celebi|Celebi|120\/404
|move|p2a: Shellshock|Dark Pulse|p1a: Celebi
|-crit|p1a: Celebi
|-supereffective|p1a: Celebi
|-damage|p1a: Celebi|0 fnt
|faint|p1a: Celebi
|
|-damage|p2a: Shellshock|17\/322 brn|[from] brn
|
|switch|p1a: Suicune|Suicune|253\/403 tox
|-ability|p1a: Suicune|Pressure
|turn|15
|
|move|p2a: Shellshock|Dark Pulse|p1a: Suicune
|-damage|p1a: Suicune|109\/403 tox
|move|p1a: Suicune|Rest|p1a: Suicune
|-status|p1a: Suicune|slp
|-heal|p1a: Suicune|403\/403 slp|[silent]
|-status|p1a: Suicune|slp|[from] move: Rest
|-enditem|p1a: Suicune|Chesto Berry|[eat]
|-curestatus|p1a: Suicune|slp
|
|-damage|p2a: Shellshock|0 fnt|[from] brn
|faint|p2a: Shellshock
|
|switch|p2a: Zim|Reuniclus, M|365\/422
|turn|16
|
|switch|p1a: Darmanitan|Darmanitan, M, shiny|176\/351
|move|p2a: Zim|Focus Blast|p1a: Darmanitan
|-damage|p1a: Darmanitan|0 fnt
|faint|p1a: Darmanitan
|
|-heal|p2a: Zim|391\/422|[from] item: Leftovers
|
|switch|p1a: Banette|Banette-Mega, F, shiny|92\/331
|turn|17
|
|switch|p2a: Darude|Hippowdon, M|417\/417
|-weather|Sandstorm
|move|p1a: Banette|Knock Off|p2a: Darude
|-damage|p2a: Darude|280\/417
|-enditem|p2a: Darude|Leftovers|[from] move: Knock Off|[of] p1a: Banette
|
|-weather|Sandstorm|[upkeep]
|-damage|p1a: Banette|72\/331|[from] sandstorm
|turn|18
|
|switch|p1a: Empoleon|Empoleon, M|132\/372
|move|p2a: Darude|Earthquake|p1a: Empoleon
|-supereffective|p1a: Empoleon
|-damage|p1a: Empoleon|0 fnt
|faint|p1a: Empoleon
|
|-weather|Sandstorm|[upkeep]
|
|switch|p1a: Suicune|Suicune|403\/403
|-ability|p1a: Suicune|Pressure
|turn|19
|
|switch|p2a: Zim|Reuniclus, M|391\/422
|move|p1a: Suicune|Calm Mind|p1a: Suicune
|-boost|p1a: Suicune|spa|1
|-boost|p1a: Suicune|spd|1
|
|-weather|Sandstorm|[upkeep]
|-damage|p1a: Suicune|378\/403|[from] sandstorm
|-heal|p2a: Zim|417\/422|[from] item: Leftovers
|turn|20
|
|move|p1a: Suicune|Scald|p2a: Zim
|-damage|p2a: Zim|198\/422
|move|p2a: Zim|Calm Mind|p2a: Zim
|-boost|p2a: Zim|spa|1
|-boost|p2a: Zim|spd|1
|
|-weather|Sandstorm|[upkeep]
|-damage|p1a: Suicune|353\/403|[from] sandstorm
|-heal|p2a: Zim|224\/422|[from] item: Leftovers
|turn|21
|
|switch|p1a: Banette|Banette-Mega, F, shiny|72\/331
|move|p2a: Zim|Recover|p2a: Zim
|-heal|p2a: Zim|422\/422
|
|-weather|none
|turn|22
|
|switch|p1a: Suicune|Suicune|353\/403
|-ability|p1a: Suicune|Pressure
|switch|p2a: Darude|Hippowdon, M|280\/417
|-weather|Sandstorm
|
|-weather|Sandstorm|[upkeep]
|-damage|p1a: Suicune|328\/403|[from] sandstorm
|turn|23
|
|move|p1a: Suicune|Calm Mind|p1a: Suicune
|-boost|p1a: Suicune|spa|1
|-boost|p1a: Suicune|spd|1
|move|p2a: Darude|Earthquake|p1a: Suicune
|-damage|p1a: Suicune|217\/403
|
|-weather|Sandstorm|[upkeep]
|-damage|p1a: Suicune|192\/403|[from] sandstorm
|turn|24
|c|★5Turtles|crap
|
|move|p1a: Suicune|Scald|p2a: Darude
|-supereffective|p2a: Darude
|-damage|p2a: Darude|0 fnt
|faint|p2a: Darude
|
|-weather|Sandstorm|[upkeep]
|-damage|p1a: Suicune|167\/403|[from] sandstorm
|
|switch|p2a: Zim|Reuniclus, M|422\/422
|turn|25
|c|★5Turtles|needed darm to at least attack this game ha
|
|move|p1a: Suicune|Scald|p2a: Zim
|-damage|p2a: Zim|217\/422
|-status|p2a: Zim|brn
|move|p2a: Zim|Psyshock|p1a: Suicune
|-damage|p1a: Suicune|71\/403
|
|-weather|Sandstorm|[upkeep]
|-damage|p1a: Suicune|46\/403|[from] sandstorm
|-heal|p2a: Zim|243\/422 brn|[from] item: Leftovers
|turn|26
|c|★5Turtles|c'mon critical hit!
|
|move|p1a: Suicune|Scald|p2a: Zim
|-damage|p2a: Zim|20\/422 brn
|move|p2a: Zim|Psyshock|p1a: Suicune
|-damage|p1a: Suicune|0 fnt
|faint|p1a: Suicune
|
|-weather|none
|-heal|p2a: Zim|46\/422 brn|[from] item: Leftovers
|c|★BFoxy|lol he is overrated in this meta
|c|★BFoxy|with suicune on every other team
|c|★5Turtles|the standard scarf
|c|★5Turtles|I'd agree
|c|★5Turtles|but band does pretty well
|c|★5Turtles|still has suicune's problems
|
|switch|p1a: Banette|Banette-Mega, F, shiny|72\/331
|turn|27
|
|move|p1a: Banette|Knock Off|p2a: Zim
|-supereffective|p2a: Zim
|-damage|p2a: Zim|0 fnt
|-enditem|p2a: Zim|Leftovers|[from] move: Knock Off|[of] p1a: Banette
|faint|p2a: Zim
|
|
|switch|p2a: Mufasa|Entei, shiny|161\/371
|-ability|p2a: Mufasa|Pressure
|turn|28
|
|move|p1a: Banette|Destiny Bond|p1a: Banette
|-singlemove|p1a: Banette|Destiny Bond
|move|p2a: Mufasa|Sacred Fire|p1a: Banette
|-damage|p1a: Banette|0 fnt
|faint|p1a: Banette
|-activate|p1a: Banette|Destiny Bond
|faint|p2a: Mufasa
|
|c|★BFoxy|i was waiting for that all along lol
|c|★5Turtles|I know
|c|★5Turtles|I didn't have another option though
|
|switch|p1a: Lucario|Lucario, F|281\/281
|switch|p2a: Venetia Shield|Doublade, M, shiny|309\/309
|turn|29
|c|★BFoxy|do you have taunt?
|c|★5Turtles|yeah
|c|★BFoxy|figured
|
|move|p1a: Lucario|Swords Dance|p1a: Lucario
|-boost|p1a: Lucario|atk|2
|move|p2a: Venetia Shield|Sacred Sword|p1a: Lucario
|-supereffective|p1a: Lucario
|-damage|p1a: Lucario|0 fnt
|faint|p1a: Lucario
|
|win|BFoxy
|raw|Ladder updating...
|raw|5Turtles's rating: 1503 &rarr; <strong>1484<\/strong><br \/>(-19 for losing)
|raw|BFoxy's rating: 1508 &rarr; <strong>1528<\/strong><br \/>(+20 for winning)
|c|★5Turtles|gg
|c|★BFoxy|gg
|leave|5Turtles
|player|p1