|join|RotomSock
|join|Storm Jesus
|player|p1|RotomSock|37
|player|p2|Storm Jesus|151
|gametype|singles
|gen|6
|tier|OU
|rated
|clearpoke
|poke|p1|Beedrill, F, shiny
|poke|p1|Magnezone
|poke|p1|Keldeo
|poke|p1|Diggersby, F
|poke|p1|Landorus-Therian, M
|poke|p1|Latios, M
|poke|p2|Gengar, M
|poke|p2|Meloetta
|poke|p2|Conkeldurr, M
|poke|p2|Gyarados, M
|poke|p2|Ferrothorn, M
|poke|p2|Landorus, M
|rule|Swagger Clause: Swagger is banned
|rule|Baton Pass Clause: Limit one Pokémon knowing Baton Pass
|rule|Sleep Clause Mod: Limit one foe put to sleep
|rule|Species Clause: Limit one of each Pokémon
|rule|OHKO Clause: OHKO moves are banned
|rule|Moody Clause: Moody is banned
|rule|Evasion Moves Clause: Evasion moves are banned
|rule|Endless Battle Clause: Forcing endless battles is banned
|rule|HP Percentage Mod: HP is shown in percentages
|teampreview
|
|start
|switch|p1a: Beedrill|Beedrill, F, shiny|271\/271
|switch|p2a: Heihachi|Conkeldurr, M|383\/383
|turn|1
|
|detailschange|p1a: Beedrill|Beedrill-Mega, F, shiny
|-mega|p1a: Beedrill|Beedrill|Beedrillite
|move|p1a: Beedrill|U-turn|p2a: Heihachi
|-resisted|p2a: Heihachi
|-damage|p2a: Heihachi|286\/383
|join|FUQ GLISCORE
|
|switch|p1a: Keldeo|Keldeo|323\/323
|move|p2a: Heihachi|Knock Off|p1a: Keldeo
|-resisted|p1a: Keldeo
|-damage|p1a: Keldeo|264\/323
|-boost|p1a: Keldeo|atk|1|[from] ability: Justified
|-enditem|p1a: Keldeo|Leftovers|[from] move: Knock Off|[of] p2a: Heihachi
|
|turn|2
|
|switch|p1a: Latios|Latios, M|301\/301
|move|p2a: Heihachi|Drain Punch|p1a: Latios
|-resisted|p1a: Latios
|-damage|p1a: Latios|222\/301
|-heal|p2a: Heihachi|326\/383|[from] drain|[of] p1a: Latios
|
|turn|3
|
|switch|p2a: Zelda|Meloetta|404\/404
|move|p1a: Latios|Psyshock|p2a: Zelda
|-resisted|p2a: Zelda
|-damage|p2a: Zelda|342\/404
|
|-heal|p2a: Zelda|367\/404|[from] item: Leftovers
|turn|4
|
|switch|p1a: Magnezone|Magnezone|282\/282
|move|p2a: Zelda|Hidden Power|p1a: Magnezone
|-supereffective|p1a: Magnezone
|-damage|p1a: Magnezone|164\/282
|
|-heal|p2a: Zelda|392\/404|[from] item: Leftovers
|turn|5
|
|switch|p1a: Beedrill|Beedrill-Mega, F, shiny|271\/271
|move|p2a: Zelda|Calm Mind|p2a: Zelda
|-boost|p2a: Zelda|spa|1
|-boost|p2a: Zelda|spd|1
|
|-heal|p2a: Zelda|404\/404|[from] item: Leftovers
|turn|6
|
|switch|p2a: Tytannial|Ferrothorn, M|352\/352
|move|p1a: Beedrill|U-turn|p2a: Tytannial
|-damage|p2a: Tytannial|232\/352
|-damage|p1a: Beedrill|238\/271|[from] ability: Iron Barbs|[of] p2a: Tytannial
|-damage|p1a: Beedrill|193\/271|[from] item: Rocky Helmet|[of] p2a: Tytannial
|
|switch|p1a: Magnezone|Magnezone|164\/282
|
|turn|7
|
|move|p1a: Magnezone|Hidden Power|p2a: Tytannial
|-supereffective|p2a: Tytannial
|-damage|p2a: Tytannial|0 fnt
|faint|p2a: Tytannial
|
|
|switch|p2a: Enten|Landorus, M|319\/319
|turn|8
|join|NagariHO
|c| NagariHO|beedrill magnezone is actually pretty dirty
|c|★Storm Jesus|rekt by heatran...
|
|switch|p1a: Latios|Latios, M|222\/301
|move|p2a: Enten|Hidden Power|p1a: Latios
|-supereffective|p1a: Latios
|-damage|p1a: Latios|50\/301
|-damage|p2a: Enten|288\/319|[from] item: Life Orb
|
|turn|9
|c| NagariHO|you weaken tran and drill run
|c|★Storm Jesus|,,,
|
|switch|p2a: Zelda|Meloetta|404\/404
|move|p1a: Latios|Draco Meteor|p2a: Zelda
|-damage|p2a: Zelda|214\/404
|-unboost|p1a: Latios|spa|2
|
|-heal|p2a: Zelda|239\/404|[from] item: Leftovers
|turn|10
|c|★RotomSock|or try to get the rest of your team to deal with that :P
|c| NagariHO|or u-turn tran comes in
|c| NagariHO|essentially
|c|★Storm Jesus|5 times alone today... ive seen Nasty plot sub blacksludge gengar
|c|★Storm Jesus|,
|c| NagariHO|wait what?
|c|★RotomSock|!learn gengar, nasty plot
|raw|<div class="infobox">Gengar <span class="message-learn-cannotlearn">can't<\/span> learn Nasty Plot<\/div>
|c|★Storm Jesus|SO HOW
|c|★Storm Jesus|THE FUCK
|c|★Storm Jesus|DID IT HAVE IT
|c| NagariHO|lol i checked myself
|c|★Storm Jesus|,
|c|★RotomSock|that's odd
|c|★Storm Jesus|ILLEGAL FUCKING MOVE
|c|★Storm Jesus|,
|c| NagariHO|im confused
|c| NagariHO|btw how does my team deal with gengar and landorus
|
|switch|p1a: Magnezone|Magnezone|164\/282
|move|p2a: Zelda|Substitute|p2a: Zelda
|-start|p2a: Zelda|Substitute
|-damage|p2a: Zelda|138\/404
|
|-heal|p2a: Zelda|163\/404|[from] item: Leftovers
|turn|11
|c| NagariHO|'cuz they shit on my life
|c|★Storm Jesus|oh
|c|★RotomSock|this thing is so bulky
|
|move|p1a: Magnezone|Thunderbolt|p2a: Zelda
|-end|p2a: Zelda|Substitute
|move|p2a: Zelda|Calm Mind|p2a: Zelda
|-boost|p2a: Zelda|spa|1
|-boost|p2a: Zelda|spd|1
|
|-heal|p2a: Zelda|188\/404|[from] item: Leftovers
|turn|12
|c|★Storm Jesus|just scarf ur togekiss
|
|move|p1a: Magnezone|Thunderbolt|p2a: Zelda
|-damage|p2a: Zelda|103\/404
|move|p2a: Zelda|Substitute|p2a: Zelda
|-start|p2a: Zelda|Substitute
|-damage|p2a: Zelda|2\/404
|
|-heal|p2a: Zelda|27\/404|[from] item: Leftovers
|turn|13
|c| NagariHO|i wud feel bad if i did
|
|move|p1a: Magnezone|Thunderbolt|p2a: Zelda
|-crit|p2a: Zelda
|-end|p2a: Zelda|Substitute
|move|p2a: Zelda|Hidden Power|p1a: Magnezone
|-supereffective|p1a: Magnezone
|-damage|p1a: Magnezone|0 fnt
|faint|p1a: Magnezone
|
|-heal|p2a: Zelda|52\/404|[from] item: Leftovers
|c| NagariHO|oml
|
|switch|p1a: Beedrill|Beedrill-Mega, F, shiny|193\/271
|turn|14
|c|★Storm Jesus|this is the hax i get
|c|★Storm Jesus|every day
|c|★Storm Jesus|:]
|c| NagariHO|ive had the same
|
|move|p1a: Beedrill|Poison Jab|p2a: Zelda
|-damage|p2a: Zelda|0 fnt
|faint|p2a: Zelda
|
|c|★RotomSock|yeaj that saved me a mon .-.
|c| NagariHO|i had my zard x out
|
|switch|p2a: Heihachi|Conkeldurr, M|326\/383
|turn|15
|c| NagariHO|he was para'd
|c| NagariHO|he brought his own
|c|★Storm Jesus|i foulplayed with mandibuzz on a belly drum x2 speed zardx
|c| NagariHO|* i was para'd
|c|★Storm Jesus|never seen a bar go down that fast
|c| FUQ GLISCORE|no every once in a while sz u get good hax and play like shit
|c|★Storm Jesus|:x...
|c| NagariHO|belly drum zard x....
|c| NagariHO|i don't understand
|c|★Storm Jesus|fuq gliscore... ik
|c| NagariHO|ur high on the ladder
|c|★Storm Jesus|batonpass x2 speed... from scolipede to bd zardx
|c|★Storm Jesus|lol
|c|★Storm Jesus|+ manaphy lando i
|c| NagariHO|btw storm
|c| NagariHO|scarf defog togekiss -_-
|c| NagariHO|can't do it
|c| NagariHO|im considering hp ice togekiss
|c|★Storm Jesus|no defog scizor
|c|★Storm Jesus|:x
|c| NagariHO|wud u hate me for this?
|
|move|p1a: Beedrill|U-turn|p2a: Heihachi
|-resisted|p2a: Heihachi
|-damage|p2a: Heihachi|236\/383
|c|★Storm Jesus|no bc i gots me a gengar
|c| NagariHO|i don't have room for scizor
|c| NagariHO|unless i take out rachi
|c| NagariHO|4 scizor
|c| NagariHO|wait
|c| NagariHO|that's a fantastic idea
|
|switch|p1a: Keldeo|Keldeo|264\/323
|move|p2a: Heihachi|Ice Punch|p1a: Keldeo
|-resisted|p1a: Keldeo
|-damage|p1a: Keldeo|215\/323
|
|turn|16
|c|★Storm Jesus|lol ur just noticing that
|c| NagariHO|lol the way to titled this match
|c| NagariHO|:(
|c|★Storm Jesus|conk aint my wincon here
|
|move|p1a: Keldeo|Scald|p2a: Heihachi
|-damage|p2a: Heihachi|154\/383
|move|p2a: Heihachi|Ice Punch|p1a: Keldeo
|-resisted|p1a: Keldeo
|-damage|p1a: Keldeo|168\/323
|
|turn|17
|c| NagariHO|defog
|c| NagariHO|pursuit
|c| NagariHO|b punch
|c|★Storm Jesus|roost
|c| NagariHO|u-turn?
|
|move|p1a: Keldeo|Secret Sword|p2a: Heihachi
|-damage|p2a: Heihachi|0 fnt
|faint|p2a: Heihachi
|
|c|★Storm Jesus|defog bp roost, u turn
|c|★Storm Jesus|helmet
|c| NagariHO|LOL
|
|switch|p2a: Phantom|Gengar, M|262\/262
|turn|18
|c| NagariHO|helmet
|c| NagariHO|that is so nasty
|
|move|p2a: Phantom|Sludge Wave|p1a: Keldeo
|-damage|p1a: Keldeo|0 fnt
|-damage|p2a: Phantom|236\/262|[from] item: Life Orb
|faint|p1a: Keldeo
|
|c| NagariHO|but then i have nothing for gyara
|
|switch|p1a: Latios|Latios, M|50\/301
|turn|19
|c| NagariHO|regular
|c| NagariHO|and mega
|c| NagariHO|'cuz smart ppl won't mega
|c|★Storm Jesus|izzat sash diggersby?
|
|move|p1a: Latios|Psyshock|p2a: Phantom
|-supereffective|p2a: Phantom
|-damage|p2a: Phantom|0 fnt
|faint|p2a: Phantom
|
|
|switch|p2a: Predator|Gyarados, M|331\/331
|-ability|p2a: Predator|Intimidate|[of] p1a: Latios
|-unboost|p1a: Latios|atk|1
|turn|20
|
|switch|p1a: Beedrill|Beedrill-Mega, F, shiny|193\/271
|detailschange|p2a: Predator|Gyarados-Mega, M
|-mega|p2a: Predator|Gyarados|Gyaradosite
|-ability|p2a: Predator|Mold Breaker
|move|p2a: Predator|Dragon Dance|p2a: Predator
|-boost|p2a: Predator|atk|1
|-boost|p2a: Predator|spe|1
|
|turn|21
|c| NagariHO|hello?
|c|★Storm Jesus|im faster
|c|★Storm Jesus|lol
|
|move|p2a: Predator|Waterfall|p1a: Beedrill
|-damage|p1a: Beedrill|0 fnt
|faint|p1a: Beedrill
|
|c| NagariHO|no
|c| NagariHO|i meant the latios switch
|c|★RotomSock|why is everyone running jolly gyara .-.
|c|★Storm Jesus|do i win?
|c| NagariHO|'cuz mega beedrill
|
|switch|p1a: Diggersby|Diggersby, F|311\/311
|turn|22
|c| NagariHO|mega sceptile
|c| NagariHO|mega lop
|c|★RotomSock|don't flinch me, k?
|
|move|p2a: Predator|Waterfall|p1a: Diggersby
|-supereffective|p1a: Diggersby
|-enditem|p1a: Diggersby|Focus Sash
|-damage|p1a: Diggersby|1\/311
|move|p1a: Diggersby|Frustration|p2a: Predator
|-damage|p2a: Predator|132\/331
|
|turn|23
|c| NagariHO|yup
|c| NagariHO|unless bulky ass lando
|c| NagariHO|y u did u switch out your latios?
|c| NagariHO|oh nvm
|c|★RotomSock|yeah
|c| NagariHO|oh
|c| NagariHO|your lando-t is not lando u-turn spam
|c|★RotomSock|my team is so weak to lando-i :[
|
|move|p1a: Diggersby|Quick Attack|p2a: Predator
|-damage|p2a: Predator|54\/331
|move|p2a: Predator|Waterfall|p1a: Diggersby
|-supereffective|p1a: Diggersby
|-damage|p1a: Diggersby|0 fnt
|faint|p1a: Diggersby
|
|c|★Storm Jesus|wait haa
|c| NagariHO|aka scarf lando
|c| NagariHO|da 50\/50 is here
|c|★Storm Jesus|im sure hes not scarf lando
|c|★Storm Jesus|:]
|
|switch|p1a: Latios|Latios, M|50\/301
|turn|24
|c| NagariHO|-_-
|c| NagariHO|wait scarf latios?!
|
|move|p1a: Latios|Draco Meteor|p2a: Predator
|-damage|p2a: Predator|0 fnt
|-unboost|p1a: Latios|spa|2
|faint|p2a: Predator
|
|
|switch|p2a: Enten|Landorus, M|288\/319
|turn|25
|c| NagariHO|if he has RP
|c|★Storm Jesus|just switch pls
|c| NagariHO|it's over
|c|★RotomSock|yah
|c|★Storm Jesus|pls switch
|c| NagariHO|i wud hope for crit das just me
|c| NagariHO|oml storm ty for inspiring to use scizor
|c|★Storm Jesus|,, lol
|c| FUQ GLISCORE|gg
|c|★Storm Jesus|:x
|c| NagariHO|nice name
|c|★RotomSock|if ypou
|c| NagariHO|it shud fuck chansey or fuck megabro or fuck megableye
|c| NagariHO|that's ebtter
|c| NagariHO|*better
|c|★RotomSock|you're rock polish hp ice it's over .-.
|c|★RotomSock|so um
|c| NagariHO|uz about to crit rotom
|c| NagariHO|dw
|
|move|p1a: Latios|Draco Meteor|p2a: Enten
|-damage|p2a: Enten|125\/319
|-unboost|p1a: Latios|spa|2
|move|p2a: Enten|Hidden Power|p1a: Latios
|-supereffective|p1a: Latios
|-damage|p1a: Latios|0 fnt
|-damage|p2a: Enten|94\/319|[from] item: Life Orb
|faint|p1a: Latios
|
|c|★Storm Jesus|LOL
|c|★RotomSock|nooo
|c|★RotomSock|gg
|c|★Storm Jesus|im not rpolish
|c|★Storm Jesus|:]
|c|★Storm Jesus|gg
|c|★RotomSock|:[
|c| NagariHO|LOOOOOOOOOOOOOOOOOOL
|c|★Storm Jesus|are u scarf lando?
|
|switch|p1a: Landorus-Therian|Landorus-Therian, M|319\/319
|-ability|p1a: Landorus-Therian|Intimidate|[of] p2a: Enten
|-unboost|p2a: Enten|atk|1
|turn|26
|c| NagariHO|he's not
|c|★RotomSock|hell no, this is where my rocks are
|c| NagariHO|he wud've spammeed u-turna  long while ago
|
|move|p2a: Enten|Hidden Power|p1a: Landorus-Therian
|-supereffective|p1a: Landorus-Therian
|-damage|p1a: Landorus-Therian|0 fnt
|-damage|p2a: Enten|63\/319|[from] item: Life Orb
|faint|p1a: Landorus-Therian
|
|win|Storm Jesus
|raw|Ladder updating...
|c|★Storm Jesus|gg
|raw|RotomSock's rating: 1670 &rarr; <strong>1652<\/strong><br \/>(-18 for losing)
|raw|Storm Jesus's rating: 1716 &rarr; <strong>1734<\/strong><br \/>(+18 for winning)
|c| NagariHO|oml