|join|destinyhero96
|join|123penguin
|player|p1|destinyhero96|266
|player|p2|123penguin|163
|gametype|singles
|gen|6
|tier|UU
|rated
|rule|Sleep Clause Mod: Limit one foe put to sleep
|rule|Species Clause: Limit one of each Pokémon
|rule|OHKO Clause: OHKO moves are banned
|rule|Moody Clause: Moody is banned
|rule|Evasion Moves Clause: Evasion moves are banned
|rule|Endless Battle Clause: Forcing endless battles is banned
|rule|HP Percentage Mod: HP is shown in percentages
|clearpoke
|poke|p1|Mawile, F
|poke|p1|Beedrill, M
|poke|p1|Umbreon, M
|poke|p1|Porygon-Z
|poke|p1|Cloyster, F
|poke|p1|Trevenant, M
|poke|p2|Aerodactyl, F
|poke|p2|Porygon-Z
|poke|p2|Umbreon, F, shiny
|poke|p2|Ambipom, M
|poke|p2|Cofagrigus, F, shiny
|poke|p2|Alakazam, M
|rule|Swagger Clause: Swagger is banned
|rule|Baton Pass Clause: Limit one Pokémon knowing Baton Pass
|teampreview
|
|start
|switch|p1a: Trevenant|Trevenant, M|374\/374
|switch|p2a: Aerodactyl|Aerodactyl, F|302\/302
|turn|1
|
|detailschange|p2a: Aerodactyl|Aerodactyl-Mega, F
|message|Aerodactyl has Mega Evolved into Mega Aerodactyl!
|move|p2a: Aerodactyl|Crunch|p1a: Trevenant
|-supereffective|p1a: Trevenant
|-damage|p1a: Trevenant|14\/374
|-unboost|p1a: Trevenant|def|1
|-enditem|p1a: Trevenant|Sitrus Berry|[eat]
|-heal|p1a: Trevenant|107\/374|[from] item: Sitrus Berry
|move|p1a: Trevenant|Will-O-Wisp|p2a: Aerodactyl
|-status|p2a: Aerodactyl|brn
|
|-damage|p2a: Aerodactyl|265\/302 brn|[from] brn
|-item|p1a: Trevenant|Sitrus Berry|[from] ability: Harvest
|-enditem|p1a: Trevenant|Sitrus Berry|[eat]
|-heal|p1a: Trevenant|200\/374|[from] item: Sitrus Berry
|turn|2
|
|switch|p2a: Umbreon|Umbreon, F, shiny|332\/332
|switch|p1a: Umbreon|Umbreon, M|394\/394
|
|turn|3
|
|switch|p1a: Trevenant|Trevenant, M|200\/374
|move|p2a: Umbreon|Heal Bell|p2a: Umbreon
|-cureteam|p2a: Umbreon|[from] move: HealBell
|
|turn|4
|
|move|p2a: Umbreon|Foul Play|p1a: Trevenant
|-supereffective|p1a: Trevenant
|-damage|p1a: Trevenant|0 fnt
|faint|p1a: Trevenant
|
|
|switch|p1a: Mawile|Mawile, F|304\/304
|turn|5
|
|switch|p2a: Cofagrigus|Cofagrigus, F, shiny|258\/258
|move|p1a: Mawile|Play Rough|p2a: Cofagrigus
|-damage|p2a: Cofagrigus|92\/258
|-endability|p1a: Mawile|sheerforce|[from] Mummy
|-ability|p1a: Mawile|Mummy|[from] Mummy
|
|-heal|p2a: Cofagrigus|108\/258|[from] item: Leftovers
|turn|6
|
|switch|p1a: Porygon-Z|Porygon-Z|311\/311
|move|p2a: Cofagrigus|Pain Split|p1a: Porygon-Z
|-sethp|p1a: Porygon-Z|209\/311|p2a: Cofagrigus|209\/258|[from] move: Pain Split
|
|-heal|p2a: Cofagrigus|225\/258|[from] item: Leftovers
|turn|7
|
|move|p1a: Porygon-Z|Trick|p2a: Cofagrigus
|-activate|p1a: Porygon-Z|move: Trick|[of] p2a: Cofagrigus
|-item|p2a: Cofagrigus|Choice Specs|[from] move: Trick
|-item|p1a: Porygon-Z|Leftovers|[from] move: Trick
|move|p2a: Cofagrigus|Toxic|p1a: Porygon-Z
|-status|p1a: Porygon-Z|tox
|
|-heal|p1a: Porygon-Z|228\/311 tox|[from] item: Leftovers
|-damage|p1a: Porygon-Z|209\/311 tox|[from] psn
|turn|8
|
|move|p1a: Porygon-Z|Thunder Wave|p2a: Cofagrigus
|-status|p2a: Cofagrigus|par
|move|p2a: Cofagrigus|Toxic|p1a: Porygon-Z
|-fail|p1a: Porygon-Z|tox
|
|-heal|p1a: Porygon-Z|228\/311 tox|[from] item: Leftovers
|-damage|p1a: Porygon-Z|190\/311 tox|[from] psn
|turn|9
|
|switch|p1a: Mawile|Mawile, F|304\/304
|switch|p2a: Ambipom|Ambipom, M|292\/292
|
|turn|10
|
|move|p2a: Ambipom|Fake Out|p1a: Mawile
|-enditem|p2a: Ambipom|Normal Gem|[from] gem|[move] Fake Out
|-resisted|p1a: Mawile
|-damage|p1a: Mawile|241\/304
|cant|p1a: Mawile|flinch
|
|turn|11
|
|move|p2a: Ambipom|Covet|p1a: Mawile
|-resisted|p1a: Mawile
|-damage|p1a: Mawile|158\/304
|-item|p2a: Ambipom|Choice Band|[from] move: Covet|[of] p1a: Mawile
|move|p1a: Mawile|Play Rough|p2a: Ambipom
|-damage|p2a: Ambipom|72\/292
|
|turn|12
|
|move|p2a: Ambipom|Covet|p1a: Mawile
|-resisted|p1a: Mawile
|-damage|p1a: Mawile|49\/304
|move|p1a: Mawile|Play Rough|p2a: Ambipom
|-damage|p2a: Ambipom|0 fnt
|faint|p2a: Ambipom
|
|
|switch|p2a: Aerodactyl|Aerodactyl-Mega, F|265\/302
|turn|13
|
|move|p2a: Aerodactyl|Earthquake|p1a: Mawile
|-supereffective|p1a: Mawile
|-damage|p1a: Mawile|0 fnt
|faint|p1a: Mawile
|
|
|switch|p1a: Umbreon|Umbreon, M|394\/394
|turn|14
|
|move|p2a: Aerodactyl|Rock Slide|p1a: Umbreon
|-damage|p1a: Umbreon|288\/394
|move|p1a: Umbreon|Foul Play|p2a: Aerodactyl
|-damage|p2a: Aerodactyl|43\/302
|
|-heal|p1a: Umbreon|312\/394|[from] item: Leftovers
|turn|15
|
|switch|p2a: Cofagrigus|Cofagrigus, F, shiny|225\/258 par
|switch|p1a: Beedrill|Beedrill, M|271\/271
|
|turn|16
|
|detailschange|p1a: Beedrill|Beedrill-Mega, M
|message|Beedrill has Mega Evolved into Mega Beedrill!
|move|p1a: Beedrill|Drill Run|p2a: Cofagrigus
|-damage|p2a: Cofagrigus|159\/258 par
|-endability|p1a: Beedrill|adaptability|[from] Mummy
|-ability|p1a: Beedrill|Mummy|[from] Mummy
|cant|p2a: Cofagrigus|par
|
|turn|17
|
|move|p1a: Beedrill|Protect|p1a: Beedrill
|-singleturn|p1a: Beedrill|Protect
|move|p2a: Cofagrigus|Pain Split|p1a: Beedrill
|-activate|p1a: Beedrill|Protect
|
|turn|18
|
|switch|p1a: Cloyster|Cloyster, F|241\/241
|move|p2a: Cofagrigus|Pain Split|p1a: Cloyster
|-sethp|p1a: Cloyster|200\/241|p2a: Cofagrigus|200\/258 par|[from] move: Pain Split
|
|turn|19
|
|switch|p2a: Alakazam|Alakazam, M|252\/252
|move|p1a: Cloyster|Shell Smash|p1a: Cloyster
|-boost|p1a: Cloyster|atk|2
|-boost|p1a: Cloyster|spa|2
|-boost|p1a: Cloyster|spe|2
|-unboost|p1a: Cloyster|def|1
|-unboost|p1a: Cloyster|spd|1
|
|turn|20
|
|move|p2a: Alakazam|Focus Blast|p1a: Cloyster
|-supereffective|p1a: Cloyster
|-damage|p1a: Cloyster|0 fnt
|faint|p1a: Cloyster
|
|c|★destinyhero96|wtf
|c|★123penguin|choiced
|c|★destinyhero96|scarfed alakazam thats so stupid
|
|switch|p1a: Beedrill|Beedrill-Mega, M|271\/271
|turn|21
|c|★123penguin|obviously not
|c|★destinyhero96|i realized it was scarfed after u outsped me
|
|switch|p2a: Umbreon|Umbreon, F, shiny|332\/332
|move|p1a: Beedrill|U-turn|p2a: Umbreon
|-crit|p2a: Umbreon
|-supereffective|p2a: Umbreon
|-damage|p2a: Umbreon|0 fnt
|faint|p2a: Umbreon
|
|switch|p1a: Umbreon|Umbreon, M|312\/394
|
|-heal|p1a: Umbreon|336\/394|[from] item: Leftovers
|
|switch|p2a: Porygon-Z|Porygon-Z|312\/312
|turn|22
|
|move|p1a: Umbreon|Protect|p1a: Umbreon
|-singleturn|p1a: Umbreon|Protect
|move|p2a: Porygon-Z|Tri Attack|p1a: Umbreon
|-activate|p1a: Umbreon|Protect
|
|-heal|p1a: Umbreon|360\/394|[from] item: Leftovers
|turn|23
|
|move|p2a: Porygon-Z|Tri Attack|p1a: Umbreon
|-damage|p1a: Umbreon|150\/394
|move|p1a: Umbreon|Wish|p1a: Umbreon
|
|-heal|p1a: Umbreon|174\/394|[from] item: Leftovers
|turn|24
|
|move|p1a: Umbreon|Protect|p1a: Umbreon
|-singleturn|p1a: Umbreon|Protect
|move|p2a: Porygon-Z|Tri Attack|p1a: Umbreon
|-activate|p1a: Umbreon|Protect
|
|-heal|p1a: Umbreon|371\/394|[from] move: Wish|[wisher] Umbreon
|-heal|p1a: Umbreon|394\/394|[from] item: Leftovers
|turn|25
|
|move|p2a: Porygon-Z|Tri Attack|p1a: Umbreon
|-damage|p1a: Umbreon|170\/394
|-status|p1a: Umbreon|brn
|move|p1a: Umbreon|Toxic|p2a: Porygon-Z
|-status|p2a: Porygon-Z|tox
|
|-heal|p1a: Umbreon|194\/394 brn|[from] item: Leftovers
|-damage|p2a: Porygon-Z|293\/312 tox|[from] psn
|-damage|p1a: Umbreon|145\/394 brn|[from] brn
|turn|26
|
|move|p1a: Umbreon|Protect|p1a: Umbreon
|-singleturn|p1a: Umbreon|Protect
|move|p2a: Porygon-Z|Tri Attack|p1a: Umbreon
|-activate|p1a: Umbreon|Protect
|
|-heal|p1a: Umbreon|169\/394 brn|[from] item: Leftovers
|-damage|p2a: Porygon-Z|255\/312 tox|[from] psn
|-damage|p1a: Umbreon|120\/394 brn|[from] brn
|turn|27
|
|move|p1a: Umbreon|Protect|p1a: Umbreon
|-fail|p1a: Umbreon
|move|p2a: Porygon-Z|Tri Attack|p1a: Umbreon
|-damage|p1a: Umbreon|0 fnt
|faint|p1a: Umbreon
|
|-damage|p2a: Porygon-Z|198\/312 tox|[from] psn
|
|switch|p1a: Beedrill|Beedrill-Mega, M|271\/271
|turn|28
|
|move|p1a: Beedrill|Poison Jab|p2a: Porygon-Z
|-damage|p2a: Porygon-Z|0 fnt
|faint|p2a: Porygon-Z
|
|
|switch|p2a: Cofagrigus|Cofagrigus, F, shiny|200\/258 par
|turn|29
|
|move|p1a: Beedrill|Poison Jab|p2a: Cofagrigus
|-crit|p2a: Cofagrigus
|-resisted|p2a: Cofagrigus
|-damage|p2a: Cofagrigus|106\/258 par
|-endability|p1a: Beedrill|adaptability|[from] Mummy
|-ability|p1a: Beedrill|Mummy|[from] Mummy
|cant|p2a: Cofagrigus|par
|
|turn|30
|
|move|p1a: Beedrill|U-turn|p2a: Cofagrigus
|-resisted|p2a: Cofagrigus
|-damage|p2a: Cofagrigus|66\/258 par
|
|switch|p1a: Porygon-Z|Porygon-Z|190\/311 tox
|move|p2a: Cofagrigus|Pain Split|p1a: Porygon-Z
|-sethp|p1a: Porygon-Z|128\/311 tox|p2a: Cofagrigus|128\/258 par|[from] move: Pain Split
|
|-heal|p1a: Porygon-Z|147\/311 tox|[from] item: Leftovers
|-damage|p1a: Porygon-Z|128\/311 tox|[from] psn
|turn|31
|
|move|p1a: Porygon-Z|Tri Attack|p2a: Cofagrigus
|-immune|p2a: Cofagrigus|[msg]
|cant|p2a: Cofagrigus|par
|
|-heal|p1a: Porygon-Z|147\/311 tox|[from] item: Leftovers
|-damage|p1a: Porygon-Z|109\/311 tox|[from] psn
|turn|32
|
|move|p1a: Porygon-Z|Thunder Wave|p2a: Cofagrigus
|-fail|p2a: Cofagrigus|par
|move|p2a: Cofagrigus|Pain Split|p1a: Porygon-Z
|-sethp|p1a: Porygon-Z|118\/311 tox|p2a: Cofagrigus|118\/258 par|[from] move: Pain Split
|
|-heal|p1a: Porygon-Z|137\/311 tox|[from] item: Leftovers
|-damage|p1a: Porygon-Z|80\/311 tox|[from] psn
|turn|33
|
|move|p1a: Porygon-Z|Thunder Wave|p2a: Cofagrigus
|-fail|p2a: Cofagrigus|par
|cant|p2a: Cofagrigus|par
|
|-heal|p1a: Porygon-Z|99\/311 tox|[from] item: Leftovers
|-damage|p1a: Porygon-Z|23\/311 tox|[from] psn
|turn|34
|
|move|p1a: Porygon-Z|Thunder Wave|p2a: Cofagrigus
|-fail|p2a: Cofagrigus|par
|move|p2a: Cofagrigus|Pain Split|p1a: Porygon-Z
|-sethp|p1a: Porygon-Z|70\/311 tox|p2a: Cofagrigus|70\/258 par|[from] move: Pain Split
|
|-heal|p1a: Porygon-Z|89\/311 tox|[from] item: Leftovers
|-damage|p1a: Porygon-Z|0 fnt|[from] psn
|faint|p1a: Porygon-Z
|
|switch|p1a: Beedrill|Beedrill-Mega, M|271\/271
|turn|35
|
|move|p1a: Beedrill|Drill Run|p2a: Cofagrigus
|-damage|p2a: Cofagrigus|0 fnt
|-endability|p1a: Beedrill|adaptability|[from] Mummy
|-ability|p1a: Beedrill|Mummy|[from] Mummy
|faint|p2a: Cofagrigus
|
|
|switch|p2a: Alakazam|Alakazam, M|252\/252
|turn|36
|
|move|p2a: Alakazam|Psychic|p1a: Beedrill
|-supereffective|p1a: Beedrill
|-damage|p1a: Beedrill|0 fnt
|faint|p1a: Beedrill
|
|win|123penguin
|raw|Ladder updating...
|c|★123penguin|gg
|leave|destinyhero96
|player|p1
|raw|destinyhero96's rating: 1149 &rarr; <strong>1119<\/strong><br \/>(-30 for losing)
|raw|123penguin's rating: 1083 &rarr; <strong>1116<\/strong><br \/>(+33 for winning)