|join|destinyhero96
|join|Pheonixmaster
|player|p1|destinyhero96|2
|player|p2|Pheonixmaster|167
|gametype|singles
|gen|6
|tier|UU
|rated
|rule|Sleep Clause Mod: Limit one foe put to sleep
|rule|Species Clause: Limit one of each Pokémon
|rule|OHKO Clause: OHKO moves are banned
|rule|Moody Clause: Moody is banned
|rule|Evasion Moves Clause: Evasion moves are banned
|rule|Endless Battle Clause: Forcing endless battles is banned
|rule|HP Percentage Mod: HP is shown in percentages
|clearpoke
|poke|p1|Donphan, F
|poke|p1|Medicham, F
|poke|p1|Porygon-Z
|poke|p1|Vaporeon, F
|poke|p1|Umbreon, F
|poke|p1|Jellicent, F
|poke|p2|Medicham, M
|poke|p2|Krookodile, M
|poke|p2|Hydreigon, M
|poke|p2|Crobat, M
|poke|p2|Celebi
|poke|p2|Raikou
|rule|Swagger Clause: Swagger is banned
|rule|Baton Pass Clause: Limit one Pokémon knowing Baton Pass
|teampreview
|
|start
|switch|p1a: Porygon-Z|Porygon-Z|311\/311
|switch|p2a: Yagami Light|Krookodile, M|331\/331
|-ability|p2a: Yagami Light|Intimidate|[of] p1a: Porygon-Z
|-unboost|p1a: Porygon-Z|atk|1
|turn|1
|
|move|p2a: Yagami Light|Knock Off|p1a: Porygon-Z
|-damage|p1a: Porygon-Z|4\/311
|-enditem|p1a: Porygon-Z|Choice Specs|[from] move: Knock Off|[of] p2a: Yagami Light
|move|p1a: Porygon-Z|Tri Attack|p2a: Yagami Light
|-damage|p2a: Yagami Light|21\/331
|
|turn|2
|
|move|p2a: Yagami Light|Knock Off|p1a: Porygon-Z
|-damage|p1a: Porygon-Z|0 fnt
|faint|p1a: Porygon-Z
|
|
|switch|p1a: Medicham|Medicham, F|261\/261
|turn|3
|
|switch|p2a: Misa|Celebi|404\/404
|detailschange|p1a: Medicham|Medicham-Mega, F
|-mega|p1a: Medicham|Medicham|Medichamite
|move|p1a: Medicham|Fake Out|p2a: Misa
|-damage|p2a: Misa|339\/404
|
|-heal|p2a: Misa|364\/404|[from] item: Leftovers
|turn|4
|
|switch|p1a: Umbreon|Umbreon, F|394\/394
|move|p2a: Misa|Giga Drain|p1a: Umbreon
|-damage|p1a: Umbreon|322\/394
|-heal|p2a: Misa|400\/404|[from] drain|[of] p1a: Umbreon
|
|-heal|p2a: Misa|404\/404|[from] item: Leftovers
|-heal|p1a: Umbreon|346\/394|[from] item: Leftovers
|turn|5
|
|move|p2a: Misa|Stealth Rock|p1a: Umbreon
|-sidestart|p1: destinyhero96|move: Stealth Rock
|move|p1a: Umbreon|Foul Play|p2a: Misa
|-supereffective|p2a: Misa
|-damage|p2a: Misa|266\/404
|
|-heal|p2a: Misa|291\/404|[from] item: Leftovers
|-heal|p1a: Umbreon|370\/394|[from] item: Leftovers
|turn|6
|
|move|p2a: Misa|Giga Drain|p1a: Umbreon
|-damage|p1a: Umbreon|301\/394
|-heal|p2a: Misa|326\/404|[from] drain|[of] p1a: Umbreon
|move|p1a: Umbreon|Wish|p1a: Umbreon
|
|-heal|p2a: Misa|351\/404|[from] item: Leftovers
|-heal|p1a: Umbreon|325\/394|[from] item: Leftovers
|turn|7
|
|switch|p1a: Donphan|Donphan, F|321\/321
|-damage|p1a: Donphan|301\/321|[from] Stealth Rock
|move|p2a: Misa|Baton Pass|p2a: Misa
|
|switch|p2a: Yagami Light|Krookodile, M|21\/331
|-ability|p2a: Yagami Light|Intimidate|[of] p1a: Donphan
|-unboost|p1a: Donphan|atk|1
|
|-heal|p1a: Donphan|321\/321|[from] move: Wish|[wisher] Umbreon
|turn|8
|
|move|p2a: Yagami Light|Knock Off|p1a: Donphan
|-damage|p1a: Donphan|108\/321
|-enditem|p1a: Donphan|Assault Vest|[from] move: Knock Off|[of] p2a: Yagami Light
|move|p1a: Donphan|Rapid Spin|p2a: Yagami Light
|-damage|p2a: Yagami Light|1\/331
|-sideend|p1: destinyhero96|Stealth Rock|[from] move: Rapid Spin|[of] p1a: Donphan
|
|turn|9
|
|switch|p1a: Medicham|Medicham-Mega, F|261\/261
|move|p2a: Yagami Light|Knock Off|p1a: Medicham
|-damage|p1a: Medicham|92\/261
|
|turn|10
|
|switch|p2a: Misa|Celebi|351\/404
|move|p1a: Medicham|High Jump Kick|p2a: Misa
|-resisted|p2a: Misa
|-damage|p2a: Misa|193\/404
|
|-heal|p2a: Misa|218\/404|[from] item: Leftovers
|turn|11
|
|move|p1a: Medicham|High Jump Kick|p2a: Misa
|-crit|p2a: Misa
|-resisted|p2a: Misa
|-damage|p2a: Misa|0 fnt
|faint|p2a: Misa
|
|c|★Pheonixmaster|nice crit
|c|★destinyhero96|crit didnt matter
|
|switch|p2a: Rem|Crobat, M|373\/373
|turn|12
|
|switch|p1a: Vaporeon|Vaporeon, F|463\/463
|move|p2a: Rem|U-turn|p1a: Vaporeon
|-damage|p1a: Vaporeon|417\/463
|c|★Pheonixmaster|it did
|c|★destinyhero96|no calcs no proof
|
|switch|p2a: Aizawa|Raikou|321\/321
|-ability|p2a: Aizawa|Pressure
|
|-heal|p1a: Vaporeon|445\/463|[from] item: Leftovers
|turn|13
|c|★Pheonixmaster|You are so stupid lol
|
|move|p2a: Aizawa|Volt Switch|p1a: Vaporeon
|-supereffective|p1a: Vaporeon
|-damage|p1a: Vaporeon|79\/463
|
|switch|p2a: Ryuzaki|Medicham, M|261\/261
|move|p1a: Vaporeon|Wish|p1a: Vaporeon
|
|-heal|p1a: Vaporeon|107\/463|[from] item: Leftovers
|turn|14
|
|detailschange|p2a: Ryuzaki|Medicham-Mega, M
|-mega|p2a: Ryuzaki|Medicham|Medichamite
|move|p1a: Vaporeon|Protect|p1a: Vaporeon
|-singleturn|p1a: Vaporeon|Protect
|move|p2a: Ryuzaki|Substitute|p2a: Ryuzaki
|-start|p2a: Ryuzaki|Substitute
|-damage|p2a: Ryuzaki|196\/261
|
|-heal|p1a: Vaporeon|338\/463|[from] move: Wish|[wisher] Vaporeon
|-heal|p1a: Vaporeon|366\/463|[from] item: Leftovers
|turn|15
|
|move|p2a: Ryuzaki|Zen Headbutt|p1a: Vaporeon
|-damage|p1a: Vaporeon|126\/463
|cant|p1a: Vaporeon|flinch
|
|-heal|p1a: Vaporeon|154\/463|[from] item: Leftovers
|turn|16
|c|★destinyhero96|theres the flinch
|
|move|p2a: Ryuzaki|Zen Headbutt|p1a: Vaporeon
|-damage|p1a: Vaporeon|0 fnt
|faint|p1a: Vaporeon
|
|
|switch|p1a: Umbreon|Umbreon, F|325\/394
|turn|17
|c|★Pheonixmaster|payback buddy
|
|move|p2a: Ryuzaki|Ice Punch|p1a: Umbreon
|-damage|p1a: Umbreon|223\/394
|move|p1a: Umbreon|Foul Play|p2a: Ryuzaki
|-end|p2a: Ryuzaki|Substitute
|
|-heal|p1a: Umbreon|247\/394|[from] item: Leftovers
|turn|18
|
|move|p2a: Ryuzaki|Substitute|p2a: Ryuzaki
|-start|p2a: Ryuzaki|Substitute
|-damage|p2a: Ryuzaki|131\/261
|move|p1a: Umbreon|Foul Play|p2a: Ryuzaki
|-end|p2a: Ryuzaki|Substitute
|
|-heal|p1a: Umbreon|271\/394|[from] item: Leftovers
|turn|19
|
|move|p1a: Umbreon|Protect|p1a: Umbreon
|-singleturn|p1a: Umbreon|Protect
|move|p2a: Ryuzaki|High Jump Kick|p1a: Umbreon
|-activate|p1a: Umbreon|Protect
|-damage|p2a: Ryuzaki|1\/261|[from] highjumpkick
|
|-heal|p1a: Umbreon|295\/394|[from] item: Leftovers
|turn|20
|
|switch|p1a: Jellicent|Jellicent, F|403\/403
|move|p2a: Ryuzaki|High Jump Kick|p1a: Jellicent
|-immune|p1a: Jellicent|[msg]
|-damage|p2a: Ryuzaki|0 fnt|[from] highjumpkick
|faint|p2a: Ryuzaki
|
|
|switch|p2a: Aizawa|Raikou|321\/321
|-ability|p2a: Aizawa|Pressure
|turn|21
|
|switch|p1a: Donphan|Donphan, F|108\/321
|move|p2a: Aizawa|Hidden Power|p1a: Donphan
|-supereffective|p1a: Donphan
|-damage|p1a: Donphan|0 fnt
|faint|p1a: Donphan
|
|
|switch|p1a: Jellicent|Jellicent, F|403\/403
|turn|22
|
|switch|p2a: Ryuk|Hydreigon, M|325\/325
|move|p1a: Jellicent|Scald|p2a: Ryuk
|-resisted|p2a: Ryuk
|-damage|p2a: Ryuk|282\/325
|
|turn|23
|
|move|p2a: Ryuk|U-turn|p1a: Jellicent
|-resisted|p1a: Jellicent
|-damage|p1a: Jellicent|369\/403
|-start|p2a: Ryuk|Disable|U-turn
|
|switch|p2a: Aizawa|Raikou|321\/321
|-ability|p2a: Aizawa|Pressure
|move|p1a: Jellicent|Scald|p2a: Aizawa
|-damage|p2a: Aizawa|240\/321
|
|-heal|p1a: Jellicent|394\/403|[from] item: Leftovers
|turn|24
|
|move|p2a: Aizawa|Volt Switch|p1a: Jellicent
|-supereffective|p1a: Jellicent
|-damage|p1a: Jellicent|172\/403
|
|switch|p2a: Ryuk|Hydreigon, M|282\/325
|move|p1a: Jellicent|Recover|p1a: Jellicent
|-heal|p1a: Jellicent|374\/403
|
|-heal|p1a: Jellicent|399\/403|[from] item: Leftovers
|turn|25
|
|move|p2a: Ryuk|U-turn|p1a: Jellicent
|-resisted|p1a: Jellicent
|-damage|p1a: Jellicent|363\/403
|-start|p2a: Ryuk|Disable|U-turn
|
|switch|p2a: Aizawa|Raikou|240\/321
|-ability|p2a: Aizawa|Pressure
|move|p1a: Jellicent|Scald|p2a: Aizawa
|-damage|p2a: Aizawa|159\/321
|-status|p2a: Aizawa|brn
|
|-heal|p1a: Jellicent|388\/403|[from] item: Leftovers
|-damage|p2a: Aizawa|119\/321 brn|[from] brn
|turn|26
|
|move|p2a: Aizawa|Thunderbolt|p1a: Jellicent
|-supereffective|p1a: Jellicent
|-damage|p1a: Jellicent|76\/403
|move|p1a: Jellicent|Scald|p2a: Aizawa
|-damage|p2a: Aizawa|43\/321 brn
|
|-heal|p1a: Jellicent|101\/403|[from] item: Leftovers
|-damage|p2a: Aizawa|3\/321 brn|[from] brn
|turn|27
|
|switch|p1a: Umbreon|Umbreon, F|295\/394
|move|p2a: Aizawa|Thunderbolt|p1a: Umbreon
|-damage|p1a: Umbreon|109\/394
|
|-heal|p1a: Umbreon|133\/394|[from] item: Leftovers
|-damage|p2a: Aizawa|0 fnt|[from] brn
|faint|p2a: Aizawa
|
|switch|p2a: Yagami Light|Krookodile, M|1\/331
|-ability|p2a: Yagami Light|Intimidate|[of] p1a: Umbreon
|-unboost|p1a: Umbreon|atk|1
|turn|28
|
|move|p1a: Umbreon|Protect|p1a: Umbreon
|-singleturn|p1a: Umbreon|Protect
|move|p2a: Yagami Light|Earthquake|p1a: Umbreon
|-activate|p1a: Umbreon|Protect
|
|-heal|p1a: Umbreon|157\/394|[from] item: Leftovers
|turn|29
|
|move|p2a: Yagami Light|Earthquake|p1a: Umbreon
|-damage|p1a: Umbreon|0 fnt
|faint|p1a: Umbreon
|
|
|switch|p1a: Medicham|Medicham-Mega, F|92\/261
|turn|30
|
|move|p2a: Yagami Light|Earthquake|p1a: Medicham
|-damage|p1a: Medicham|0 fnt
|faint|p1a: Medicham
|
|c|★Pheonixmaster|Not even jolly
|c|★Pheonixmaster|lol
|c|★destinyhero96|im not max invested in speed
|-message|destinyhero96 forfeited.
|
|win|Pheonixmaster
|raw|Ladder updating...
|leave|destinyhero96
|raw|destinyhero96's rating: 1539 &rarr; <strong>1518<\/strong><br \/>(-21 for losing)
|raw|Pheonixmaster's rating: 1515 &rarr; <strong>1536<\/strong><br \/>(+21 for winning)
|player|p1