|join|King UU
|join|Vaporeon for UU
|player|p1|King UU|22
|player|p2|Vaporeon for UU|#cpgtan
|gametype|singles
|gen|6
|tier|UU
|rated
|rule|Sleep Clause Mod: Limit one foe put to sleep
|rule|Species Clause: Limit one of each Pokémon
|rule|OHKO Clause: OHKO moves are banned
|rule|Moody Clause: Moody is banned
|rule|Evasion Moves Clause: Evasion moves are banned
|rule|Endless Battle Clause: Forcing endless battles is banned
|rule|HP Percentage Mod: HP is shown in percentages
|clearpoke
|poke|p1|Yanmega, M
|poke|p1|Krookodile, M
|poke|p1|Machamp, M
|poke|p1|Jirachi
|poke|p1|Vaporeon, F
|poke|p1|Infernape, M
|poke|p2|Snorlax, F
|poke|p2|Cresselia, F
|poke|p2|Krookodile, M
|poke|p2|Nidoqueen, F
|poke|p2|Vaporeon, M
|poke|p2|Whimsicott, M
|rule|Swagger Clause: Swagger is banned
|rule|Baton Pass Clause: Limit one Pokémon knowing Baton Pass
|teampreview
|c|★Vaporeon for UU|LOOL
|c|★Vaporeon for UU|gl hf
|join|santysas
|c|★King UU|you too
|
|start
|switch|p1a: Infernape|Infernape, M|293\/293
|switch|p2a: Meghan Trainor|Nidoqueen, F|352\/352
|turn|1
|join|SmashBrosBrawl
|
|move|p1a: Infernape|Stealth Rock|p2a: Meghan Trainor
|-sidestart|p2: Vaporeon for UU|move: Stealth Rock
|move|p2a: Meghan Trainor|Earth Power|p1a: Infernape
|-supereffective|p1a: Infernape
|-enditem|p1a: Infernape|Focus Sash
|-damage|p1a: Infernape|1\/293
|
|turn|2
|
|move|p1a: Infernape|Endeavor|p2a: Meghan Trainor
|-damage|p2a: Meghan Trainor|1\/352
|move|p2a: Meghan Trainor|Stealth Rock|p1a: Infernape
|-sidestart|p1: King UU|move: Stealth Rock
|
|turn|3
|c|+SmashBrosBrawl|mfw
|c|+SmashBrosBrawl|you didnt taunt
|c|+SmashBrosBrawl|in neither turn
|
|move|p1a: Infernape|Fire Blast|p2a: Meghan Trainor
|-damage|p2a: Meghan Trainor|0 fnt
|faint|p2a: Meghan Trainor
|
|c|★King UU|watch and lurk, battless.
|
|switch|p2a: tfw no drizzle|Vaporeon, M|452\/452
|-damage|p2a: tfw no drizzle|396\/452|[from] Stealth Rock
|turn|4
|join|BenzMafia
|
|move|p1a: Infernape|Endeavor|p2a: tfw no drizzle
|-damage|p2a: tfw no drizzle|1\/452
|move|p2a: tfw no drizzle|Wish|p2a: tfw no drizzle
|
|-heal|p2a: tfw no drizzle|29\/452|[from] item: Leftovers
|turn|5
|
|move|p2a: tfw no drizzle|Protect|p2a: tfw no drizzle
|-singleturn|p2a: tfw no drizzle|Protect
|move|p1a: Infernape|Fire Blast|p2a: tfw no drizzle
|-activate|p2a: tfw no drizzle|Protect
|
|-heal|p2a: tfw no drizzle|255\/452|[from] move: Wish|[wisher] tfw no drizzle
|-heal|p2a: tfw no drizzle|283\/452|[from] item: Leftovers
|turn|6
|join|Super Mario Kek
|
|move|p1a: Infernape|Endeavor|p2a: tfw no drizzle
|-damage|p2a: tfw no drizzle|1\/452
|move|p2a: tfw no drizzle|Wish|p2a: tfw no drizzle
|
|-heal|p2a: tfw no drizzle|29\/452|[from] item: Leftovers
|turn|7
|
|move|p2a: tfw no drizzle|Protect|p2a: tfw no drizzle
|-singleturn|p2a: tfw no drizzle|Protect
|move|p1a: Infernape|Fire Blast|p2a: tfw no drizzle
|-activate|p2a: tfw no drizzle|Protect
|
|-heal|p2a: tfw no drizzle|255\/452|[from] move: Wish|[wisher] tfw no drizzle
|-heal|p2a: tfw no drizzle|283\/452|[from] item: Leftovers
|turn|8
|c|★Vaporeon for UU|ye i kinda need to do this
|c| Super Mario Kek|sure
|
|move|p1a: Infernape|Endeavor|p2a: tfw no drizzle
|-damage|p2a: tfw no drizzle|1\/452
|move|p2a: tfw no drizzle|Wish|p2a: tfw no drizzle
|
|-heal|p2a: tfw no drizzle|29\/452|[from] item: Leftovers
|turn|9
|c| Super Mario Kek|and
|c| Super Mario Kek|endeavor
|c| Super Mario Kek|again
|
|move|p2a: tfw no drizzle|Protect|p2a: tfw no drizzle
|-singleturn|p2a: tfw no drizzle|Protect
|move|p1a: Infernape|Fire Blast|p2a: tfw no drizzle
|-activate|p2a: tfw no drizzle|Protect
|
|-heal|p2a: tfw no drizzle|255\/452|[from] move: Wish|[wisher] tfw no drizzle
|-heal|p2a: tfw no drizzle|283\/452|[from] item: Leftovers
|turn|10
|c|+SmashBrosBrawl|8 pp
|
|move|p1a: Infernape|Taunt|p2a: tfw no drizzle
|-start|p2a: tfw no drizzle|move: Taunt
|cant|p2a: tfw no drizzle|move: Taunt|Wish
|
|-heal|p2a: tfw no drizzle|311\/452|[from] item: Leftovers
|turn|11
|
|move|p1a: Infernape|Endeavor|p2a: tfw no drizzle
|-damage|p2a: tfw no drizzle|1\/452
|move|p2a: tfw no drizzle|Scald|p1a: Infernape
|-supereffective|p1a: Infernape
|-damage|p1a: Infernape|0 fnt
|faint|p1a: Infernape
|
|-heal|p2a: tfw no drizzle|29\/452|[from] item: Leftovers
|c| Super Mario Kek|rip
|c|+SmashBrosBrawl|bop
|c| Super Mario Kek|vaporeon
|c|★Vaporeon for UU|that is a uh
|
|switch|p1a: Jirachi|Jirachi|341\/341
|-damage|p1a: Jirachi|320\/341|[from] Stealth Rock
|turn|12
|c|★Vaporeon for UU|good set actually
|c|★Vaporeon for UU|lmao
|
|move|p1a: Jirachi|U-turn|p2a: tfw no drizzle
|-damage|p2a: tfw no drizzle|0 fnt
|faint|p2a: tfw no drizzle
|
|switch|p1a: Machamp|Machamp, M|321\/321
|-damage|p1a: Machamp|301\/321|[from] Stealth Rock
|
|
|switch|p2a: call me suicune|Cresselia, F|444\/444
|-damage|p2a: call me suicune|389\/444|[from] Stealth Rock
|turn|13
|c|★King UU|so confused.
|c|+SmashBrosBrawl|call me dead
|
|move|p2a: call me suicune|Calm Mind|p2a: call me suicune
|-boost|p2a: call me suicune|spa|1
|-boost|p2a: call me suicune|spd|1
|move|p1a: Machamp|Dynamic Punch|p2a: call me suicune
|-resisted|p2a: call me suicune
|-damage|p2a: call me suicune|297\/444
|-start|p2a: call me suicune|confusion
|
|-heal|p2a: call me suicune|324\/444|[from] item: Leftovers
|turn|14
|
|switch|p1a: Krookodile|Krookodile, M|331\/331
|-damage|p1a: Krookodile|311\/331|[from] Stealth Rock
|-ability|p1a: Krookodile|Intimidate|[of] p2a: call me suicune
|-unboost|p2a: call me suicune|atk|1
|-activate|p2a: call me suicune|confusion
|move|p2a: call me suicune|Psyshock|p1a: Krookodile
|-immune|p1a: Krookodile|[msg]
|
|-heal|p2a: call me suicune|351\/444|[from] item: Leftovers
|turn|15
|join|SwaggBoi
|
|switch|p2a: diggersby tho|Whimsicott, M|324\/324
|-damage|p2a: diggersby tho|284\/324|[from] Stealth Rock
|move|p1a: Krookodile|Knock Off|p2a: diggersby tho
|-resisted|p2a: diggersby tho
|-damage|p2a: diggersby tho|175\/324
|-enditem|p2a: diggersby tho|Leftovers|[from] move: Knock Off|[of] p1a: Krookodile
|-damage|p1a: Krookodile|278\/331|[from] item: Life Orb
|
|turn|16
|
|switch|p1a: Jirachi|Jirachi|320\/341
|-damage|p1a: Jirachi|299\/341|[from] Stealth Rock
|move|p2a: diggersby tho|Leech Seed|p1a: Jirachi
|-start|p1a: Jirachi|move: Leech Seed
|
|-damage|p1a: Jirachi|257\/341|[from] Leech Seed|[of] p2a: diggersby tho
|-heal|p2a: diggersby tho|217\/324|[silent]
|turn|17
|c|+SmashBrosBrawl|.-.
|
|move|p1a: Jirachi|U-turn|p2a: diggersby tho
|-damage|p2a: diggersby tho|144\/324
|
|switch|p1a: Machamp|Machamp, M|301\/321
|-damage|p1a: Machamp|281\/321|[from] Stealth Rock
|move|p2a: diggersby tho|U-turn|p1a: Machamp
|-resisted|p1a: Machamp
|-damage|p1a: Machamp|261\/321
|c|★Vaporeon for UU|:^)
|c|+SmashBrosBrawl|gr8 use
|
|switch|p2a: call me suicune|Cresselia, F|351\/444
|-damage|p2a: call me suicune|296\/444|[from] Stealth Rock
|
|-heal|p2a: call me suicune|323\/444|[from] item: Leftovers
|turn|18
|c|+SmashBrosBrawl|of whims
|c|★Vaporeon for UU|ty
|c|★Vaporeon for UU|i lost already
|c|★Vaporeon for UU|this team is shit lmao
|join|spuun
|c|★Vaporeon for UU|lead ape fucked me
|c|★King UU|yeah you should just forfeit
|c|★Vaporeon for UU|ok
|c|★King UU|:')
|c|+SmashBrosBrawl|kek
|c|★Vaporeon for UU|\/\/forfeit
|c|★King UU|!
|
|move|p2a: call me suicune|Calm Mind|p2a: call me suicune
|-boost|p2a: call me suicune|spa|1
|-boost|p2a: call me suicune|spd|1
|move|p1a: Machamp|Knock Off|p2a: call me suicune
|-supereffective|p2a: call me suicune
|-damage|p2a: call me suicune|97\/444
|-enditem|p2a: call me suicune|Leftovers|[from] move: Knock Off|[of] p1a: Machamp
|
|turn|19
|
|switch|p1a: Krookodile|Krookodile, M|278\/331
|-damage|p1a: Krookodile|258\/331|[from] Stealth Rock
|-ability|p1a: Krookodile|Intimidate|[of] p2a: call me suicune
|-unboost|p2a: call me suicune|atk|1
|move|p2a: call me suicune|Moonlight|p2a: call me suicune
|-heal|p2a: call me suicune|319\/444
|
|turn|20
|
|move|p1a: Krookodile|Knock Off|p2a: call me suicune
|-supereffective|p2a: call me suicune
|-damage|p2a: call me suicune|137\/444
|-damage|p1a: Krookodile|225\/331|[from] item: Life Orb
|move|p2a: call me suicune|Moonblast|p1a: Krookodile
|-supereffective|p1a: Krookodile
|-damage|p1a: Krookodile|0 fnt
|faint|p1a: Krookodile
|
|
|switch|p1a: Yanmega|Yanmega, M|313\/313
|-damage|p1a: Yanmega|157\/313|[from] Stealth Rock
|turn|21
|c|+SmashBrosBrawl|you couldve kept
|c|+SmashBrosBrawl|recovering
|
|switch|p2a: Average Amerifat|Snorlax, F|524\/524
|-damage|p2a: Average Amerifat|459\/524|[from] Stealth Rock
|move|p1a: Yanmega|Bug Buzz|p2a: Average Amerifat
|-damage|p2a: Average Amerifat|284\/524
|-damage|p1a: Yanmega|126\/313|[from] item: Life Orb
|
|-heal|p2a: Average Amerifat|316\/524|[from] item: Leftovers
|-boost|p1a: Yanmega|spe|1|[from] ability: Speed Boost
|turn|22
|c|★Vaporeon for UU|ye i couldve
|
|move|p1a: Yanmega|Air Slash|p2a: Average Amerifat
|-damage|p2a: Average Amerifat|168\/524
|-damage|p1a: Yanmega|95\/313|[from] item: Life Orb
|move|p2a: Average Amerifat|Body Slam|p1a: Yanmega
|-damage|p1a: Yanmega|0 fnt
|faint|p1a: Yanmega
|
|-heal|p2a: Average Amerifat|200\/524|[from] item: Leftovers
|
|switch|p1a: Jirachi|Jirachi|257\/341
|-damage|p1a: Jirachi|236\/341|[from] Stealth Rock
|turn|23
|c|★King UU|I was tauntaru
|
|move|p1a: Jirachi|Iron Head|p2a: Average Amerifat
|-damage|p2a: Average Amerifat|70\/524
|cant|p2a: Average Amerifat|flinch
|
|-heal|p2a: Average Amerifat|102\/524|[from] item: Leftovers
|turn|24
|c|★King UU|so maybe it would've helped
|c|★King UU|who knows
|
|move|p1a: Jirachi|Iron Head|p2a: Average Amerifat
|-damage|p2a: Average Amerifat|0 fnt
|faint|p2a: Average Amerifat
|
|
|switch|p2a: slidin into ur dms|Krookodile, M|331\/331
|-damage|p2a: slidin into ur dms|311\/331|[from] Stealth Rock
|-ability|p2a: slidin into ur dms|Intimidate|[of] p1a: Jirachi
|-unboost|p1a: Jirachi|atk|1
|turn|25
|
|move|p1a: Jirachi|Iron Head|p2a: slidin into ur dms
|-damage|p2a: slidin into ur dms|212\/331
|cant|p2a: slidin into ur dms|flinch
|
|turn|26
|
|move|p2a: slidin into ur dms|Pursuit|p1a: Jirachi|[from]Pursuit
|-supereffective|p1a: Jirachi
|-damage|p1a: Jirachi|0 fnt
|faint|p1a: Jirachi
|
|
|switch|p1a: Machamp|Machamp, M|261\/321
|-damage|p1a: Machamp|241\/321|[from] Stealth Rock
|turn|27
|c|★King UU|ouch
|c|+SmashBrosBrawl|tbh you can
|c|+SmashBrosBrawl|win
|
|switch|p2a: call me suicune|Cresselia, F|137\/444
|-damage|p2a: call me suicune|82\/444|[from] Stealth Rock
|move|p1a: Machamp|Dynamic Punch|p2a: call me suicune
|-resisted|p2a: call me suicune
|-damage|p2a: call me suicune|0 fnt
|faint|p2a: call me suicune
|
|c|★King UU|yeah, you can now
|c|★King UU|oh
|c|★King UU|now you can't
|c|+SmashBrosBrawl|ye he can
|c|+SmashBrosBrawl|cb quake
|c|★King UU|shhh
|c|+SmashBrosBrawl|in
|c|★King UU|don't give him any
|
|switch|p2a: slidin into ur dms|Krookodile, M|212\/331
|-damage|p2a: slidin into ur dms|192\/331|[from] Stealth Rock
|-ability|p2a: slidin into ur dms|Intimidate|[of] p1a: Machamp
|-unboost|p1a: Machamp|atk|1
|turn|28
|c|★King UU|"big ideas"
|
|move|p2a: slidin into ur dms|Earthquake|p1a: Machamp
|-damage|p1a: Machamp|0 fnt
|faint|p1a: Machamp
|
|
|switch|p1a: Vaporeon|Vaporeon, F|464\/464
|-damage|p1a: Vaporeon|406\/464|[from] Stealth Rock
|turn|29
|
|move|p1a: Vaporeon|Protect|p1a: Vaporeon
|-singleturn|p1a: Vaporeon|Protect
|move|p2a: slidin into ur dms|Earthquake|p1a: Vaporeon
|-activate|p1a: Vaporeon|Protect
|
|-heal|p1a: Vaporeon|435\/464|[from] item: Leftovers
|turn|30
|
|move|p2a: slidin into ur dms|Earthquake|p1a: Vaporeon
|-damage|p1a: Vaporeon|135\/464
|move|p1a: Vaporeon|Scald|p2a: slidin into ur dms
|-supereffective|p2a: slidin into ur dms
|-damage|p2a: slidin into ur dms|0 fnt
|faint|p2a: slidin into ur dms
|
|-heal|p1a: Vaporeon|164\/464|[from] item: Leftovers
|
|switch|p2a: diggersby tho|Whimsicott, M|144\/324
|-damage|p2a: diggersby tho|104\/324|[from] Stealth Rock
|turn|31
|
|move|p1a: Vaporeon|Protect|p1a: Vaporeon
|-singleturn|p1a: Vaporeon|Protect
|move|p2a: diggersby tho|Giga Drain|p1a: Vaporeon
|-activate|p1a: Vaporeon|Protect
|
|-heal|p1a: Vaporeon|193\/464|[from] item: Leftovers
|turn|32
|c|★Vaporeon for UU|gg
|
|move|p2a: diggersby tho|Giga Drain|p1a: Vaporeon
|-supereffective|p1a: Vaporeon
|-damage|p1a: Vaporeon|61\/464
|-heal|p2a: diggersby tho|170\/324|[from] drain|[of] p1a: Vaporeon
|move|p1a: Vaporeon|Wish|p1a: Vaporeon
|
|-heal|p1a: Vaporeon|90\/464|[from] item: Leftovers
|turn|33
|c|★Vaporeon for UU|oh wow
|c|★Vaporeon for UU|yum
|
|move|p1a: Vaporeon|Protect|p1a: Vaporeon
|-singleturn|p1a: Vaporeon|Protect
|move|p2a: diggersby tho|Leech Seed|p1a: Vaporeon
|-activate|p1a: Vaporeon|Protect
|
|-heal|p1a: Vaporeon|322\/464|[from] move: Wish|[wisher] Vaporeon
|-heal|p1a: Vaporeon|351\/464|[from] item: Leftovers
|turn|34
|
|move|p2a: diggersby tho|Leech Seed|p1a: Vaporeon
|-start|p1a: Vaporeon|move: Leech Seed
|move|p1a: Vaporeon|Scald|p2a: diggersby tho
|-resisted|p2a: diggersby tho
|-damage|p2a: diggersby tho|107\/324
|-status|p2a: diggersby tho|brn
|
|-heal|p1a: Vaporeon|380\/464|[from] item: Leftovers
|-damage|p1a: Vaporeon|322\/464|[from] Leech Seed|[of] p2a: diggersby tho
|-heal|p2a: diggersby tho|165\/324 brn|[silent]
|-damage|p2a: diggersby tho|125\/324 brn|[from] brn
|turn|35
|c| spuun|great game, full of dreams.
|c|+SmashBrosBrawl|whimsicott is such power
|
|move|p2a: diggersby tho|Giga Drain|p1a: Vaporeon
|-supereffective|p1a: Vaporeon
|-damage|p1a: Vaporeon|194\/464
|-heal|p2a: diggersby tho|189\/324 brn|[from] drain|[of] p1a: Vaporeon
|move|p1a: Vaporeon|Scald|p2a: diggersby tho
|-resisted|p2a: diggersby tho
|-damage|p2a: diggersby tho|127\/324 brn
|
|-heal|p1a: Vaporeon|223\/464|[from] item: Leftovers
|-damage|p1a: Vaporeon|165\/464|[from] Leech Seed|[of] p2a: diggersby tho
|-heal|p2a: diggersby tho|185\/324 brn|[silent]
|-damage|p2a: diggersby tho|145\/324 brn|[from] brn
|turn|36
|c|★King UU|no!
|
|move|p2a: diggersby tho|Giga Drain|p1a: Vaporeon
|-supereffective|p1a: Vaporeon
|-damage|p1a: Vaporeon|27\/464
|-heal|p2a: diggersby tho|214\/324 brn|[from] drain|[of] p1a: Vaporeon
|move|p1a: Vaporeon|Wish|p1a: Vaporeon
|
|-heal|p1a: Vaporeon|56\/464|[from] item: Leftovers
|-damage|p1a: Vaporeon|0 fnt|[from] Leech Seed|[of] p2a: diggersby tho
|-heal|p2a: diggersby tho|270\/324 brn|[silent]
|-damage|p2a: diggersby tho|230\/324 brn|[from] brn
|faint|p1a: Vaporeon
|
|win|Vaporeon for UU
|raw|Ladder updating...
|c|★King UU|lol gg
|c|★King UU|well played
|c|★Vaporeon for UU|gg lol
|c|★Vaporeon for UU|u2
|leave|SmashBrosBrawl
|raw|King UU's rating: 1701 &rarr; <strong>1674<\/strong><br \/>(-27 for losing)
|raw|Vaporeon for UU's rating: 1575 &rarr; <strong>1602<\/strong><br \/>(+27 for winning)
|c|★King UU|oooof
|c|★Vaporeon for UU|ouchh
|c|★Vaporeon for UU|rip