|join|Ragtter
|join|Vaporeon for UU
|player|p1|Ragtter|291
|player|p2|Vaporeon for UU|167
|gametype|singles
|gen|6
|tier|UU
|rated
|rule|Sleep Clause Mod: Limit one foe put to sleep
|rule|Species Clause: Limit one of each Pokémon
|rule|OHKO Clause: OHKO moves are banned
|rule|Moody Clause: Moody is banned
|rule|Evasion Moves Clause: Evasion moves are banned
|rule|Endless Battle Clause: Forcing endless battles is banned
|rule|HP Percentage Mod: HP is shown in percentages
|clearpoke
|poke|p1|Cloyster, M
|poke|p1|Galvantula, M
|poke|p1|Heracross, M
|poke|p1|Nidoking, M
|poke|p1|Hydreigon, M
|poke|p1|Chandelure, M
|poke|p2|Florges, F
|poke|p2|Mew
|poke|p2|Gligar, M
|poke|p2|Blastoise, F
|poke|p2|Celebi
|poke|p2|Nidoqueen, F
|rule|Swagger Clause: Swagger is banned
|rule|Baton Pass Clause: Limit one Pokémon knowing Baton Pass
|teampreview
|
|start
|switch|p1a: Cloyster|Cloyster, M|242\/242
|switch|p2a: Nidoqueen|Nidoqueen, F|384\/384
|turn|1
|
|switch|p2a: Blastoise|Blastoise, F|362\/362
|move|p1a: Cloyster|Shell Smash|p1a: Cloyster
|-boost|p1a: Cloyster|atk|2
|-boost|p1a: Cloyster|spa|2
|-boost|p1a: Cloyster|spe|2
|-unboost|p1a: Cloyster|def|1
|-unboost|p1a: Cloyster|spd|1
|-enditem|p1a: Cloyster|White Herb
|-restoreboost|p1a: Cloyster|[silent]
|
|turn|2
|
|detailschange|p2a: Blastoise|Blastoise-Mega, F
|message|Blastoise has Mega Evolved into Mega Blastoise!
|move|p1a: Cloyster|Rock Blast|p2a: Blastoise
|-damage|p2a: Blastoise|330\/362
|-damage|p2a: Blastoise|299\/362
|-damage|p2a: Blastoise|263\/362
|-damage|p2a: Blastoise|231\/362
|-damage|p2a: Blastoise|198\/362
|-hitcount|p2a: Blastoise|5
|move|p2a: Blastoise|Haze|p2a: Blastoise
|-clearallboost
|
|turn|3
|
|switch|p1a: Galvantula|Galvantula, M|281\/281
|move|p2a: Blastoise|Scald|p1a: Galvantula
|-damage|p1a: Galvantula|82\/281
|
|turn|4
|
|switch|p2a: Nidoqueen|Nidoqueen, F|384\/384
|move|p1a: Galvantula|Thunder|p2a: Nidoqueen
|-immune|p2a: Nidoqueen|[msg]
|
|turn|5
|
|move|p1a: Galvantula|Sticky Web|p2a: Nidoqueen
|-sidestart|p2: Vaporeon for UU|move: Sticky Web
|move|p2a: Nidoqueen|Toxic Spikes|p1a: Galvantula
|-sidestart|p1: Ragtter|move: Toxic Spikes
|
|turn|6
|
|switch|p1a: Nidoking|Nidoking, M|304\/304
|-sideend|p1: Ragtter|move: Toxic Spikes|[of] p1a: Nidoking
|move|p2a: Nidoqueen|Earth Power|p1a: Nidoking
|-supereffective|p1a: Nidoking
|-damage|p1a: Nidoking|0 fnt
|faint|p1a: Nidoking
|
|
|switch|p1a: Hydreigon|Hydreigon, M|325\/325
|turn|7
|c|★Vaporeon for UU|b8d
|
|switch|p2a: Florges|Florges, F|360\/360
|-activate|p2a: Florges|move: Sticky Web
|-unboost|p2a: Florges|spe|1
|move|p1a: Hydreigon|Earth Power|p2a: Florges
|-damage|p2a: Florges|258\/360
|
|-heal|p2a: Florges|280\/360|[from] item: Leftovers
|turn|8
|
|switch|p1a: Chandelure|Chandelure, M|261\/261
|move|p2a: Florges|Wish|p2a: Florges
|
|-heal|p2a: Florges|302\/360|[from] item: Leftovers
|turn|9
|
|switch|p2a: Nidoqueen|Nidoqueen, F|384\/384
|-activate|p2a: Nidoqueen|move: Sticky Web
|-unboost|p2a: Nidoqueen|spe|1
|move|p1a: Chandelure|Energy Ball|p2a: Nidoqueen
|-damage|p2a: Nidoqueen|259\/384
|
|-heal|p2a: Nidoqueen|384\/384|[from] move: Wish|[wisher] Florges
|turn|10
|
|switch|p1a: Galvantula|Galvantula, M|82\/281
|move|p2a: Nidoqueen|Sludge Wave|p1a: Galvantula
|-damage|p1a: Galvantula|0 fnt
|faint|p1a: Galvantula
|
|
|switch|p1a: Cloyster|Cloyster, M|242\/242
|turn|11
|
|move|p1a: Cloyster|Icicle Spear|p2a: Nidoqueen
|-supereffective|p2a: Nidoqueen
|-damage|p2a: Nidoqueen|288\/384
|-supereffective|p2a: Nidoqueen
|-damage|p2a: Nidoqueen|202\/384
|-supereffective|p2a: Nidoqueen
|-damage|p2a: Nidoqueen|116\/384
|-supereffective|p2a: Nidoqueen
|-damage|p2a: Nidoqueen|30\/384
|-supereffective|p2a: Nidoqueen
|-damage|p2a: Nidoqueen|0 fnt
|-hitcount|p2a: Nidoqueen|5
|faint|p2a: Nidoqueen
|
|
|switch|p2a: Blastoise|Blastoise-Mega, F|198\/362
|-activate|p2a: Blastoise|move: Sticky Web
|-unboost|p2a: Blastoise|spe|1
|turn|12
|
|switch|p1a: Heracross|Heracross, M|364\/364
|move|p2a: Blastoise|Scald|p1a: Heracross
|-damage|p1a: Heracross|228\/364
|
|turn|13
|
|switch|p2a: Gligar|Gligar, M|334\/334
|move|p1a: Heracross|Megahorn|p2a: Gligar
|-resisted|p2a: Gligar
|-damage|p2a: Gligar|252\/334
|
|turn|14
|
|switch|p1a: Hydreigon|Hydreigon, M|325\/325
|move|p2a: Gligar|Toxic|p1a: Hydreigon
|-status|p1a: Hydreigon|tox
|
|-damage|p1a: Hydreigon|305\/325 tox|[from] psn
|turn|15
|
|switch|p1a: Cloyster|Cloyster, M|242\/242
|move|p2a: Gligar|Stealth Rock|p1a: Cloyster
|-sidestart|p1: Ragtter|move: Stealth Rock
|
|turn|16
|
|switch|p2a: Mew|Mew|404\/404
|-activate|p2a: Mew|move: Sticky Web
|-unboost|p2a: Mew|spe|1
|move|p1a: Cloyster|Icicle Spear|p2a: Mew
|-damage|p2a: Mew|362\/404
|-damage|p2a: Mew|322\/404
|-damage|p2a: Mew|283\/404
|-damage|p2a: Mew|241\/404
|-damage|p2a: Mew|201\/404
|-hitcount|p2a: Mew|5
|
|-heal|p2a: Mew|226\/404|[from] item: Leftovers
|turn|17
|
|move|p1a: Cloyster|Icicle Spear|p2a: Mew
|-damage|p2a: Mew|184\/404
|-damage|p2a: Mew|139\/404
|-crit|p2a: Mew
|-damage|p2a: Mew|73\/404
|-damage|p2a: Mew|34\/404
|-damage|p2a: Mew|0 fnt
|-hitcount|p2a: Mew|5
|faint|p2a: Mew
|
|c|★Vaporeon for UU|fuck me
|
|switch|p2a: Blastoise|Blastoise-Mega, F|198\/362
|-activate|p2a: Blastoise|move: Sticky Web
|-unboost|p2a: Blastoise|spe|1
|turn|18
|
|switch|p1a: Heracross|Heracross, M|228\/364
|-damage|p1a: Heracross|183\/364|[from] Stealth Rock
|move|p2a: Blastoise|Scald|p1a: Heracross
|-damage|p1a: Heracross|60\/364
|-status|p1a: Heracross|brn
|
|-damage|p1a: Heracross|15\/364 brn|[from] brn
|turn|19
|
|switch|p2a: Florges|Florges, F|302\/360
|-activate|p2a: Florges|move: Sticky Web
|-unboost|p2a: Florges|spe|1
|move|p1a: Heracross|Megahorn|p2a: Florges
|-resisted|p2a: Florges
|-damage|p2a: Florges|32\/360
|
|-heal|p2a: Florges|54\/360|[from] item: Leftovers
|-damage|p1a: Heracross|0 fnt|[from] brn
|faint|p1a: Heracross
|c|★Vaporeon for UU|welp
|c|★Ragtter|Guts
|
|switch|p1a: Chandelure|Chandelure, M|261\/261
|-damage|p1a: Chandelure|196\/261|[from] Stealth Rock
|turn|20
|c|★Vaporeon for UU|obviously lol
|
|move|p2a: Florges|Protect|p2a: Florges
|-singleturn|p2a: Florges|Protect
|move|p1a: Chandelure|Shadow Ball|p2a: Florges
|-activate|p2a: Florges|Protect
|
|-heal|p2a: Florges|76\/360|[from] item: Leftovers
|turn|21
|
|move|p1a: Chandelure|Shadow Ball|p2a: Florges
|-damage|p2a: Florges|0 fnt
|faint|p2a: Florges
|
|
|switch|p2a: Blastoise|Blastoise-Mega, F|198\/362
|-activate|p2a: Blastoise|move: Sticky Web
|-unboost|p2a: Blastoise|spe|1
|turn|22
|c|★Vaporeon for UU|that crit on mew lost me the match
|
|move|p1a: Chandelure|Shadow Ball|p2a: Blastoise
|-damage|p2a: Blastoise|69\/362
|move|p2a: Blastoise|Scald|p1a: Chandelure
|-crit|p1a: Chandelure
|-supereffective|p1a: Chandelure
|-damage|p1a: Chandelure|0 fnt
|faint|p1a: Chandelure
|
|c|★Vaporeon for UU|welp cant do anything about it
|
|switch|p1a: Cloyster|Cloyster, M|242\/242
|-damage|p1a: Cloyster|182\/242|[from] Stealth Rock
|turn|23
|
|move|p1a: Cloyster|Icicle Spear|p2a: Blastoise
|-resisted|p2a: Blastoise
|-damage|p2a: Blastoise|57\/362
|-crit|p2a: Blastoise
|-resisted|p2a: Blastoise
|-damage|p2a: Blastoise|38\/362
|-resisted|p2a: Blastoise
|-damage|p2a: Blastoise|26\/362
|-resisted|p2a: Blastoise
|-damage|p2a: Blastoise|14\/362
|-resisted|p2a: Blastoise
|-damage|p2a: Blastoise|2\/362
|-hitcount|p2a: Blastoise|5
|move|p2a: Blastoise|Scald|p1a: Cloyster
|-resisted|p1a: Cloyster
|-damage|p1a: Cloyster|70\/242
|
|turn|24
|
|move|p1a: Cloyster|Razor Shell|p2a: Blastoise
|-resisted|p2a: Blastoise
|-damage|p2a: Blastoise|0 fnt
|faint|p2a: Blastoise
|
|c|★Vaporeon for UU|really needed that burned :\/
|
|switch|p2a: Celebi|Celebi|404\/404
|-activate|p2a: Celebi|move: Sticky Web
|-unboost|p2a: Celebi|spe|1
|turn|25
|
|move|p1a: Cloyster|Icicle Spear|p2a: Celebi
|-supereffective|p2a: Celebi
|-damage|p2a: Celebi|314\/404
|-supereffective|p2a: Celebi
|-damage|p2a: Celebi|228\/404
|-supereffective|p2a: Celebi
|-damage|p2a: Celebi|136\/404
|-supereffective|p2a: Celebi
|-damage|p2a: Celebi|46\/404
|-supereffective|p2a: Celebi
|-damage|p2a: Celebi|0 fnt
|-hitcount|p2a: Celebi|5
|faint|p2a: Celebi
|
|-message|Vaporeon for UU forfeited.
|
|win|Ragtter
|raw|Ladder updating...
|leave|Vaporeon for UU
|player|p2
|raw|Ragtter's rating: 1141 &rarr; <strong>1172<\/strong><br \/>(+31 for winning)
|raw|Vaporeon for UU's rating: 1221 &rarr; <strong>1191<\/strong><br \/>(-30 for losing)