|join|mr. big dck
|join|vaporeon for uu
|player|p1|mr. big dck|168
|player|p2|vaporeon for uu|168
|gametype|singles
|gen|6
|tier|UU
|rated
|rule|Sleep Clause Mod: Limit one foe put to sleep
|rule|Species Clause: Limit one of each Pokémon
|rule|OHKO Clause: OHKO moves are banned
|rule|Moody Clause: Moody is banned
|rule|Evasion Moves Clause: Evasion moves are banned
|rule|Endless Battle Clause: Forcing endless battles is banned
|rule|HP Percentage Mod: HP is shown in percentages
|clearpoke
|poke|p1|Beedrill, F
|poke|p1|Magneton
|poke|p1|Snorlax, F
|poke|p1|Gligar, F
|poke|p1|Darmanitan, F
|poke|p1|Vaporeon, F
|poke|p2|Swampert, F
|poke|p2|Froslass, F
|poke|p2|Sableye, F
|poke|p2|Alakazam, F
|poke|p2|Jirachi
|poke|p2|Lucario, F
|rule|Swagger Clause: Swagger is banned
|rule|Baton Pass Clause: Limit one Pokémon knowing Baton Pass
|teampreview
|c|★vaporeon for uu|gl hf
|c|★mr. big dck|u2
|join|Bouff
|join|z0mOG
|join|Updated Kanto
|
|start
|switch|p1a: Beedrill|Beedrill, F|272\/272
|switch|p2a: BIG CHUCK|Swampert, F|404\/404
|turn|1
|
|detailschange|p1a: Beedrill|Beedrill-Mega, F
|message|Beedrill has Mega Evolved into Mega Beedrill!
|move|p1a: Beedrill|U-turn|p2a: BIG CHUCK
|-crit|p2a: BIG CHUCK
|-damage|p2a: BIG CHUCK|178\/404
|
|switch|p1a: Vaporeon|Vaporeon, F|464\/464
|move|p2a: BIG CHUCK|Stealth Rock|p1a: Vaporeon
|-sidestart|p1: mr. big dck|move: Stealth Rock
|
|-heal|p2a: BIG CHUCK|203\/404|[from] item: Leftovers
|turn|2
|c|★vaporeon for uu|ah sick crit
|
|move|p1a: Vaporeon|Scald|p2a: BIG CHUCK
|-damage|p2a: BIG CHUCK|100\/404
|move|p2a: BIG CHUCK|Roar|p1a: Vaporeon
|drag|p1a: Beedrill|Beedrill-Mega, F|272\/272
|-damage|p1a: Beedrill|204\/272|[from] Stealth Rock
|
|-heal|p2a: BIG CHUCK|125\/404|[from] item: Leftovers
|turn|3
|
|switch|p2a: diggersby tho|Lucario, F|281\/281
|move|p1a: Beedrill|U-turn|p2a: diggersby tho
|-resisted|p2a: diggersby tho
|-damage|p2a: diggersby tho|220\/281
|
|switch|p1a: Gligar|Gligar, F|334\/334
|-damage|p1a: Gligar|293\/334|[from] Stealth Rock
|
|turn|4
|
|switch|p2a: spike'ed what els|Froslass, F|344\/344
|move|p1a: Gligar|Defog|p2a: spike'ed what els
|-unboost|p2a: spike'ed what els|evasion|1
|-sideend|p1: mr. big dck|Stealth Rock|[from] move: Defog|[of] p1a: Gligar
|
|turn|5
|
|switch|p1a: Darmanitan|Darmanitan, F|352\/352
|move|p2a: spike'ed what els|Spikes|p1a: Darmanitan
|-sidestart|p1: mr. big dck|Spikes
|
|turn|6
|
|move|p1a: Darmanitan|U-turn|p2a: spike'ed what els
|-resisted|p2a: spike'ed what els
|-damage|p2a: spike'ed what els|284\/344
|
|switch|p1a: Vaporeon|Vaporeon, F|464\/464
|-damage|p1a: Vaporeon|406\/464|[from] Spikes
|move|p2a: spike'ed what els|Icy Wind|p1a: Vaporeon
|-resisted|p1a: Vaporeon
|-damage|p1a: Vaporeon|379\/464
|-unboost|p1a: Vaporeon|spe|1
|
|-heal|p1a: Vaporeon|408\/464|[from] item: Leftovers
|turn|7
|
|move|p2a: spike'ed what els|Spikes|p1a: Vaporeon
|-sidestart|p1: mr. big dck|Spikes
|move|p1a: Vaporeon|Scald|p2a: spike'ed what els
|-damage|p2a: spike'ed what els|146\/344
|
|-heal|p1a: Vaporeon|437\/464|[from] item: Leftovers
|turn|8
|join|dedic
|
|move|p2a: spike'ed what els|Spikes|p1a: Vaporeon
|-sidestart|p1: mr. big dck|Spikes
|move|p1a: Vaporeon|Scald|p2a: spike'ed what els
|-damage|p2a: spike'ed what els|0 fnt
|faint|p2a: spike'ed what els
|
|-heal|p1a: Vaporeon|464\/464|[from] item: Leftovers
|
|switch|p2a: BIG CHUCK|Swampert, F|125\/404
|turn|9
|
|move|p2a: BIG CHUCK|Stealth Rock|p1a: Vaporeon
|-sidestart|p1: mr. big dck|move: Stealth Rock
|move|p1a: Vaporeon|Scald|p2a: BIG CHUCK
|-damage|p2a: BIG CHUCK|8\/404
|-status|p2a: BIG CHUCK|brn
|
|-heal|p2a: BIG CHUCK|33\/404 brn|[from] item: Leftovers
|-damage|p2a: BIG CHUCK|0 fnt|[from] brn
|faint|p2a: BIG CHUCK
|c|★vaporeon for uu|nb
|
|switch|p2a: Mega Gallade|Sableye, F|304\/304
|turn|10
|join|Henry
|leave|z0mOG
|
|detailschange|p2a: Mega Gallade|Sableye-Mega, F
|message|Sableye has Mega Evolved into Mega Sableye!
|move|p2a: Mega Gallade|Calm Mind|p2a: Mega Gallade
|-boost|p2a: Mega Gallade|spa|1
|-boost|p2a: Mega Gallade|spd|1
|move|p1a: Vaporeon|Scald|p2a: Mega Gallade
|-damage|p2a: Mega Gallade|247\/304
|-status|p2a: Mega Gallade|brn
|
|-damage|p2a: Mega Gallade|209\/304 brn|[from] brn
|turn|11
|c|★vaporeon for uu|ahh
|c|★vaporeon for uu|so much skill
|c|★vaporeon for uu|youre too good for me !!
|c|★mr. big dck|is that thing going to get banned soon ^
|c|★mr. big dck|i only see skilled players using it also
|c|★mr. big dck|lol
|c|★mr. big dck|it takes a lot of skill to pull off a win with it
|join|Matthew Marshall
|
|move|p1a: Vaporeon|Baton Pass|p1a: Vaporeon
|
|switch|p1a: Gligar|Gligar, F|293\/334
|-damage|p1a: Gligar|252\/334|[from] Stealth Rock
|move|p2a: Mega Gallade|Calm Mind|p2a: Mega Gallade
|-boost|p2a: Mega Gallade|spa|1
|-boost|p2a: Mega Gallade|spd|1
|
|-damage|p2a: Mega Gallade|171\/304 brn|[from] brn
|turn|12
|c|★vaporeon for uu|mega sableye is not as big an issue as fucking scald
|
|move|p1a: Gligar|Defog|p2a: Mega Gallade
|move|p2a: Mega Gallade|Defog|p1a: Gligar|[from]Magic Bounce
|-unboost|p1a: Gligar|evasion|1
|-sideend|p1: mr. big dck|Spikes|[from] move: Defog|[of] p1a: Gligar
|-sideend|p1: mr. big dck|Stealth Rock|[from] move: Defog|[of] p1a: Gligar
|move|p2a: Mega Gallade|Dark Pulse|p1a: Gligar
|-damage|p1a: Gligar|90\/334
|
|-damage|p2a: Mega Gallade|133\/304 brn|[from] brn
|turn|13
|c|★vaporeon for uu|literally all the fucking burns
|
|move|p1a: Gligar|U-turn|p2a: Mega Gallade
|-damage|p2a: Mega Gallade|107\/304 brn
|c|★vaporeon for uu|ur 2 good kid!!111
|
|switch|p1a: Darmanitan|Darmanitan, F|352\/352
|move|p2a: Mega Gallade|Recover|p2a: Mega Gallade
|-heal|p2a: Mega Gallade|259\/304 brn
|
|-damage|p2a: Mega Gallade|221\/304 brn|[from] brn
|turn|14
|c| Matthew Marshall|!!!
|
|move|p1a: Darmanitan|Flare Blitz|p2a: Mega Gallade
|-damage|p2a: Mega Gallade|29\/304 brn
|-damage|p1a: Darmanitan|289\/352|[from] recoil|[of] p2a: Mega Gallade
|move|p2a: Mega Gallade|Dark Pulse|p1a: Darmanitan
|-damage|p1a: Darmanitan|40\/352
|
|-damage|p2a: Mega Gallade|0 fnt|[from] brn
|faint|p2a: Mega Gallade
|
|switch|p2a: yfw \(°□°)\/|Jirachi|341\/341
|turn|15
|
|move|p2a: yfw \(°□°)\/|U-turn|p1a: Darmanitan
|-resisted|p1a: Darmanitan
|-damage|p1a: Darmanitan|0 fnt
|faint|p1a: Darmanitan
|c| Matthew Marshall|``__**\(°□°)\/**__``
|c| Matthew Marshall|**\(°□°)\/**
|
|switch|p2a: diggersby tho|Lucario, F|220\/281
|
|c| Matthew Marshall|__\(°□°)\/__
|
|switch|p1a: Gligar|Gligar, F|90\/334
|turn|16
|c| Matthew Marshall|``__**\(°□°)\/**__``
|c| Matthew Marshall|__\(°□°)\/__
|c| Matthew Marshall|``__**\(°□°)\/**__``
|
|move|p2a: diggersby tho|Iron Tail|p1a: Gligar
|-damage|p1a: Gligar|0 fnt
|-damage|p2a: diggersby tho|192\/281|[from] item: Life Orb
|faint|p1a: Gligar
|
|c| Matthew Marshall|**\(°□°)\/**
|
|switch|p1a: Vaporeon|Vaporeon, F|464\/464
|turn|17
|
|move|p2a: diggersby tho|Swords Dance|p2a: diggersby tho
|-boost|p2a: diggersby tho|atk|2
|move|p1a: Vaporeon|Scald|p2a: diggersby tho
|-damage|p2a: diggersby tho|62\/281
|
|turn|18
|
|move|p2a: diggersby tho|Close Combat|p1a: Vaporeon
|-damage|p1a: Vaporeon|0 fnt
|-unboost|p2a: diggersby tho|def|1
|-unboost|p2a: diggersby tho|spd|1
|-damage|p2a: diggersby tho|34\/281|[from] item: Life Orb
|faint|p1a: Vaporeon
|
|
|switch|p1a: Beedrill|Beedrill-Mega, F|204\/272
|turn|19
|
|switch|p1a: Magneton|Magneton|242\/242
|move|p2a: diggersby tho|Extreme Speed|p1a: Magneton
|-resisted|p1a: Magneton
|-damage|p1a: Magneton|112\/242
|-damage|p2a: diggersby tho|6\/281|[from] item: Life Orb
|
|turn|20
|
|move|p2a: diggersby tho|Extreme Speed|p1a: Magneton
|-resisted|p1a: Magneton
|-damage|p1a: Magneton|0 fnt
|-damage|p2a: diggersby tho|0 fnt|[from] item: Life Orb
|faint|p1a: Magneton
|faint|p2a: diggersby tho
|
|
|switch|p2a: yfw \(°□°)\/|Jirachi|341\/341
|switch|p1a: Snorlax|Snorlax, F|461\/461
|turn|21
|
|move|p2a: yfw \(°□°)\/|Trick|p1a: Snorlax
|-activate|p2a: yfw \(°□°)\/|move: Trick|[of] p1a: Snorlax
|-item|p1a: Snorlax|Choice Scarf|[from] move: Trick
|-item|p2a: yfw \(°□°)\/|Assault Vest|[from] move: Trick
|move|p1a: Snorlax|Earthquake|p2a: yfw \(°□°)\/
|-supereffective|p2a: yfw \(°□°)\/
|-damage|p2a: yfw \(°□°)\/|95\/341
|
|turn|22
|
|move|p2a: yfw \(°□°)\/|Iron Head|p1a: Snorlax
|-damage|p1a: Snorlax|328\/461
|move|p1a: Snorlax|Earthquake|p2a: yfw \(°□°)\/
|-supereffective|p2a: yfw \(°□°)\/
|-damage|p2a: yfw \(°□°)\/|0 fnt
|faint|p2a: yfw \(°□°)\/
|
|c|★vaporeon for uu|ahhhhhhh
|c|★mr. big dck|so good
|c|★vaporeon for uu|i love it!
|
|switch|p2a: spoon memes|Alakazam, F|251\/251
|turn|23
|c|★vaporeon for uu|fuck off
|-message|vaporeon for uu forfeited.
|
|win|mr. big dck
|raw|Ladder updating...
|leave|vaporeon for uu
|player|p2
|c|★mr. big dck|LOL
|c|★mr. big dck|uploading dis
|raw|mr. big dck's rating: 1444 &rarr; <strong>1466<\/strong><br \/>(+22 for winning)
|raw|vaporeon for uu's rating: 1491 &rarr; <strong>1468<\/strong><br \/>(-23 for losing)
|leave|dedic
|c| Matthew Marshall|so slatty right?
|c| Matthew Marshall|XDDDD
|c| Matthew Marshall|pls
|c|★mr. big dck|he's mad
|c|★mr. big dck|becuz
|c|★mr. big dck|he didn't get a flinch
|c|★mr. big dck|and
|c| Matthew Marshall|he isn't but, aight
|c|★mr. big dck|he's pissed about me
|c| Matthew Marshall|that's not why, but k
|c|★mr. big dck|getting minor hax
|c|★mr. big dck|LOL
|c| Matthew Marshall|pls
|leave|Matthew Marshall