|join|Vaporeon for UU
|join|pokemonisfun
|player|p1|Vaporeon for UU|#cpgtan
|player|p2|pokemonisfun|184
|gametype|singles
|gen|6
|tier|UU
|rated
|rule|Sleep Clause Mod: Limit one foe put to sleep
|rule|Species Clause: Limit one of each Pokémon
|rule|OHKO Clause: OHKO moves are banned
|rule|Moody Clause: Moody is banned
|rule|Evasion Moves Clause: Evasion moves are banned
|rule|Endless Battle Clause: Forcing endless battles is banned
|rule|HP Percentage Mod: HP is shown in percentages
|clearpoke
|poke|p1|Machamp, M
|poke|p1|Jirachi
|poke|p1|Vaporeon, F
|poke|p1|Crobat, F
|poke|p1|Hydreigon, F
|poke|p1|Nidoqueen, F
|poke|p2|Blissey, F
|poke|p2|Swampert, F
|poke|p2|Granbull, F
|poke|p2|Alomomola, M
|poke|p2|Crobat, F
|poke|p2|Celebi
|rule|Swagger Clause: Swagger is banned
|rule|Baton Pass Clause: Limit one Pokémon knowing Baton Pass
|teampreview
|c|★Vaporeon for UU|fuck lmao
|c|★Vaporeon for UU|gl hf
|join|MunnAy
|c| MunnAy|why fuck lmao
|join|ch1mpact
|join|Altilt
|c| MunnAy|dont butt rape urself
|c| MunnAy|\/me hits
|c|★Vaporeon for UU|this guy is right above me on the ladder
|c| ch1mpact|the fuck
|c| Altilt|why arent
|c|★pokemonisfun|thnk u
|c|★Vaporeon for UU|and is going to beat me
|c| ch1mpact|is this guy
|c| ch1mpact|saying
|c|★Vaporeon for UU|lmao
|c| Altilt|pert, crobat, and celebi shiny?
|c| Altilt|you'd have
|c| Altilt|monopink!
|c| ch1mpact|woah?!?!
|c| MunnAy|vapo
|
|start
|switch|p1a: Meghan Trainor|Nidoqueen, F|351\/351
|switch|p2a: bubblsy bubbles|Swampert, F|404\/404
|turn|1
|c| Altilt|pls fix
|c| MunnAy|pbin me this team
|c| Altilt|for the motherland
|c| Altilt|pls
|c| MunnAy|vapo
|c|★Vaporeon for UU|not rn
|c| MunnAy|okey
|
|detailschange|p2a: bubblsy bubbles|Swampert-Mega, F
|-mega|p2a: bubblsy bubbles|Swampert|Swampertite
|move|p1a: Meghan Trainor|Stealth Rock|p2a: bubblsy bubbles
|-sidestart|p2: pokemonisfun|move: Stealth Rock
|move|p2a: bubblsy bubbles|Earthquake|p1a: Meghan Trainor
|-supereffective|p1a: Meghan Trainor
|-damage|p1a: Meghan Trainor|0 fnt
|faint|p1a: Meghan Trainor
|
|c|★Vaporeon for UU|o
|c|★Vaporeon for UU|fuk
|c|★Vaporeon for UU|thats uh
|c| MunnAy|;o
|c|★Vaporeon for UU|not what i expected
|c| ch1mpact|>implying the team will make u good
|c|★Vaporeon for UU|nor what that
|c|★Vaporeon for UU|good
|c|★Vaporeon for UU|LOOL
|c| ch1mpact|the only reason vapo is good
|c| ch1mpact|is because
|c| ch1mpact|he is asian
|join|hand relief
|c| MunnAy|thats tru 2
|
|switch|p1a: wanna yiff|Hydreigon, F|325\/325
|turn|2
|c| MunnAy|fucking asians
|c|★pokemonisfun|youre asian?
|c|★Vaporeon for UU|half
|c|★pokemonisfun|halfbreed
|c|★pokemonisfun|wasian?
|c| ch1mpact|damn vapo
|c|★Vaporeon for UU|ye
|c| MunnAy|he was bred with ditto thats why
|
|move|p1a: wanna yiff|Dark Pulse|p2a: bubblsy bubbles
|-damage|p2a: bubblsy bubbles|268\/404
|move|p2a: bubblsy bubbles|Scald|p1a: wanna yiff
|-resisted|p1a: wanna yiff
|-damage|p1a: wanna yiff|276\/325
|-status|p1a: wanna yiff|brn
|
|-damage|p1a: wanna yiff|236\/325 brn|[from] brn
|turn|3
|c| ch1mpact|dis man called u a dog
|c|★Vaporeon for UU|i lost t1 lmao
|c| ch1mpact|........
|c|★Vaporeon for UU|holy fuck
|c|★pokemonisfun|is your mom asian
|c|★Vaporeon for UU|how bulky
|c|★Vaporeon for UU|no my dad
|c|★pokemonisfun|o
|c|★pokemonisfun|thats not expected
|c|★pokemonisfun|im purebred chinese
|c|★pokemonisfun|^_^
|c|★Vaporeon for UU|neither was mega swampert
|c|★Vaporeon for UU|fuck this is gonna be a big hit lmao
|c|★Vaporeon for UU|why didnt i just go to vapo
|c|★Vaporeon for UU|im bad,,,,,
|c| MunnAy|ITS ASIAN VS CHINESE
|
|move|p1a: wanna yiff|Dark Pulse|p2a: bubblsy bubbles
|-damage|p2a: bubblsy bubbles|115\/404
|cant|p2a: bubblsy bubbles|flinch
|
|-damage|p1a: wanna yiff|196\/325 brn|[from] brn
|turn|4
|c| Altilt|skill
|c| MunnAy|\/me epic music plays
|c| ch1mpact|nice hax kid
|join|xShiba
|c| Altilt|doesnt blissey counter burned hydrei????
|
|switch|p1a: champ'ed what els|Machamp, M|343\/343
|switch|p2a: Mega Chansey|Blissey, F|656\/656
|-damage|p2a: Mega Chansey|574\/656|[from] Stealth Rock
|
|-heal|p2a: Mega Chansey|615\/656|[from] item: Leftovers
|turn|5
|c| ch1mpact|im gonna upload this
|c| ch1mpact|so people can see
|c| ch1mpact|how luckE n bad u ar......
|join|Gogoplata
|c| ch1mpact|youtube.com\/user\/chimpact
|c| MunnAy|MY HOMEWORK BRIG ALL THE ASIAN TO THE YARD THERE LIKE NOT EVEN HARD THEE LIKE NOT HARD EVEN ID TEACH U BUT FUCK IM NOT DOING IT
|c| MunnAy|xD
|
|switch|p2a: bubblsy bubbles|Swampert-Mega, F|115\/404
|-damage|p2a: bubblsy bubbles|90\/404|[from] Stealth Rock
|move|p1a: champ'ed what els|Knock Off|p2a: bubblsy bubbles
|-damage|p2a: bubblsy bubbles|0 fnt
|faint|p2a: bubblsy bubbles
|
|
|switch|p2a: batsy watzy|Crobat, F|373\/373
|-damage|p2a: batsy watzy|280\/373|[from] Stealth Rock
|turn|6
|join|rolling kick
|
|move|p2a: batsy watzy|Defog|p1a: champ'ed what els
|-unboost|p1a: champ'ed what els|evasion|1
|-sideend|p2: pokemonisfun|Stealth Rock|[from] move: Defog|[of] p2a: batsy watzy
|move|p1a: champ'ed what els|Knock Off|p2a: batsy watzy
|-damage|p2a: batsy watzy|68\/373
|-enditem|p2a: batsy watzy|Black Sludge|[from] move: Knock Off|[of] p1a: champ'ed what els
|
|turn|7
|c| rolling kick|heh
|c|★pokemonisfun|gogoplata are you asian
|c| rolling kick|more like
|c| rolling kick|badporeon
|c| rolling kick|is bad!
|c|★Vaporeon for UU|heh
|join|I'm Rick Astley
|c|★Vaporeon for UU|gr8 meme
|join|flyingsweater
|c| rolling kick|if he was good
|c| rolling kick|he would've ice punched..
|
|switch|p1a: im a douche|Jirachi|341\/341
|move|p2a: batsy watzy|Roost|p2a: batsy watzy
|-heal|p2a: batsy watzy|255\/373
|
|turn|8
|
|switch|p2a: woofy woof woof|Granbull, F|384\/384
|-ability|p2a: woofy woof woof|Intimidate|[of] p1a: im a douche
|-unboost|p1a: im a douche|atk|1
|move|p1a: im a douche|Trick|p2a: woofy woof woof
|-activate|p1a: im a douche|move: Trick|[of] p2a: woofy woof woof
|-item|p2a: woofy woof woof|Choice Scarf|[from] move: Trick
|-item|p1a: im a douche|Leftovers|[from] move: Trick
|
|turn|9
|join|kektus the good
|c| MunnAy|kek
|
|switch|p2a: swimmy swim|Alomomola, M|471\/471
|move|p1a: im a douche|U-turn|p2a: swimmy swim
|-damage|p2a: swimmy swim|431\/471
|leave|I'm Rick Astley
|c|★pokemonisfun|can stall teams even be beat w\/o hazards
|
|switch|p1a: rip politoed|Vaporeon, F|452\/452
|
|-heal|p2a: swimmy swim|460\/471|[from] item: Leftovers
|turn|10
|c| MunnAy|no
|c|★Vaporeon for UU|um
|c| MunnAy|tbh
|c|★Vaporeon for UU|bad ones can
|c|★Vaporeon for UU|i rly need tspikes on this team lmao
|c| rolling kick|you have a nidoqueen
|c| rolling kick|and a rachi
|c| rolling kick|you have the spaces
|
|switch|p2a: onion fairy god|Celebi|396\/396
|switch|p1a: champ'ed what els|Machamp, M|343\/343
|
|turn|11
|c| rolling kick|__kid__
|c| Gogoplata|pif, y u give me scrub version of this team
|c|★pokemonisfun|this was new
|c| Gogoplata|oh ok :^)
|c|★pokemonisfun|i wouldnt betray u
|c| Gogoplata|,3 bby
|c|★pokemonisfun|too far
|
|move|p2a: onion fairy god|Stealth Rock|p1a: champ'ed what els
|-sidestart|p1: Vaporeon for UU|move: Stealth Rock
|move|p1a: champ'ed what els|Heavy Slam|p2a: onion fairy god
|-damage|p2a: onion fairy god|223\/396
|
|-heal|p2a: onion fairy god|247\/396|[from] item: Leftovers
|turn|12
|c| rolling kick|>heavy slam
|c| rolling kick|literal trash
|c| MunnAy|>heavy slam machamp
|
|switch|p1a: im a douche|Jirachi|341\/341
|-damage|p1a: im a douche|320\/341|[from] Stealth Rock
|move|p2a: onion fairy god|Recover|p2a: onion fairy god
|-heal|p2a: onion fairy god|396\/396
|
|-heal|p1a: im a douche|341\/341|[from] item: Leftovers
|turn|13
|c|★Vaporeon for UU|i thought he'd go to granbull predicting knock off
|c| MunnAy|kek
|c|★Vaporeon for UU|:^[
|
|switch|p2a: swimmy swim|Alomomola, M|471\/471
|move|p1a: im a douche|U-turn|p2a: swimmy swim
|-damage|p2a: swimmy swim|410\/471
|c| MunnAy|imma kek u
|
|switch|p1a: Batman XDD|Crobat, F|373\/373
|-damage|p1a: Batman XDD|280\/373|[from] Stealth Rock
|
|-heal|p1a: Batman XDD|303\/373|[from] item: Black Sludge
|-heal|p2a: swimmy swim|439\/471|[from] item: Leftovers
|turn|14
|c| MunnAy|\/me kicks
|c| MunnAy|keks
|
|move|p1a: Batman XDD|Defog|p2a: swimmy swim
|-unboost|p2a: swimmy swim|evasion|1
|-sideend|p1: Vaporeon for UU|Stealth Rock|[from] move: Defog|[of] p1a: Batman XDD
|move|p2a: swimmy swim|Scald|p1a: Batman XDD
|-damage|p1a: Batman XDD|252\/373
|
|-heal|p1a: Batman XDD|275\/373|[from] item: Black Sludge
|-heal|p2a: swimmy swim|468\/471|[from] item: Leftovers
|turn|15
|c| MunnAy|gr8 meme
|
|move|p1a: Batman XDD|U-turn|p2a: swimmy swim
|-damage|p2a: swimmy swim|424\/471
|
|switch|p1a: champ'ed what els|Machamp, M|343\/343
|move|p2a: swimmy swim|Scald|p1a: champ'ed what els
|-damage|p1a: champ'ed what els|288\/343
|
|-heal|p2a: swimmy swim|453\/471|[from] item: Leftovers
|turn|16
|c| MunnAy|>risks burn
|c| MunnAy|KEK
|
|move|p2a: swimmy swim|Protect|p2a: swimmy swim
|-singleturn|p2a: swimmy swim|Protect
|move|p1a: champ'ed what els|Knock Off|p2a: swimmy swim
|-activate|p2a: swimmy swim|Protect
|
|-heal|p2a: swimmy swim|471\/471|[from] item: Leftovers
|turn|17
|c|★Vaporeon for UU|I want the burn
|c| MunnAy|bad set imo
|c|★pokemonisfun|cb is best set
|c| MunnAy|>no guard or die
|c| MunnAy|D-I-E
|c|★Vaporeon for UU|no guard is low ladder trash
|
|switch|p1a: rip politoed|Vaporeon, F|452\/452
|switch|p2a: woofy woof woof|Granbull, F|384\/384
|-ability|p2a: woofy woof woof|Intimidate|[of] p1a: rip politoed
|-unboost|p1a: rip politoed|atk|1
|
|turn|18
|c|★Vaporeon for UU|lmao
|c| MunnAy|YUNG BLUD NIGGA
|
|switch|p2a: onion fairy god|Celebi|396\/396
|move|p1a: rip politoed|Wish|p1a: rip politoed
|
|turn|19
|c| MunnAy|OMG
|
|switch|p1a: wanna yiff|Hydreigon, F|196\/325 brn
|move|p2a: onion fairy god|Stealth Rock|p1a: wanna yiff
|-sidestart|p1: Vaporeon for UU|move: Stealth Rock
|
|-heal|p1a: wanna yiff|325\/325 brn|[from] move: Wish|[wisher] rip politoed
|-damage|p1a: wanna yiff|285\/325 brn|[from] brn
|turn|20
|
|switch|p2a: Mega Chansey|Blissey, F|615\/656
|move|p1a: wanna yiff|U-turn|p2a: Mega Chansey
|-damage|p2a: Mega Chansey|567\/656
|c|★Vaporeon for UU|why did i sack nido t1
|c|★Vaporeon for UU|lmao
|c| MunnAy|MY CAT WAS SNORING AND HAD ITS FACE NEAR ITS LEG AND I WAS LIKE ;o i was like i thought i seen it all thank god it wasnt licking
|
|switch|p1a: Batman XDD|Crobat, F|275\/373
|-damage|p1a: Batman XDD|182\/373|[from] Stealth Rock
|
|-heal|p1a: Batman XDD|205\/373|[from] item: Black Sludge
|-heal|p2a: Mega Chansey|608\/656|[from] item: Leftovers
|turn|21
|c| ch1mpact|the fuck
|c| ch1mpact|are you saying
|c| MunnAy|xD
|c| MunnAy|my cat is sleeping
|c| MunnAy|fucking read
|c| MunnAy|thats what i was saying
|c| MunnAy|there
|
|switch|p2a: swimmy swim|Alomomola, M|471\/471
|move|p1a: Batman XDD|Defog|p2a: swimmy swim
|-unboost|p2a: swimmy swim|evasion|1
|-sideend|p1: Vaporeon for UU|Stealth Rock|[from] move: Defog|[of] p1a: Batman XDD
|
|-heal|p1a: Batman XDD|228\/373|[from] item: Black Sludge
|turn|22
|c| flyingsweater|you should outright shut the fuck up
|c| ch1mpact|ur comments are cringe worthy
|c|★pokemonisfun|plz be nice
|c| MunnAy|LOL
|
|move|p1a: Batman XDD|U-turn|p2a: swimmy swim
|-damage|p2a: swimmy swim|424\/471
|c| MunnAy|ok first off hop off dont start with me ok?
|
|switch|p1a: champ'ed what els|Machamp, M|288\/343
|move|p2a: swimmy swim|Toxic|p1a: champ'ed what els
|-status|p1a: champ'ed what els|tox
|
|-heal|p2a: swimmy swim|453\/471|[from] item: Leftovers
|-damage|p1a: champ'ed what els|267\/343 tox|[from] psn
|turn|23
|c| ch1mpact|Y-YEA GUYS
|c| ch1mpact|DON'T START WITH ME??\/
|c| kektus the good|ur comments are cringeworthy^
|c| MunnAy|second i dont want to argue so dont start be4 ur feelings get hurt
|c| ch1mpact|I'LL GET MAD?!?!
|c|★pokemonisfun|plz stop :(
|c| kektus the good|why the fuck are yu mad
|c| Gogoplata|toss on dat modchat
|c| kektus the good|its just a game
|c| MunnAy|listen to the chinese
|
|move|p2a: swimmy swim|Protect|p2a: swimmy swim
|-singleturn|p2a: swimmy swim|Protect
|move|p1a: champ'ed what els|Close Combat|p2a: swimmy swim
|-activate|p2a: swimmy swim|Protect
|
|-heal|p2a: swimmy swim|471\/471|[from] item: Leftovers
|-damage|p1a: champ'ed what els|225\/343 tox|[from] psn
|turn|24
|c| ch1mpact|yea kektus
|c|★pokemonisfun|idk how to modchat
|c| ch1mpact|its just a game
|c| ch1mpact|its
|c| ch1mpact|\/\/forfeit
|c| flyingsweater|flyingsweater: you should outright shut the fuck up
|c|★Vaporeon for UU|me neither
|c| xShiba|\/\/modchat +
|c| MunnAy|.\/modchat +
|c| xShiba|zzz
|c| Gogoplata|.\/modchat +
|c|★Vaporeon for UU|:^
|
|switch|p2a: onion fairy god|Celebi|396\/396
|move|p1a: champ'ed what els|Close Combat|p2a: onion fairy god
|-resisted|p2a: onion fairy god
|-damage|p2a: onion fairy god|193\/396
|-unboost|p1a: champ'ed what els|def|1
|-unboost|p1a: champ'ed what els|spd|1
|
|-heal|p2a: onion fairy god|217\/396|[from] item: Leftovers
|-damage|p1a: champ'ed what els|162\/343 tox|[from] psn
|turn|25
|c| ch1mpact|fegs
|c| kektus the good|.\/modchat +
|c| MunnAy|kek
|c|★pokemonisfun|do u want modchat vaporeon for uu
|join|chumped
|c|★Vaporeon for UU|uh
|c|★Vaporeon for UU|idc
|c|★Vaporeon for UU|about these kids
|c|★Vaporeon for UU|it doesnt bother me
|c| xShiba|:[
|c| MunnAy|;o
|c| kektus the good|..........................
|raw|<div class="broadcast-red"><b>Moderated chat was set to +!<\/b><br \/>Only users of rank + and higher can talk.<\/div>
|
|switch|p1a: im a douche|Jirachi|341\/341
|move|p2a: onion fairy god|Recover|p2a: onion fairy god
|-heal|p2a: onion fairy god|396\/396
|
|turn|26
|
|switch|p2a: swimmy swim|Alomomola, M|471\/471
|move|p1a: im a douche|U-turn|p2a: swimmy swim
|-damage|p2a: swimmy swim|411\/471
|
|switch|p1a: rip politoed|Vaporeon, F|452\/452
|
|-heal|p2a: swimmy swim|440\/471|[from] item: Leftovers
|turn|27
|c|★Vaporeon for UU|ye i cant win this
|c|★Vaporeon for UU|gg
|-message|Vaporeon for UU forfeited.
|leave|ch1mpact
|leave|MunnAy
|
|win|pokemonisfun
|raw|Ladder updating...
|raw|Vaporeon for UU's rating: 1712 &rarr; <strong>1693<\/strong><br \/>(-19 for losing)
|raw|pokemonisfun's rating: 1727 &rarr; <strong>1746<\/strong><br \/>(+19 for winning)
|c|★Vaporeon for UU|ouch