|join|Pachirisu Queen
|join|puwe
|player|p1|Pachirisu Queen|143
|player|p2|puwe|1
|gametype|singles
|gen|6
|tier|OU
|rated
|clearpoke
|poke|p1|Pidgeot, F
|poke|p1|Raikou
|poke|p1|Dugtrio, F
|poke|p1|Sawk, M
|poke|p1|Bisharp, M
|poke|p1|Latias, F
|poke|p2|Landorus, M
|poke|p2|Metagross
|poke|p2|Keldeo
|poke|p2|Raikou
|poke|p2|Celebi
|poke|p2|Heatran, M
|rule|Swagger Clause: Swagger is banned
|rule|Baton Pass Clause: Limit one Pokémon knowing Baton Pass
|rule|Sleep Clause Mod: Limit one foe put to sleep
|rule|Species Clause: Limit one of each Pokémon
|rule|OHKO Clause: OHKO moves are banned
|rule|Moody Clause: Moody is banned
|rule|Evasion Moves Clause: Evasion moves are banned
|rule|Endless Battle Clause: Forcing endless battles is banned
|rule|HP Percentage Mod: HP is shown in percentages
|teampreview
|
|start
|switch|p1a: Sawk|Sawk, M|291\/291
|switch|p2a: Landorus|Landorus, M|319\/319
|turn|1
|
|switch|p2a: Metagross|Metagross|301\/301
|move|p1a: Sawk|Ice Punch|p2a: Metagross
|-resisted|p2a: Metagross
|-damage|p2a: Metagross|262\/301
|
|turn|2
|
|switch|p1a: Bisharp|Bisharp, M|291\/291
|detailschange|p2a: Metagross|Metagross-Mega
|-mega|p2a: Metagross|Metagross|Metagrossite
|move|p2a: Metagross|Zen Headbutt|p1a: Bisharp
|-immune|p1a: Bisharp|[msg]
|
|turn|3
|
|move|p1a: Bisharp|Pursuit|p2a: Metagross|[from]Pursuit
|-supereffective|p2a: Metagross
|-damage|p2a: Metagross|50\/301
|switch|p2a: Keldeo|Keldeo|323\/323
|
|turn|4
|
|switch|p1a: Latias|Latias, F|301\/301
|move|p2a: Keldeo|Icy Wind|p1a: Latias
|-supereffective|p1a: Latias
|-damage|p1a: Latias|151\/301
|-unboost|p1a: Latias|spe|1
|
|turn|5
|
|switch|p2a: Metagross|Metagross-Mega|50\/301
|switch|p1a: Bisharp|Bisharp, M|291\/291
|
|turn|6
|
|switch|p2a: Keldeo|Keldeo|323\/323
|move|p1a: Bisharp|Sucker Punch|p2a: Keldeo
|-fail|p2a: Keldeo
|
|turn|7
|
|switch|p1a: Latias|Latias, F|151\/301
|move|p2a: Keldeo|Secret Sword|p1a: Latias
|-resisted|p1a: Latias
|-damage|p1a: Latias|19\/301
|
|turn|8
|
|switch|p1a: Dugtrio|Dugtrio, F|211\/211
|switch|p2a: Metagross|Metagross-Mega|50\/301
|
|turn|9
|
|move|p1a: Dugtrio|Earthquake|p2a: Metagross
|-supereffective|p2a: Metagross
|-damage|p2a: Metagross|0 fnt
|faint|p2a: Metagross
|
|
|switch|p2a: Landorus|Landorus, M|319\/319
|turn|10
|
|switch|p1a: Latias|Latias, F|19\/301
|move|p2a: Landorus|Stealth Rock|p1a: Latias
|-sidestart|p1: Pachirisu Queen|move: Stealth Rock
|
|turn|11
|
|switch|p2a: Heatran|Heatran, M|324\/324
|move|p1a: Latias|Defog|p2a: Heatran
|-unboost|p2a: Heatran|evasion|1
|-sideend|p1: Pachirisu Queen|Stealth Rock|[from] move: Defog|[of] p1a: Latias
|
|turn|12
|
|move|p2a: Heatran|Flash Cannon|p1a: Latias
|-damage|p1a: Latias|0 fnt
|faint|p1a: Latias
|
|
|switch|p1a: Dugtrio|Dugtrio, F|211\/211
|turn|13
|
|move|p2a: Heatran|Flash Cannon|p1a: Dugtrio
|-damage|p1a: Dugtrio|7\/211
|move|p1a: Dugtrio|Earthquake|p2a: Heatran
|-supereffective|p2a: Heatran
|-damage|p2a: Heatran|0 fnt
|faint|p2a: Heatran
|
|
|switch|p2a: Landorus|Landorus, M|319\/319
|turn|14
|
|move|p1a: Dugtrio|Stealth Rock|p2a: Landorus
|-sidestart|p2: puwe|move: Stealth Rock
|move|p2a: Landorus|Stealth Rock|p1a: Dugtrio
|-sidestart|p1: Pachirisu Queen|move: Stealth Rock
|
|turn|15
|
|move|p1a: Dugtrio|Stone Edge|p2a: Landorus
|-crit|p2a: Landorus
|-damage|p2a: Landorus|177\/319
|move|p2a: Landorus|Psychic|p1a: Dugtrio
|-damage|p1a: Dugtrio|0 fnt
|faint|p1a: Dugtrio
|
|
|switch|p1a: Raikou|Raikou|320\/320
|-damage|p1a: Raikou|280\/320|[from] Stealth Rock
|-ability|p1a: Raikou|Pressure
|turn|16
|
|switch|p2a: Celebi|Celebi|404\/404
|-damage|p2a: Celebi|354\/404|[from] Stealth Rock
|move|p1a: Raikou|Hidden Power|p2a: Celebi
|-supereffective|p2a: Celebi
|-damage|p2a: Celebi|228\/404
|
|-heal|p2a: Celebi|253\/404|[from] item: Leftovers
|turn|17
|
|move|p1a: Raikou|Volt Switch|p2a: Celebi
|-resisted|p2a: Celebi
|-damage|p2a: Celebi|192\/404
|
|switch|p1a: Pidgeot|Pidgeot, F|307\/307
|-damage|p1a: Pidgeot|231\/307|[from] Stealth Rock
|move|p2a: Celebi|Recover|p2a: Celebi
|-heal|p2a: Celebi|394\/404
|
|-heal|p2a: Celebi|404\/404|[from] item: Leftovers
|turn|18
|
|switch|p2a: Landorus|Landorus, M|177\/319
|-damage|p2a: Landorus|138\/319|[from] Stealth Rock
|detailschange|p1a: Pidgeot|Pidgeot-Mega, F
|-mega|p1a: Pidgeot|Pidgeot|Pidgeotite
|move|p1a: Pidgeot|U-turn|p2a: Landorus
|-resisted|p2a: Landorus
|-damage|p2a: Landorus|115\/319
|
|switch|p1a: Raikou|Raikou|280\/320
|-damage|p1a: Raikou|240\/320|[from] Stealth Rock
|-ability|p1a: Raikou|Pressure
|
|turn|19
|
|switch|p2a: Raikou|Raikou|321\/321
|-damage|p2a: Raikou|281\/321|[from] Stealth Rock
|-ability|p2a: Raikou|Pressure
|move|p1a: Raikou|Hidden Power|p2a: Raikou
|-damage|p2a: Raikou|211\/321
|
|-heal|p2a: Raikou|231\/321|[from] item: Leftovers
|turn|20
|
|move|p2a: Raikou|Calm Mind|p2a: Raikou
|-boost|p2a: Raikou|spa|1
|-boost|p2a: Raikou|spd|1
|move|p1a: Raikou|Extrasensory|p2a: Raikou
|-damage|p2a: Raikou|171\/321
|
|-heal|p2a: Raikou|191\/321|[from] item: Leftovers
|turn|21
|
|move|p2a: Raikou|Calm Mind|p2a: Raikou
|-boost|p2a: Raikou|spa|1
|-boost|p2a: Raikou|spd|1
|move|p1a: Raikou|Volt Switch|p2a: Raikou
|-resisted|p2a: Raikou
|-damage|p2a: Raikou|161\/321
|
|switch|p1a: Sawk|Sawk, M|291\/291
|-damage|p1a: Sawk|273\/291|[from] Stealth Rock
|
|-heal|p2a: Raikou|181\/321|[from] item: Leftovers
|turn|22
|
|move|p1a: Sawk|Close Combat|p2a: Raikou
|-damage|p2a: Raikou|0 fnt
|-unboost|p1a: Sawk|def|1
|-unboost|p1a: Sawk|spd|1
|faint|p2a: Raikou
|
|
|switch|p2a: Keldeo|Keldeo|323\/323
|-damage|p2a: Keldeo|303\/323|[from] Stealth Rock
|turn|23
|
|switch|p2a: Celebi|Celebi|404\/404
|-damage|p2a: Celebi|354\/404|[from] Stealth Rock
|move|p1a: Sawk|Close Combat|p2a: Celebi
|-resisted|p2a: Celebi
|-damage|p2a: Celebi|263\/404
|-unboost|p1a: Sawk|def|1
|-unboost|p1a: Sawk|spd|1
|
|-heal|p2a: Celebi|288\/404|[from] item: Leftovers
|turn|24
|-message|puwe forfeited.
|
|win|Pachirisu Queen
|raw|Ladder updating...
|leave|puwe
|player|p2
|raw|Pachirisu Queen's rating: 1556 &rarr; <strong>1570<\/strong><br \/>(+14 for winning)
|raw|puwe's rating: 1462 &rarr; <strong>1447<\/strong><br \/>(-15 for losing)