|join|TimeTravel_3
|join|yrs
|player|p1|TimeTravel_3|170
|player|p2|yrs|61
|gametype|singles
|gen|6
|tier|OU
|rated
|clearpoke
|poke|p1|Landorus-Therian, M
|poke|p1|Klefki, M
|poke|p1|Greninja, F
|poke|p1|Raikou
|poke|p1|Latios, M
|poke|p1|Pinsir, F
|poke|p2|Heracross, F
|poke|p2|Ferrothorn, M
|poke|p2|Politoed, F
|poke|p2|Kabutops, F
|poke|p2|Kingdra, F
|poke|p2|Latias, F
|rule|Swagger Clause: Swagger is banned
|rule|Baton Pass Clause: Limit one Pokémon knowing Baton Pass
|rule|Sleep Clause Mod: Limit one foe put to sleep
|rule|Species Clause: Limit one of each Pokémon
|rule|OHKO Clause: OHKO moves are banned
|rule|Moody Clause: Moody is banned
|rule|Evasion Moves Clause: Evasion moves are banned
|rule|Endless Battle Clause: Forcing endless battles is banned
|rule|HP Percentage Mod: HP is shown in percentages
|teampreview
|c|★yrs|yes vixory
|c|★yrs|auto wijn
|c|★yrs|i love rain
|
|start
|switch|p1a: Raikou|Raikou|321\/321
|switch|p2a: Heracross|Heracross, F|301\/301
|-ability|p1a: Raikou|Pressure
|turn|1
|
|detailschange|p2a: Heracross|Heracross-Mega, F
|message|Heracross has Mega Evolved into Mega Heracross!
|move|p1a: Raikou|Volt Switch|p2a: Heracross
|-damage|p2a: Heracross|189\/301
|
|switch|p1a: Landorus-Therian|Landorus-Therian, M|319\/319
|-ability|p1a: Landorus-Therian|Intimidate|[of] p2a: Heracross
|-unboost|p2a: Heracross|atk|1
|move|p2a: Heracross|Bullet Seed|p1a: Landorus-Therian
|-damage|p1a: Landorus-Therian|296\/319
|-damage|p1a: Landorus-Therian|271\/319
|-damage|p1a: Landorus-Therian|247\/319
|-damage|p1a: Landorus-Therian|222\/319
|-damage|p1a: Landorus-Therian|198\/319
|-hitcount|p1a: Landorus-Therian|5
|
|turn|2
|
|switch|p2a: Ferrothorn|Ferrothorn, M|352\/352
|move|p1a: Landorus-Therian|Stealth Rock|p2a: Ferrothorn
|-sidestart|p2: yrs|move: Stealth Rock
|
|turn|3
|
|switch|p1a: Klefki|Klefki, M|317\/317
|move|p2a: Ferrothorn|Stealth Rock|p1a: Klefki
|-sidestart|p1: TimeTravel_3|move: Stealth Rock
|
|turn|4
|
|switch|p2a: Heracross|Heracross-Mega, F|189\/301
|-damage|p2a: Heracross|152\/301|[from] Stealth Rock
|move|p1a: Klefki|Spikes|p2a: Heracross
|-sidestart|p2: yrs|Spikes
|
|turn|5
|
|move|p1a: Klefki|Thunder Wave|p2a: Heracross
|-status|p2a: Heracross|par
|move|p2a: Heracross|Close Combat|p1a: Klefki
|-damage|p1a: Klefki|89\/317
|-unboost|p2a: Heracross|def|1
|-unboost|p2a: Heracross|spd|1
|
|-heal|p1a: Klefki|108\/317|[from] item: Leftovers
|turn|6
|
|move|p1a: Klefki|Play Rough|p2a: Heracross
|-supereffective|p2a: Heracross
|-damage|p2a: Heracross|0 fnt
|faint|p2a: Heracross
|
|-heal|p1a: Klefki|127\/317|[from] item: Leftovers
|c|★TimeTravel_3|yes
|c|★TimeTravel_3|auto win for me
|
|switch|p2a: Politoed|Politoed, F|383\/383
|-damage|p2a: Politoed|336\/383|[from] Stealth Rock
|-damage|p2a: Politoed|289\/383|[from] Spikes
|-weather|RainDance
|turn|7
|
|switch|p1a: Latios|Latios, M|301\/301
|-damage|p1a: Latios|264\/301|[from] Stealth Rock
|switch|p2a: Kingdra|Kingdra, F|291\/291
|-damage|p2a: Kingdra|255\/291|[from] Stealth Rock
|-damage|p2a: Kingdra|219\/291|[from] Spikes
|
|-weather|RainDance|[upkeep]
|turn|8
|
|switch|p1a: Klefki|Klefki, M|127\/317
|-damage|p1a: Klefki|108\/317|[from] Stealth Rock
|move|p2a: Kingdra|Scald|p1a: Klefki
|-damage|p1a: Klefki|0 fnt
|faint|p1a: Klefki
|
|-weather|RainDance|[upkeep]
|
|switch|p1a: Raikou|Raikou|321\/321
|-damage|p1a: Raikou|281\/321|[from] Stealth Rock
|-ability|p1a: Raikou|Pressure
|turn|9
|
|switch|p2a: Ferrothorn|Ferrothorn, M|352\/352
|-damage|p2a: Ferrothorn|330\/352|[from] Stealth Rock
|-damage|p2a: Ferrothorn|286\/352|[from] Spikes
|move|p1a: Raikou|Thunderbolt|p2a: Ferrothorn
|-resisted|p2a: Ferrothorn
|-damage|p2a: Ferrothorn|235\/352
|
|-weather|RainDance|[upkeep]
|-heal|p2a: Ferrothorn|257\/352|[from] item: Leftovers
|turn|10
|
|switch|p1a: Landorus-Therian|Landorus-Therian, M|198\/319
|-damage|p1a: Landorus-Therian|159\/319|[from] Stealth Rock
|-ability|p1a: Landorus-Therian|Intimidate|[of] p2a: Ferrothorn
|-unboost|p2a: Ferrothorn|atk|1
|move|p2a: Ferrothorn|Leech Seed|p1a: Landorus-Therian
|-start|p1a: Landorus-Therian|move: Leech Seed
|
|-weather|RainDance|[upkeep]
|-heal|p2a: Ferrothorn|279\/352|[from] item: Leftovers
|-damage|p1a: Landorus-Therian|120\/319|[from] Leech Seed|[of] p2a: Ferrothorn
|-heal|p2a: Ferrothorn|318\/352|[silent]
|turn|11
|
|move|p1a: Landorus-Therian|Earthquake|p2a: Ferrothorn
|-damage|p2a: Ferrothorn|179\/352
|move|p2a: Ferrothorn|Gyro Ball|p1a: Landorus-Therian
|-damage|p1a: Landorus-Therian|23\/319
|
|-weather|RainDance|[upkeep]
|-heal|p2a: Ferrothorn|201\/352|[from] item: Leftovers
|-damage|p1a: Landorus-Therian|0 fnt|[from] Leech Seed|[of] p2a: Ferrothorn
|-heal|p2a: Ferrothorn|224\/352|[silent]
|faint|p1a: Landorus-Therian
|
|switch|p1a: Pinsir|Pinsir, F|271\/271
|-damage|p1a: Pinsir|204\/271|[from] Stealth Rock
|turn|12
|
|switch|p2a: Latias|Latias, F|319\/319
|-damage|p2a: Latias|280\/319|[from] Stealth Rock
|detailschange|p1a: Pinsir|Pinsir-Mega, F
|message|Pinsir has Mega Evolved into Mega Pinsir!
|move|p1a: Pinsir|Swords Dance|p1a: Pinsir
|-boost|p1a: Pinsir|atk|2
|
|-weather|RainDance|[upkeep]
|turn|13
|
|move|p1a: Pinsir|Feint|p2a: Latias
|-damage|p2a: Latias|100\/319
|move|p2a: Latias|Thunder|p1a: Pinsir
|-supereffective|p1a: Pinsir
|-damage|p1a: Pinsir|0 fnt
|-damage|p2a: Latias|69\/319|[from] item: Life Orb
|faint|p1a: Pinsir
|
|-weather|RainDance|[upkeep]
|
|switch|p1a: Latios|Latios, M|264\/301
|-damage|p1a: Latios|227\/301|[from] Stealth Rock
|turn|14
|
|move|p2a: Latias|Draco Meteor|p1a: Latios
|-supereffective|p1a: Latios
|-damage|p1a: Latios|0 fnt
|-unboost|p2a: Latias|spa|2
|-damage|p2a: Latias|38\/319|[from] item: Life Orb
|faint|p1a: Latios
|
|-weather|none
|-message|TimeTravel_3 forfeited.
|
|win|yrs
|raw|Ladder updating...
|leave|TimeTravel_3
|player|p1
|c|★yrs|your fucked
|raw|TimeTravel_3's rating: 1584 &rarr; <strong>1559<\/strong><br \/>(-25 for losing)
|raw|yrs's rating: 1502 &rarr; <strong>1526<\/strong><br \/>(+24 for winning)
|leave|yrs
|player|p2
|join|yrs