|join|Dvolving
|join|help im on drugs
|player|p1|Dvolving|267
|player|p2|help im on drugs|184
|gametype|singles
|gen|6
|tier|UU
|rated
|rule|Sleep Clause Mod: Limit one foe put to sleep
|rule|Species Clause: Limit one of each Pokémon
|rule|OHKO Clause: OHKO moves are banned
|rule|Moody Clause: Moody is banned
|rule|Evasion Moves Clause: Evasion moves are banned
|rule|Endless Battle Clause: Forcing endless battles is banned
|rule|HP Percentage Mod: HP is shown in percentages
|clearpoke
|poke|p1|Chandelure, M
|poke|p1|Machamp, M
|poke|p1|Empoleon, F
|poke|p1|Porygon2, shiny
|poke|p1|Haxorus, M
|poke|p1|Infernape, F
|poke|p2|Sceptile, M, shiny
|poke|p2|Empoleon, M
|poke|p2|Rotom-Heat
|poke|p2|Crobat, F
|poke|p2|Hippowdon, F
|poke|p2|Umbreon, M
|rule|Swagger Clause: Swagger is banned
|rule|Baton Pass Clause: Limit one Pokémon knowing Baton Pass
|teampreview
|join|feng the bob
|join|Snowballin
|join|secret kekleon
|
|start
|switch|p1a: Infernape|Infernape, F|293\/293
|switch|p2a: Rotom-Heat|Rotom-Heat|241\/241
|turn|1
|
|move|p1a: Infernape|U-turn|p2a: Rotom-Heat
|-resisted|p2a: Rotom-Heat
|-damage|p2a: Rotom-Heat|210\/241
|
|switch|p1a: Haxorus|Haxorus, M|293\/293
|-ability|p1a: Haxorus|Mold Breaker
|move|p2a: Rotom-Heat|Volt Switch|p1a: Haxorus
|-resisted|p1a: Haxorus
|-damage|p1a: Haxorus|227\/293
|
|switch|p2a: Sceptile|Sceptile, M, shiny|281\/281
|
|turn|2
|
|detailschange|p2a: Sceptile|Sceptile-Mega, M, shiny
|-mega|p2a: Sceptile|Sceptile|Sceptilite
|move|p2a: Sceptile|Substitute|p2a: Sceptile
|-start|p2a: Sceptile|Substitute
|-damage|p2a: Sceptile|211\/281
|move|p1a: Haxorus|Dragon Claw|p2a: Sceptile
|-supereffective|p2a: Sceptile
|-end|p2a: Sceptile|Substitute
|
|turn|3
|c| feng the bob|dmt what size boobs do you prefer
|
|switch|p1a: Empoleon|Empoleon, F|372\/372
|move|p2a: Sceptile|Dragon Pulse|p1a: Empoleon
|-resisted|p1a: Empoleon
|-damage|p1a: Empoleon|292\/372
|
|-heal|p1a: Empoleon|315\/372|[from] item: Leftovers
|turn|4
|join|HappyPierrot
|
|move|p2a: Sceptile|Focus Blast|p1a: Empoleon|[miss]
|-miss|p2a: Sceptile|p1a: Empoleon
|move|p1a: Empoleon|Stealth Rock|p2a: Sceptile
|-sidestart|p2: help im on drugs|move: Stealth Rock
|
|-heal|p1a: Empoleon|338\/372|[from] item: Leftovers
|turn|5
|c|★help im on drugs|the ones that don't miss
|c| feng the bob|good choice
|
|switch|p2a: Umbreon|Umbreon, M|393\/393
|-damage|p2a: Umbreon|344\/393|[from] Stealth Rock
|move|p1a: Empoleon|Roar|p2a: Umbreon
|drag|p2a: Empoleon|Empoleon, M|361\/361
|-damage|p2a: Empoleon|339\/361|[from] Stealth Rock
|
|-heal|p2a: Empoleon|361\/361|[from] item: Leftovers
|-heal|p1a: Empoleon|361\/372|[from] item: Leftovers
|turn|6
|
|move|p2a: Empoleon|Defog|p1a: Empoleon
|-unboost|p1a: Empoleon|evasion|1
|-sideend|p2: help im on drugs|Stealth Rock|[from] move: Defog|[of] p2a: Empoleon
|move|p1a: Empoleon|Scald|p2a: Empoleon
|-resisted|p2a: Empoleon
|-damage|p2a: Empoleon|308\/361
|
|-heal|p2a: Empoleon|330\/361|[from] item: Leftovers
|-heal|p1a: Empoleon|372\/372|[from] item: Leftovers
|turn|7
|
|move|p2a: Empoleon|Scald|p1a: Empoleon
|-resisted|p1a: Empoleon
|-damage|p1a: Empoleon|309\/372
|move|p1a: Empoleon|Scald|p2a: Empoleon
|-resisted|p2a: Empoleon
|-damage|p2a: Empoleon|282\/361
|
|-heal|p2a: Empoleon|304\/361|[from] item: Leftovers
|-heal|p1a: Empoleon|332\/372|[from] item: Leftovers
|turn|8
|join|Emma Bae ♥
|
|move|p2a: Empoleon|Scald|p1a: Empoleon
|-resisted|p1a: Empoleon
|-damage|p1a: Empoleon|264\/372
|-status|p1a: Empoleon|brn
|move|p1a: Empoleon|Scald|p2a: Empoleon
|-resisted|p2a: Empoleon
|-damage|p2a: Empoleon|254\/361
|-status|p2a: Empoleon|brn
|
|-heal|p2a: Empoleon|276\/361 brn|[from] item: Leftovers
|-heal|p1a: Empoleon|287\/372 brn|[from] item: Leftovers
|-damage|p2a: Empoleon|231\/361 brn|[from] brn
|-damage|p1a: Empoleon|241\/372 brn|[from] brn
|turn|9
|
|move|p2a: Empoleon|Grass Knot|p1a: Empoleon
|-damage|p1a: Empoleon|155\/372 brn
|move|p1a: Empoleon|Stealth Rock|p2a: Empoleon
|-sidestart|p2: help im on drugs|move: Stealth Rock
|
|-heal|p2a: Empoleon|253\/361 brn|[from] item: Leftovers
|-heal|p1a: Empoleon|178\/372 brn|[from] item: Leftovers
|-damage|p2a: Empoleon|208\/361 brn|[from] brn
|-damage|p1a: Empoleon|132\/372 brn|[from] brn
|turn|10
|
|move|p2a: Empoleon|Defog|p1a: Empoleon
|-unboost|p1a: Empoleon|evasion|1
|-sideend|p2: help im on drugs|Stealth Rock|[from] move: Defog|[of] p2a: Empoleon
|move|p1a: Empoleon|Scald|p2a: Empoleon
|-resisted|p2a: Empoleon
|-damage|p2a: Empoleon|160\/361 brn
|
|-heal|p2a: Empoleon|182\/361 brn|[from] item: Leftovers
|-heal|p1a: Empoleon|155\/372 brn|[from] item: Leftovers
|-damage|p2a: Empoleon|137\/361 brn|[from] brn
|-damage|p1a: Empoleon|109\/372 brn|[from] brn
|turn|11
|
|switch|p2a: Sceptile|Sceptile-Mega, M, shiny|211\/281
|move|p1a: Empoleon|Stealth Rock|p2a: Sceptile
|-sidestart|p2: help im on drugs|move: Stealth Rock
|
|-heal|p1a: Empoleon|132\/372 brn|[from] item: Leftovers
|-damage|p1a: Empoleon|86\/372 brn|[from] brn
|turn|12
|
|move|p2a: Sceptile|Giga Drain|p1a: Empoleon
|-damage|p1a: Empoleon|0 fnt
|-heal|p2a: Sceptile|254\/281|[from] drain|[of] p1a: Empoleon
|faint|p1a: Empoleon
|
|c| secret kekleon|gf roost where
|c|★help im on drugs|rite?!?!
|c|★help im on drugs|www.penguins.com
|
|switch|p1a: Machamp|Machamp, M|384\/384
|turn|13
|c|★help im on drugs|features
|c|★help im on drugs|pictures of penguins
|c|★help im on drugs|roosting
|c| Snowballin|that's a great site.
|
|switch|p2a: Hippowdon|Hippowdon, F|419\/419
|-damage|p2a: Hippowdon|393\/419|[from] Stealth Rock
|move|p1a: Machamp|Ice Punch|p2a: Hippowdon
|-supereffective|p2a: Hippowdon
|-damage|p2a: Hippowdon|263\/419
|
|-heal|p2a: Hippowdon|289\/419|[from] item: Leftovers
|turn|14
|join|She's a Maniac
|c|★help im on drugs|ow!
|c|★help im on drugs|that tickled!
|
|switch|p1a: Porygon2|Porygon2, shiny|374\/374
|move|p2a: Hippowdon|Earthquake|p1a: Porygon2
|-damage|p1a: Porygon2|280\/374
|
|-heal|p2a: Hippowdon|315\/419|[from] item: Leftovers
|turn|15
|
|switch|p2a: Empoleon|Empoleon, M|137\/361 brn
|-damage|p2a: Empoleon|115\/361 brn|[from] Stealth Rock
|move|p1a: Porygon2|Ice Beam|p2a: Empoleon
|-resisted|p2a: Empoleon
|-damage|p2a: Empoleon|85\/361 brn
|
|-heal|p2a: Empoleon|107\/361 brn|[from] item: Leftovers
|-damage|p2a: Empoleon|62\/361 brn|[from] brn
|turn|16
|
|move|p2a: Empoleon|Defog|p1a: Porygon2
|-unboost|p1a: Porygon2|evasion|1
|-sideend|p2: help im on drugs|Stealth Rock|[from] move: Defog|[of] p2a: Empoleon
|move|p1a: Porygon2|Thunderbolt|p2a: Empoleon
|-supereffective|p2a: Empoleon
|-damage|p2a: Empoleon|0 fnt
|faint|p2a: Empoleon
|
|
|switch|p2a: Rotom-Heat|Rotom-Heat|210\/241
|turn|17
|
|move|p2a: Rotom-Heat|Volt Switch|p1a: Porygon2
|-damage|p1a: Porygon2|199\/374
|
|switch|p2a: Umbreon|Umbreon, M|344\/393
|move|p1a: Porygon2|Tri Attack|p2a: Umbreon
|-damage|p2a: Umbreon|239\/393
|
|-heal|p2a: Umbreon|263\/393|[from] item: Leftovers
|turn|18
|
|move|p2a: Umbreon|Wish|p2a: Umbreon
|move|p1a: Porygon2|Recover|p1a: Porygon2
|-heal|p1a: Porygon2|374\/374
|
|-heal|p2a: Umbreon|287\/393|[from] item: Leftovers
|turn|19
|
|switch|p1a: Machamp|Machamp, M|384\/384
|move|p2a: Umbreon|Foul Play|p1a: Machamp
|-resisted|p1a: Machamp
|-damage|p1a: Machamp|280\/384
|
|-heal|p2a: Umbreon|393\/393|[from] move: Wish|[wisher] Umbreon
|turn|20
|
|move|p2a: Umbreon|Protect|p2a: Umbreon
|-singleturn|p2a: Umbreon|Protect
|move|p1a: Machamp|Knock Off|p2a: Umbreon
|-activate|p2a: Umbreon|Protect
|
|turn|21
|c| Emma Bae ♥|dmt how does this team kill umbreon?
|c|★help im on drugs|lol
|
|move|p2a: Umbreon|Wish|p2a: Umbreon
|move|p1a: Machamp|Knock Off|p2a: Umbreon
|-crit|p2a: Umbreon
|-resisted|p2a: Umbreon
|-damage|p2a: Umbreon|312\/393
|-enditem|p2a: Umbreon|Leftovers|[from] move: Knock Off|[of] p1a: Machamp
|
|turn|22
|
|switch|p2a: Sceptile|Sceptile-Mega, M, shiny|254\/281
|move|p1a: Machamp|Close Combat|p2a: Sceptile
|-damage|p2a: Sceptile|0 fnt
|-unboost|p1a: Machamp|def|1
|-unboost|p1a: Machamp|spd|1
|faint|p2a: Sceptile
|
|c|★help im on drugs|ow
|
|switch|p2a: Crobat|Crobat, F|373\/373
|turn|23
|
|switch|p1a: Porygon2|Porygon2, shiny|374\/374
|move|p2a: Crobat|Brave Bird|p1a: Porygon2
|-damage|p1a: Porygon2|280\/374
|-damage|p2a: Crobat|342\/373|[from] recoil|[of] p1a: Porygon2
|
|-heal|p2a: Crobat|365\/373|[from] item: Black Sludge
|turn|24
|join|Kushalos
|
|switch|p2a: Umbreon|Umbreon, M|312\/393
|move|p1a: Porygon2|Tri Attack|p2a: Umbreon
|-damage|p2a: Umbreon|197\/393
|
|turn|25
|
|switch|p1a: Haxorus|Haxorus, M|227\/293
|-ability|p1a: Haxorus|Mold Breaker
|move|p2a: Umbreon|Foul Play|p1a: Haxorus
|-damage|p1a: Haxorus|5\/293
|
|turn|26
|c| secret kekleon|lol
|
|switch|p2a: Hippowdon|Hippowdon, F|315\/419
|move|p1a: Haxorus|Dragon Claw|p2a: Hippowdon
|-damage|p2a: Hippowdon|198\/419
|
|-heal|p2a: Hippowdon|224\/419|[from] item: Leftovers
|turn|27
|
|move|p1a: Haxorus|Dragon Claw|p2a: Hippowdon
|-damage|p2a: Hippowdon|107\/419
|move|p2a: Hippowdon|Whirlwind|p1a: Haxorus
|drag|p1a: Porygon2|Porygon2, shiny|280\/374
|
|-heal|p2a: Hippowdon|133\/419|[from] item: Leftovers
|turn|28
|
|switch|p2a: Rotom-Heat|Rotom-Heat|210\/241
|move|p1a: Porygon2|Tri Attack|p2a: Rotom-Heat
|-damage|p2a: Rotom-Heat|38\/241
|
|turn|29
|c|★help im on drugs|ow
|
|move|p2a: Rotom-Heat|Trick|p1a: Porygon2
|-activate|p2a: Rotom-Heat|move: Trick|[of] p1a: Porygon2
|-item|p1a: Porygon2|Choice Scarf|[from] move: Trick
|-item|p2a: Rotom-Heat|Eviolite|[from] move: Trick
|move|p1a: Porygon2|Tri Attack|p2a: Rotom-Heat
|-damage|p2a: Rotom-Heat|0 fnt
|faint|p2a: Rotom-Heat
|
|
|switch|p2a: Umbreon|Umbreon, M|197\/393
|turn|30
|
|move|p1a: Porygon2|Tri Attack|p2a: Umbreon
|-damage|p2a: Umbreon|121\/393
|move|p2a: Umbreon|Wish|p2a: Umbreon
|
|turn|31
|
|switch|p1a: Haxorus|Haxorus, M|5\/293
|-ability|p1a: Haxorus|Mold Breaker
|move|p2a: Umbreon|Foul Play|p1a: Haxorus
|-crit|p1a: Haxorus
|-damage|p1a: Haxorus|0 fnt
|faint|p1a: Haxorus
|
|-heal|p2a: Umbreon|317\/393|[from] move: Wish|[wisher] Umbreon
|
|switch|p1a: Machamp|Machamp, M|280\/384
|turn|32
|
|move|p2a: Umbreon|Protect|p2a: Umbreon
|-singleturn|p2a: Umbreon|Protect
|move|p1a: Machamp|Ice Punch|p2a: Umbreon
|-activate|p2a: Umbreon|Protect
|
|turn|33
|
|switch|p2a: Crobat|Crobat, F|365\/373
|move|p1a: Machamp|Close Combat|p2a: Crobat
|-resisted|p2a: Crobat
|-damage|p2a: Crobat|298\/373
|-unboost|p1a: Machamp|def|1
|-unboost|p1a: Machamp|spd|1
|
|-heal|p2a: Crobat|321\/373|[from] item: Black Sludge
|turn|34
|
|switch|p1a: Porygon2|Porygon2, shiny|280\/374
|move|p2a: Crobat|Super Fang|p1a: Porygon2
|-damage|p1a: Porygon2|140\/374
|
|-heal|p2a: Crobat|344\/373|[from] item: Black Sludge
|turn|35
|c|+Kushalos|machamp rape inc
|
|switch|p2a: Umbreon|Umbreon, M|317\/393
|move|p1a: Porygon2|Recover|p1a: Porygon2
|-heal|p1a: Porygon2|327\/374
|
|turn|36
|
|switch|p2a: Crobat|Crobat, F|344\/373
|move|p1a: Porygon2|Recover|p1a: Porygon2
|-heal|p1a: Porygon2|374\/374
|
|-heal|p2a: Crobat|367\/373|[from] item: Black Sludge
|turn|37
|c|★help im on drugs|it's a weak machamp tho
|
|switch|p1a: Chandelure|Chandelure, M|323\/323
|move|p2a: Crobat|Brave Bird|p1a: Chandelure
|-damage|p1a: Chandelure|181\/323
|-damage|p2a: Crobat|320\/373|[from] recoil|[of] p1a: Chandelure
|
|-heal|p2a: Crobat|343\/373|[from] item: Black Sludge
|-heal|p1a: Chandelure|201\/323|[from] item: Leftovers
|turn|38
|
|move|p2a: Crobat|Taunt|p1a: Chandelure
|-start|p1a: Chandelure|move: Taunt
|cant|p1a: Chandelure|move: Taunt|Will-O-Wisp
|
|-heal|p2a: Crobat|366\/373|[from] item: Black Sludge
|-heal|p1a: Chandelure|221\/323|[from] item: Leftovers
|turn|39
|join|Jimmy Russel
|
|move|p2a: Crobat|Brave Bird|p1a: Chandelure
|-damage|p1a: Chandelure|92\/323
|-damage|p2a: Crobat|323\/373|[from] recoil|[of] p1a: Chandelure
|move|p1a: Chandelure|Fire Blast|p2a: Crobat
|-damage|p2a: Crobat|38\/373
|
|-heal|p2a: Crobat|61\/373|[from] item: Black Sludge
|-heal|p1a: Chandelure|112\/323|[from] item: Leftovers
|turn|40
|c|+Kushalos|gotem
|
|switch|p2a: Umbreon|Umbreon, M|317\/393
|move|p1a: Chandelure|Shadow Ball|p2a: Umbreon
|-resisted|p2a: Umbreon
|-damage|p2a: Umbreon|269\/393
|
|-heal|p1a: Chandelure|132\/323|[from] item: Leftovers
|-end|p1a: Chandelure|move: Taunt
|turn|41
|c|★help im on drugs|ow!
|
|move|p1a: Chandelure|Will-O-Wisp|p2a: Umbreon
|-status|p2a: Umbreon|brn
|move|p2a: Umbreon|Foul Play|p1a: Chandelure
|-supereffective|p1a: Chandelure
|-damage|p1a: Chandelure|82\/323
|
|-heal|p1a: Chandelure|102\/323|[from] item: Leftovers
|-damage|p2a: Umbreon|220\/393 brn|[from] brn
|turn|42
|c|★help im on drugs|fuck!
|
|move|p1a: Chandelure|Substitute|p1a: Chandelure
|-start|p1a: Chandelure|Substitute
|-damage|p1a: Chandelure|22\/323
|move|p2a: Umbreon|Heal Bell|p2a: Umbreon
|-cureteam|p2a: Umbreon|[from] move: HealBell
|
|-heal|p1a: Chandelure|42\/323|[from] item: Leftovers
|turn|43
|
|move|p1a: Chandelure|Fire Blast|p2a: Umbreon
|-damage|p2a: Umbreon|72\/393
|move|p2a: Umbreon|Foul Play|p1a: Chandelure
|-supereffective|p1a: Chandelure
|-end|p1a: Chandelure|Substitute
|
|-heal|p1a: Chandelure|62\/323|[from] item: Leftovers
|turn|44
|c|+Kushalos|strongf
|
|move|p1a: Chandelure|Fire Blast|p2a: Umbreon
|-damage|p2a: Umbreon|0 fnt
|faint|p2a: Umbreon
|
|-heal|p1a: Chandelure|82\/323|[from] item: Leftovers
|
|switch|p2a: Crobat|Crobat, F|61\/373
|turn|45
|c| secret kekleon|not even subsplit
|
|move|p2a: Crobat|Brave Bird|p1a: Chandelure
|-damage|p1a: Chandelure|0 fnt
|-damage|p2a: Crobat|34\/373|[from] recoil|[of] p1a: Chandelure
|faint|p1a: Chandelure
|
|-heal|p2a: Crobat|57\/373|[from] item: Black Sludge
|c|★help im on drugs|that's
|
|switch|p1a: Porygon2|Porygon2, shiny|374\/374
|turn|46
|c|★help im on drugs|a p cool set though
|c|+Kushalos|shouldve predicted sub
|c|★help im on drugs|that it can setup on umby
|c|+Kushalos|and gone out to bat
|
|move|p2a: Crobat|Roost|p2a: Crobat
|-heal|p2a: Crobat|244\/373
|move|p1a: Porygon2|Ice Beam|p2a: Crobat
|-damage|p2a: Crobat|89\/373
|
|-heal|p2a: Crobat|112\/373|[from] item: Black Sludge
|turn|47
|leave|secret kekleon
|c|★help im on drugs|no freeze
|
|move|p2a: Crobat|Roost|p2a: Crobat
|-heal|p2a: Crobat|299\/373
|move|p1a: Porygon2|Ice Beam|p2a: Crobat
|-damage|p2a: Crobat|146\/373
|-status|p2a: Crobat|frz
|
|-heal|p2a: Crobat|169\/373 frz|[from] item: Black Sludge
|turn|48
|c|★help im on drugs|I said
|c|★help im on drugs|no
|c|★help im on drugs|freeze
|c| Emma Bae ♥|lol
|
|cant|p2a: Crobat|frz
|move|p1a: Porygon2|Ice Beam|p2a: Crobat
|-supereffective|p2a: Crobat
|-damage|p2a: Crobat|0 fnt
|faint|p2a: Crobat
|
|-message|help im on drugs forfeited.
|
|win|Dvolving
|raw|Ladder updating...
|c|★help im on drugs|gg
|raw|Dvolving's rating: 1418 &rarr; <strong>1436<\/strong><br \/>(+18 for winning)
|raw|help im on drugs's rating: 1383 &rarr; <strong>1365<\/strong><br \/>(-18 for losing)
|c|+Kushalos|damn
|c|+Kushalos|analytic p2
|c|+Kushalos|is so fucking strong
|leave|HappyPierrot
|leave|Dvolving
|player|p1
|leave|Kushalos
|leave|Jimmy Russel
|join|HappyPierrot
|leave|Emma Bae ♥
|join|Kushalos
|leave|She's a Maniac
|join|She's a Maniac
|leave|Kushalos
|leave|HappyPierrot
|leave|help im on drugs
|player|p2