|join|some weird shit
|join|bananagram
|player|p1|some weird shit|265
|player|p2|bananagram|71
|gametype|singles
|gen|6
|tier|UU
|rated
|rule|Sleep Clause Mod: Limit one foe put to sleep
|rule|Species Clause: Limit one of each Pokémon
|rule|OHKO Clause: OHKO moves are banned
|rule|Moody Clause: Moody is banned
|rule|Evasion Moves Clause: Evasion moves are banned
|rule|Endless Battle Clause: Forcing endless battles is banned
|rule|HP Percentage Mod: HP is shown in percentages
|clearpoke
|poke|p1|Mienshao, F
|poke|p1|Krookodile, M
|poke|p1|Suicune
|poke|p1|Whimsicott, F
|poke|p1|Golurk
|poke|p1|Alakazam, M
|poke|p2|Mienshao, M
|poke|p2|Infernape, M
|poke|p2|Alomomola, M
|poke|p2|Magneton
|poke|p2|Celebi
|poke|p2|Hydreigon, F
|rule|Swagger Clause: Swagger is banned
|rule|Baton Pass Clause: Limit one Pokémon knowing Baton Pass
|teampreview
|
|start
|switch|p1a: Golurk|Golurk|379\/379
|switch|p2a: Magneton|Magneton|304\/304
|turn|1
|
|switch|p2a: Celebi|Celebi|404\/404
|move|p1a: Golurk|Earthquake|p2a: Celebi
|-resisted|p2a: Celebi
|-damage|p2a: Celebi|307\/404
|
|-heal|p2a: Celebi|332\/404|[from] item: Leftovers
|turn|2
|
|switch|p1a: Whimsicott|Whimsicott, F|261\/261
|move|p2a: Celebi|Giga Drain|p1a: Whimsicott
|-resisted|p1a: Whimsicott
|-damage|p1a: Whimsicott|204\/261
|-heal|p2a: Celebi|361\/404|[from] drain|[of] p1a: Whimsicott
|
|-heal|p1a: Whimsicott|220\/261|[from] item: Leftovers
|-heal|p2a: Celebi|386\/404|[from] item: Leftovers
|turn|3
|
|move|p1a: Whimsicott|U-turn|p2a: Celebi
|-supereffective|p2a: Celebi
|-damage|p2a: Celebi|230\/404
|
|switch|p1a: Golurk|Golurk|379\/379
|move|p2a: Celebi|U-turn|p1a: Golurk
|-resisted|p1a: Golurk
|-damage|p1a: Golurk|351\/379
|
|switch|p2a: Growfish|Alomomola, M|477\/477
|
|turn|4
|
|move|p2a: Growfish|Knock Off|p1a: Golurk
|-supereffective|p1a: Golurk
|-enditem|p1a: Golurk|Colbur Berry|[eat]
|-damage|p1a: Golurk|273\/379
|move|p1a: Golurk|Stealth Rock|p2a: Growfish
|-sidestart|p2: bananagram|move: Stealth Rock
|
|turn|5
|
|switch|p1a: Whimsicott|Whimsicott, F|220\/261
|move|p2a: Growfish|Toxic|p1a: Whimsicott
|-status|p1a: Whimsicott|tox
|
|-heal|p1a: Whimsicott|236\/261 tox|[from] item: Leftovers
|-damage|p1a: Whimsicott|220\/261 tox|[from] psn
|turn|6
|
|move|p1a: Whimsicott|Giga Drain|p2a: Growfish
|-crit|p2a: Growfish
|-supereffective|p2a: Growfish
|-damage|p2a: Growfish|127\/477
|-heal|p1a: Whimsicott|261\/261 tox|[from] drain|[of] p2a: Growfish
|move|p2a: Growfish|Wish|p2a: Growfish
|
|-heal|p2a: Growfish|156\/477|[from] item: Leftovers
|-damage|p1a: Whimsicott|229\/261 tox|[from] psn
|turn|7
|
|switch|p2a: Magneton|Magneton|304\/304
|-damage|p2a: Magneton|285\/304|[from] Stealth Rock
|move|p1a: Whimsicott|U-turn|p2a: Magneton
|-resisted|p2a: Magneton
|-damage|p2a: Magneton|276\/304
|
|switch|p1a: Krookodile|Krookodile, M|331\/331
|-ability|p1a: Krookodile|Intimidate|[of] p2a: Magneton
|-unboost|p2a: Magneton|atk|1
|
|-heal|p2a: Magneton|304\/304|[from] move: Wish|[wisher] Growfish
|turn|8
|
|move|p1a: Krookodile|Earthquake|p2a: Magneton
|-crit|p2a: Magneton
|-supereffective|p2a: Magneton
|-damage|p2a: Magneton|0 fnt
|faint|p2a: Magneton
|
|join|so dynamic
|
|switch|p2a: Infernape|Infernape, M|308\/308
|-damage|p2a: Infernape|270\/308|[from] Stealth Rock
|turn|9
|
|move|p2a: Infernape|Close Combat|p1a: Krookodile
|-supereffective|p1a: Krookodile
|-damage|p1a: Krookodile|0 fnt
|-unboost|p2a: Infernape|def|1
|-unboost|p2a: Infernape|spd|1
|faint|p1a: Krookodile
|
|
|switch|p1a: Golurk|Golurk|273\/379
|turn|10
|
|switch|p2a: Growfish|Alomomola, M|315\/477
|-damage|p2a: Growfish|256\/477|[from] Stealth Rock
|switch|p1a: Alakazam|Alakazam, M|252\/252
|
|-heal|p2a: Growfish|285\/477|[from] item: Leftovers
|turn|11
|
|move|p1a: Alakazam|Calm Mind|p1a: Alakazam
|-boost|p1a: Alakazam|spa|1
|-boost|p1a: Alakazam|spd|1
|move|p2a: Growfish|Knock Off|p1a: Alakazam
|-supereffective|p1a: Alakazam
|-damage|p1a: Alakazam|106\/252
|
|-heal|p2a: Growfish|314\/477|[from] item: Leftovers
|turn|12
|
|switch|p2a: Orochi|Hydreigon, F|325\/325
|-damage|p2a: Orochi|285\/325|[from] Stealth Rock
|detailschange|p1a: Alakazam|Alakazam-Mega, M
|message|Alakazam has Mega Evolved into Mega Alakazam!
|-ability|p1a: Alakazam|Levitate|[from] ability: Trace|[of] p2a: Orochi
|move|p1a: Alakazam|Psyshock|p2a: Orochi
|-immune|p2a: Orochi|[msg]
|
|turn|13
|
|switch|p1a: Whimsicott|Whimsicott, F|229\/261 tox
|move|p2a: Orochi|U-turn|p1a: Whimsicott
|-damage|p1a: Whimsicott|173\/261 tox
|
|switch|p2a: Infernape|Infernape, M|270\/308
|-damage|p2a: Infernape|232\/308|[from] Stealth Rock
|
|-heal|p1a: Whimsicott|189\/261 tox|[from] item: Leftovers
|-damage|p1a: Whimsicott|173\/261 tox|[from] psn
|turn|14
|
|switch|p1a: Golurk|Golurk|273\/379
|move|p2a: Infernape|Close Combat|p1a: Golurk
|-immune|p1a: Golurk|[msg]
|
|turn|15
|
|switch|p2a: Growfish|Alomomola, M|473\/477
|-damage|p2a: Growfish|414\/477|[from] Stealth Rock
|switch|p1a: Suicune|Suicune|404\/404
|-ability|p1a: Suicune|Pressure
|
|-heal|p2a: Growfish|443\/477|[from] item: Leftovers
|turn|16
|
|move|p1a: Suicune|Substitute|p1a: Suicune
|-start|p1a: Suicune|Substitute
|-damage|p1a: Suicune|303\/404
|move|p2a: Growfish|Knock Off|p1a: Suicune
|-activate|p1a: Suicune|Substitute|[damage]
|
|-heal|p1a: Suicune|328\/404|[from] item: Leftovers
|-heal|p2a: Growfish|472\/477|[from] item: Leftovers
|turn|17
|
|move|p1a: Suicune|Calm Mind|p1a: Suicune
|-boost|p1a: Suicune|spa|1
|-boost|p1a: Suicune|spd|1
|move|p2a: Growfish|Knock Off|p1a: Suicune
|-end|p1a: Suicune|Substitute
|
|-heal|p1a: Suicune|353\/404|[from] item: Leftovers
|-heal|p2a: Growfish|477\/477|[from] item: Leftovers
|turn|18
|
|switch|p2a: Celebi|Celebi|230\/404
|-damage|p2a: Celebi|180\/404|[from] Stealth Rock
|move|p1a: Suicune|Substitute|p1a: Suicune
|-start|p1a: Suicune|Substitute
|-damage|p1a: Suicune|252\/404
|
|-heal|p1a: Suicune|277\/404|[from] item: Leftovers
|-heal|p2a: Celebi|205\/404|[from] item: Leftovers
|turn|19
|
|move|p1a: Suicune|Ice Beam|p2a: Celebi
|-supereffective|p2a: Celebi
|-damage|p2a: Celebi|19\/404
|move|p2a: Celebi|Giga Drain|p1a: Suicune
|-supereffective|p1a: Suicune
|-end|p1a: Suicune|Substitute
|-heal|p2a: Celebi|70\/404|[from] drain|[of] p1a: Suicune
|
|-heal|p1a: Suicune|302\/404|[from] item: Leftovers
|-heal|p2a: Celebi|95\/404|[from] item: Leftovers
|turn|20
|
|switch|p2a: Zack the Whipper|Mienshao, M|271\/271
|-damage|p2a: Zack the Whipper|255\/271|[from] Stealth Rock
|move|p1a: Suicune|Ice Beam|p2a: Zack the Whipper
|-damage|p2a: Zack the Whipper|70\/271
|
|-heal|p1a: Suicune|327\/404|[from] item: Leftovers
|turn|21
|
|switch|p1a: Golurk|Golurk|273\/379
|move|p2a: Zack the Whipper|Knock Off|p1a: Golurk
|-supereffective|p1a: Golurk
|-damage|p1a: Golurk|23\/379
|-damage|p2a: Zack the Whipper|43\/271|[from] item: Life Orb
|
|turn|22
|
|move|p2a: Zack the Whipper|U-turn|p1a: Golurk
|-resisted|p1a: Golurk
|-damage|p1a: Golurk|0 fnt
|-damage|p2a: Zack the Whipper|16\/271|[from] item: Life Orb
|faint|p1a: Golurk
|
|switch|p2a: Growfish|Alomomola, M|477\/477
|-damage|p2a: Growfish|418\/477|[from] Stealth Rock
|
|-heal|p2a: Growfish|447\/477|[from] item: Leftovers
|
|switch|p1a: Suicune|Suicune|327\/404
|-ability|p1a: Suicune|Pressure
|turn|23
|
|move|p1a: Suicune|Substitute|p1a: Suicune
|-start|p1a: Suicune|Substitute
|-damage|p1a: Suicune|226\/404
|move|p2a: Growfish|Wish|p2a: Growfish
|
|-heal|p1a: Suicune|251\/404|[from] item: Leftovers
|-heal|p2a: Growfish|476\/477|[from] item: Leftovers
|turn|24
|
|move|p1a: Suicune|Ice Beam|p2a: Growfish
|-resisted|p2a: Growfish
|-damage|p2a: Growfish|431\/477
|-status|p2a: Growfish|frz
|cant|p2a: Growfish|frz
|
|-heal|p2a: Growfish|477\/477 frz|[from] move: Wish|[wisher] Growfish
|-heal|p1a: Suicune|276\/404|[from] item: Leftovers
|turn|25
|c|★some weird shit|oops
|c|★bananagram|wup
|c|★bananagram|wut
|c|★some weird shit|you can just click scald
|c|★some weird shit|to unfreeze
|
|move|p1a: Suicune|Calm Mind|p1a: Suicune
|-boost|p1a: Suicune|spa|1
|-boost|p1a: Suicune|spd|1
|cant|p2a: Growfish|frz
|
|-heal|p1a: Suicune|301\/404|[from] item: Leftovers
|turn|26
|c|★bananagram|I don't have it
|c|★some weird shit|ok 
|c|★some weird shit|jus tstay in here
|c|★some weird shit|and i'll unfreeze u
|c|★some weird shit|cause 
|c|★some weird shit|freeze is gay
|c|★bananagram|I don't think I can get around this without magneton
|c|★some weird shit|yeah that's probably true
|c| so dynamic|scald unthaws
|c| so dynamic|o ye nvm
|
|move|p1a: Suicune|Scald|p2a: Growfish
|-resisted|p2a: Growfish
|-damage|p2a: Growfish|372\/477 frz
|-curestatus|p2a: Growfish|frz
|-status|p2a: Growfish|brn
|move|p2a: Growfish|Knock Off|p1a: Suicune
|-activate|p1a: Suicune|Substitute|[damage]
|
|-heal|p1a: Suicune|326\/404|[from] item: Leftovers
|-heal|p2a: Growfish|401\/477 brn|[from] item: Leftovers
|-damage|p2a: Growfish|342\/477 brn|[from] brn
|turn|27
|c|★some weird shit|welp
|c|★bananagram|lol
|
|move|p1a: Suicune|Calm Mind|p1a: Suicune
|-boost|p1a: Suicune|spa|1
|-boost|p1a: Suicune|spd|1
|move|p2a: Growfish|Knock Off|p1a: Suicune
|-activate|p1a: Suicune|Substitute|[damage]
|
|-heal|p1a: Suicune|351\/404|[from] item: Leftovers
|-heal|p2a: Growfish|371\/477 brn|[from] item: Leftovers
|-damage|p2a: Growfish|312\/477 brn|[from] brn
|turn|28
|
|move|p1a: Suicune|Scald|p2a: Growfish
|-resisted|p2a: Growfish
|-damage|p2a: Growfish|180\/477 brn
|move|p2a: Growfish|Knock Off|p1a: Suicune
|-activate|p1a: Suicune|Substitute|[damage]
|
|-heal|p1a: Suicune|376\/404|[from] item: Leftovers
|-heal|p2a: Growfish|209\/477 brn|[from] item: Leftovers
|-damage|p2a: Growfish|150\/477 brn|[from] brn
|turn|29
|
|move|p1a: Suicune|Scald|p2a: Growfish
|-resisted|p2a: Growfish
|-damage|p2a: Growfish|27\/477 brn
|move|p2a: Growfish|Wish|p2a: Growfish
|
|-heal|p1a: Suicune|401\/404|[from] item: Leftovers
|-heal|p2a: Growfish|56\/477 brn|[from] item: Leftovers
|-damage|p2a: Growfish|0 fnt|[from] brn
|faint|p2a: Growfish
|c|★some weird shit|oh
|
|switch|p2a: Orochi|Hydreigon, F|285\/325
|-damage|p2a: Orochi|245\/325|[from] Stealth Rock
|turn|30
|
|move|p2a: Orochi|U-turn|p1a: Suicune
|-end|p1a: Suicune|Substitute
|
|switch|p2a: Infernape|Infernape, M|232\/308
|-damage|p2a: Infernape|194\/308|[from] Stealth Rock
|move|p1a: Suicune|Substitute|p1a: Suicune
|-start|p1a: Suicune|Substitute
|-damage|p1a: Suicune|300\/404
|
|-heal|p2a: Infernape|308\/308|[from] move: Wish|[wisher] Growfish
|-heal|p1a: Suicune|325\/404|[from] item: Leftovers
|turn|31
|
|move|p2a: Infernape|Thunder Punch|p1a: Suicune
|-supereffective|p1a: Suicune
|-end|p1a: Suicune|Substitute
|move|p1a: Suicune|Scald|p2a: Infernape
|-supereffective|p2a: Infernape
|-damage|p2a: Infernape|0 fnt
|faint|p2a: Infernape
|
|-heal|p1a: Suicune|350\/404|[from] item: Leftovers
|
|switch|p2a: Zack the Whipper|Mienshao, M|106\/271
|-damage|p2a: Zack the Whipper|90\/271|[from] Stealth Rock
|turn|32
|
|move|p2a: Zack the Whipper|High Jump Kick|p1a: Suicune
|-damage|p1a: Suicune|95\/404
|-damage|p2a: Zack the Whipper|63\/271|[from] item: Life Orb
|move|p1a: Suicune|Scald|p2a: Zack the Whipper
|-damage|p2a: Zack the Whipper|0 fnt
|faint|p2a: Zack the Whipper
|
|-heal|p1a: Suicune|120\/404|[from] item: Leftovers
|
|switch|p2a: Orochi|Hydreigon, F|245\/325
|-damage|p2a: Orochi|205\/325|[from] Stealth Rock
|turn|33
|
|move|p2a: Orochi|Draco Meteor|p1a: Suicune
|-damage|p1a: Suicune|20\/404
|-unboost|p2a: Orochi|spa|2
|move|p1a: Suicune|Ice Beam|p2a: Orochi
|-supereffective|p2a: Orochi
|-damage|p2a: Orochi|0 fnt
|faint|p2a: Orochi
|
|-heal|p1a: Suicune|45\/404|[from] item: Leftovers
|
|switch|p2a: Celebi|Celebi|95\/404
|-damage|p2a: Celebi|45\/404|[from] Stealth Rock
|turn|34
|
|move|p1a: Suicune|Ice Beam|p2a: Celebi
|-supereffective|p2a: Celebi
|-damage|p2a: Celebi|0 fnt
|faint|p2a: Celebi
|
|win|some weird shit
|raw|Ladder updating...
|c|★some weird shit|gg