|join|some weird shit
|join|Sacri'
|player|p1|some weird shit|171
|player|p2|Sacri'|266
|gametype|singles
|gen|6
|tier|UU
|rated
|rule|Sleep Clause Mod: Limit one foe put to sleep
|rule|Species Clause: Limit one of each Pokémon
|rule|OHKO Clause: OHKO moves are banned
|rule|Moody Clause: Moody is banned
|rule|Evasion Moves Clause: Evasion moves are banned
|rule|Endless Battle Clause: Forcing endless battles is banned
|rule|HP Percentage Mod: HP is shown in percentages
|clearpoke
|poke|p1|Mienshao, F
|poke|p1|Empoleon, M
|poke|p1|Pidgeot, F
|poke|p1|Krookodile, M
|poke|p1|Florges, F
|poke|p1|Zygarde
|poke|p2|Absol, F
|poke|p2|Raikou
|poke|p2|Nidoqueen, F
|poke|p2|Mienshao, F
|poke|p2|Whimsicott, F
|poke|p2|Crobat, M
|rule|Swagger Clause: Swagger is banned
|rule|Baton Pass Clause: Limit one Pokémon knowing Baton Pass
|teampreview
|
|start
|switch|p1a: Krookodile|Krookodile, M|331\/331
|switch|p2a: Raikou|Raikou|322\/322
|-ability|p2a: Raikou|Pressure
|-ability|p1a: Krookodile|Intimidate|[of] p2a: Raikou
|-unboost|p2a: Raikou|atk|1
|turn|1
|
|switch|p2a: Absol|Absol, F|271\/271
|move|p1a: Krookodile|Knock Off|p2a: Absol
|-resisted|p2a: Absol
|-damage|p2a: Absol|168\/271
|-boost|p2a: Absol|atk|1|[from] ability: Justified
|
|turn|2
|
|detailschange|p2a: Absol|Absol-Mega, F
|-mega|p2a: Absol|Absol|Absolite
|move|p1a: Krookodile|Earthquake|p2a: Absol
|-damage|p2a: Absol|0 fnt
|faint|p2a: Absol
|
|
|switch|p2a: Whimsicott|Whimsicott, F|262\/262
|turn|3
|
|switch|p1a: Empoleon|Empoleon, M|361\/361
|move|p2a: Whimsicott|U-turn|p1a: Empoleon
|-resisted|p1a: Empoleon
|-damage|p1a: Empoleon|340\/361
|
|switch|p2a: Mienshao|Mienshao, F|271\/271
|
|-heal|p1a: Empoleon|361\/361|[from] item: Leftovers
|turn|4
|
|switch|p1a: Florges|Florges, F|357\/357
|move|p2a: Mienshao|U-turn|p1a: Florges
|-resisted|p1a: Florges
|-damage|p1a: Florges|318\/357
|
|switch|p2a: Nidoqueen|Nidoqueen, F|384\/384
|
|-heal|p1a: Florges|340\/357|[from] item: Leftovers
|turn|5
|
|switch|p1a: Krookodile|Krookodile, M|331\/331
|-ability|p1a: Krookodile|Intimidate|[of] p2a: Nidoqueen
|-unboost|p2a: Nidoqueen|atk|1
|move|p2a: Nidoqueen|Stealth Rock|p1a: Krookodile
|-sidestart|p1: some weird shit|move: Stealth Rock
|
|turn|6
|
|switch|p2a: Crobat|Crobat, M|373\/373
|move|p1a: Krookodile|Earthquake|p2a: Crobat
|-immune|p2a: Crobat|[msg]
|
|turn|7
|
|move|p2a: Crobat|Brave Bird|p1a: Krookodile
|-damage|p1a: Krookodile|160\/331
|-damage|p2a: Crobat|317\/373|[from] recoil|[of] p1a: Krookodile
|move|p1a: Krookodile|Knock Off|p2a: Crobat
|-damage|p2a: Crobat|74\/373
|-enditem|p2a: Crobat|Black Sludge|[from] move: Knock Off|[of] p1a: Krookodile
|
|turn|8
|
|switch|p1a: Empoleon|Empoleon, M|361\/361
|-damage|p1a: Empoleon|339\/361|[from] Stealth Rock
|move|p2a: Crobat|U-turn|p1a: Empoleon
|-resisted|p1a: Empoleon
|-damage|p1a: Empoleon|308\/361
|
|switch|p2a: Mienshao|Mienshao, F|271\/271
|
|-heal|p1a: Empoleon|330\/361|[from] item: Leftovers
|turn|9
|
|switch|p1a: Florges|Florges, F|340\/357
|-damage|p1a: Florges|296\/357|[from] Stealth Rock
|move|p2a: Mienshao|High Jump Kick|p1a: Florges
|-resisted|p1a: Florges
|-damage|p1a: Florges|173\/357
|
|-heal|p1a: Florges|195\/357|[from] item: Leftovers
|turn|10
|
|switch|p2a: Nidoqueen|Nidoqueen, F|384\/384
|switch|p1a: Krookodile|Krookodile, M|160\/331
|-damage|p1a: Krookodile|140\/331|[from] Stealth Rock
|-ability|p1a: Krookodile|Intimidate|[of] p2a: Nidoqueen
|-unboost|p2a: Nidoqueen|atk|1
|
|turn|11
|
|switch|p2a: Crobat|Crobat, M|74\/373
|move|p1a: Krookodile|Earthquake|p2a: Crobat
|-immune|p2a: Crobat|[msg]
|
|turn|12
|
|switch|p1a: Empoleon|Empoleon, M|330\/361
|-damage|p1a: Empoleon|308\/361|[from] Stealth Rock
|move|p2a: Crobat|U-turn|p1a: Empoleon
|-resisted|p1a: Empoleon
|-damage|p1a: Empoleon|275\/361
|
|switch|p2a: Mienshao|Mienshao, F|271\/271
|
|-heal|p1a: Empoleon|297\/361|[from] item: Leftovers
|turn|13
|
|switch|p1a: Krookodile|Krookodile, M|140\/331
|-damage|p1a: Krookodile|120\/331|[from] Stealth Rock
|-ability|p1a: Krookodile|Intimidate|[of] p2a: Mienshao
|-unboost|p2a: Mienshao|atk|1
|move|p2a: Mienshao|High Jump Kick|p1a: Krookodile
|-supereffective|p1a: Krookodile
|-damage|p1a: Krookodile|0 fnt
|faint|p1a: Krookodile
|
|
|switch|p1a: Florges|Florges, F|195\/357
|-damage|p1a: Florges|151\/357|[from] Stealth Rock
|turn|14
|
|switch|p2a: Nidoqueen|Nidoqueen, F|384\/384
|move|p1a: Florges|Synthesis|p1a: Florges
|-heal|p1a: Florges|329\/357
|
|-heal|p1a: Florges|351\/357|[from] item: Leftovers
|turn|15
|
|switch|p1a: Pidgeot|Pidgeot, F|307\/307
|-damage|p1a: Pidgeot|231\/307|[from] Stealth Rock
|move|p2a: Nidoqueen|Ice Beam|p1a: Pidgeot
|-crit|p1a: Pidgeot
|-supereffective|p1a: Pidgeot
|-damage|p1a: Pidgeot|0 fnt
|faint|p1a: Pidgeot
|
|
|switch|p1a: Zygarde|Zygarde|357\/357
|-damage|p1a: Zygarde|335\/357|[from] Stealth Rock
|-ability|p1a: Zygarde|Aura Break
|turn|16
|
|switch|p2a: Crobat|Crobat, M|74\/373
|move|p1a: Zygarde|Earthquake|p2a: Crobat
|-immune|p2a: Crobat|[msg]
|
|turn|17
|
|move|p2a: Crobat|U-turn|p1a: Zygarde
|-damage|p1a: Zygarde|286\/357
|
|switch|p2a: Whimsicott|Whimsicott, F|262\/262
|move|p1a: Zygarde|Dragon Dance|p1a: Zygarde
|-boost|p1a: Zygarde|atk|1
|-boost|p1a: Zygarde|spe|1
|
|turn|18
|
|switch|p1a: Empoleon|Empoleon, M|297\/361
|-damage|p1a: Empoleon|275\/361|[from] Stealth Rock
|move|p2a: Whimsicott|Moonblast|p1a: Empoleon
|-crit|p1a: Empoleon
|-resisted|p1a: Empoleon
|-damage|p1a: Empoleon|143\/361
|-unboost|p1a: Empoleon|spa|1
|
|-heal|p1a: Empoleon|165\/361|[from] item: Leftovers
|turn|19
|
|switch|p2a: Raikou|Raikou|322\/322
|-ability|p2a: Raikou|Pressure
|move|p1a: Empoleon|Stealth Rock|p2a: Raikou
|-sidestart|p2: Sacri'|move: Stealth Rock
|
|-heal|p1a: Empoleon|187\/361|[from] item: Leftovers
|turn|20
|
|move|p2a: Raikou|Volt Switch|p1a: Empoleon
|-supereffective|p1a: Empoleon
|-damage|p1a: Empoleon|0 fnt
|faint|p1a: Empoleon
|
|switch|p2a: Crobat|Crobat, M|74\/373
|-damage|p2a: Crobat|0 fnt|[from] Stealth Rock
|faint|p2a: Crobat
|
|
|switch|p2a: Whimsicott|Whimsicott, F|262\/262
|switch|p1a: Zygarde|Zygarde|286\/357
|-damage|p2a: Whimsicott|230\/262|[from] Stealth Rock
|-damage|p1a: Zygarde|264\/357|[from] Stealth Rock
|-ability|p1a: Zygarde|Aura Break
|turn|21
|
|move|p1a: Zygarde|Extreme Speed|p2a: Whimsicott
|-crit|p2a: Whimsicott
|-damage|p2a: Whimsicott|32\/262
|-damage|p1a: Zygarde|229\/357|[from] item: Life Orb
|move|p2a: Whimsicott|U-turn|p1a: Zygarde
|-damage|p1a: Zygarde|195\/357
|
|switch|p2a: Mienshao|Mienshao, F|271\/271
|-damage|p2a: Mienshao|255\/271|[from] Stealth Rock
|
|turn|22
|
|move|p1a: Zygarde|Extreme Speed|p2a: Mienshao
|-damage|p2a: Mienshao|83\/271
|-damage|p1a: Zygarde|160\/357|[from] item: Life Orb
|move|p2a: Mienshao|High Jump Kick|p1a: Zygarde
|-damage|p1a: Zygarde|0 fnt
|faint|p1a: Zygarde
|
|
|switch|p1a: Florges|Florges, F|351\/357
|-damage|p1a: Florges|307\/357|[from] Stealth Rock
|turn|23
|
|switch|p2a: Nidoqueen|Nidoqueen, F|384\/384
|-damage|p2a: Nidoqueen|360\/384|[from] Stealth Rock
|move|p1a: Florges|Calm Mind|p1a: Florges
|-boost|p1a: Florges|spa|1
|-boost|p1a: Florges|spd|1
|
|-heal|p1a: Florges|329\/357|[from] item: Leftovers
|turn|24
|
|move|p1a: Florges|Calm Mind|p1a: Florges
|-boost|p1a: Florges|spa|1
|-boost|p1a: Florges|spd|1
|move|p2a: Nidoqueen|Sludge Wave|p1a: Florges
|-supereffective|p1a: Florges
|-damage|p1a: Florges|186\/357
|
|-heal|p1a: Florges|208\/357|[from] item: Leftovers
|turn|25
|
|move|p1a: Florges|Calm Mind|p1a: Florges
|-boost|p1a: Florges|spa|1
|-boost|p1a: Florges|spd|1
|move|p2a: Nidoqueen|Sludge Wave|p1a: Florges
|-supereffective|p1a: Florges
|-damage|p1a: Florges|75\/357
|
|-heal|p1a: Florges|97\/357|[from] item: Leftovers
|turn|26
|
|move|p1a: Florges|Synthesis|p1a: Florges
|-heal|p1a: Florges|275\/357
|move|p2a: Nidoqueen|Sludge Wave|p1a: Florges
|-supereffective|p1a: Florges
|-damage|p1a: Florges|142\/357
|
|-heal|p1a: Florges|164\/357|[from] item: Leftovers
|turn|27
|
|move|p1a: Florges|Moonblast|p2a: Nidoqueen
|-resisted|p2a: Nidoqueen
|-damage|p2a: Nidoqueen|196\/384
|-unboost|p2a: Nidoqueen|spa|1
|move|p2a: Nidoqueen|Sludge Wave|p1a: Florges
|-supereffective|p1a: Florges
|-damage|p1a: Florges|78\/357
|
|-heal|p1a: Florges|100\/357|[from] item: Leftovers
|turn|28
|c|★Sacri'|I need a crit, not a drop
|
|move|p1a: Florges|Synthesis|p1a: Florges
|-heal|p1a: Florges|278\/357
|move|p2a: Nidoqueen|Sludge Wave|p1a: Florges
|-supereffective|p1a: Florges
|-damage|p1a: Florges|197\/357
|
|-heal|p1a: Florges|219\/357|[from] item: Leftovers
|turn|29
|
|move|p1a: Florges|Moonblast|p2a: Nidoqueen
|-resisted|p2a: Nidoqueen
|-damage|p2a: Nidoqueen|21\/384
|move|p2a: Nidoqueen|Sludge Wave|p1a: Florges
|-supereffective|p1a: Florges
|-damage|p1a: Florges|141\/357
|
|-heal|p1a: Florges|163\/357|[from] item: Leftovers
|turn|30
|
|move|p1a: Florges|Moonblast|p2a: Nidoqueen
|-resisted|p2a: Nidoqueen
|-damage|p2a: Nidoqueen|0 fnt
|faint|p2a: Nidoqueen
|
|-heal|p1a: Florges|185\/357|[from] item: Leftovers
|
|switch|p2a: Whimsicott|Whimsicott, F|32\/262
|-damage|p2a: Whimsicott|0 fnt|[from] Stealth Rock
|faint|p2a: Whimsicott
|
|switch|p2a: Raikou|Raikou|322\/322
|-damage|p2a: Raikou|282\/322|[from] Stealth Rock
|-ability|p2a: Raikou|Pressure
|turn|31
|
|move|p2a: Raikou|Thunderbolt|p1a: Florges
|-damage|p1a: Florges|148\/357
|move|p1a: Florges|Synthesis|p1a: Florges
|-heal|p1a: Florges|326\/357
|
|-heal|p1a: Florges|348\/357|[from] item: Leftovers
|turn|32
|
|move|p2a: Raikou|Thunderbolt|p1a: Florges
|-damage|p1a: Florges|311\/357
|move|p1a: Florges|Moonblast|p2a: Raikou
|-damage|p2a: Raikou|69\/322
|-unboost|p2a: Raikou|spa|1
|
|-heal|p1a: Florges|333\/357|[from] item: Leftovers
|turn|33
|
|move|p2a: Raikou|Thunderbolt|p1a: Florges
|-damage|p1a: Florges|303\/357
|move|p1a: Florges|Moonblast|p2a: Raikou
|-damage|p2a: Raikou|0 fnt
|faint|p2a: Raikou
|
|-heal|p1a: Florges|325\/357|[from] item: Leftovers
|c|★Sacri'|gg
|c|★some weird shit|gg
|
|switch|p2a: Mienshao|Mienshao, F|83\/271
|-damage|p2a: Mienshao|67\/271|[from] Stealth Rock
|turn|34
|
|move|p2a: Mienshao|High Jump Kick|p1a: Florges
|-resisted|p1a: Florges
|-damage|p1a: Florges|204\/357
|move|p1a: Florges|Moonblast|p2a: Mienshao
|-supereffective|p2a: Mienshao
|-damage|p2a: Mienshao|0 fnt
|faint|p2a: Mienshao
|
|win|some weird shit
|raw|Ladder updating...
|raw|some weird shit's rating: 1642 &rarr; <strong>1655<\/strong><br \/>(+13 for winning)
|raw|Sacri&apos;'s rating: 1508 &rarr; <strong>1496<\/strong><br \/>(-12 for losing)
|leave|Sacri'
|player|p2