|join|some weird shit
|join|12lemoncakes
|player|p1|some weird shit|265
|player|p2|12lemoncakes|214
|gametype|singles
|gen|6
|tier|UU
|rated
|rule|Sleep Clause Mod: Limit one foe put to sleep
|rule|Species Clause: Limit one of each Pokémon
|rule|OHKO Clause: OHKO moves are banned
|rule|Moody Clause: Moody is banned
|rule|Evasion Moves Clause: Evasion moves are banned
|rule|Endless Battle Clause: Forcing endless battles is banned
|rule|HP Percentage Mod: HP is shown in percentages
|clearpoke
|poke|p1|Mienshao, F
|poke|p1|Krookodile, F
|poke|p1|Suicune
|poke|p1|Whimsicott, F
|poke|p1|Golurk
|poke|p1|Alakazam, M
|poke|p2|Infernape, F
|poke|p2|Alomomola, M
|poke|p2|Hydreigon, M
|poke|p2|Toxicroak, M
|poke|p2|Aerodactyl, M
|poke|p2|Bronzong
|rule|Swagger Clause: Swagger is banned
|rule|Baton Pass Clause: Limit one Pokémon knowing Baton Pass
|teampreview
|
|start
|switch|p1a: Krookodile|Krookodile, F|331\/331
|switch|p2a: Pokey|Toxicroak, M|357\/357
|-ability|p1a: Krookodile|Intimidate|[of] p2a: Pokey
|-unboost|p2a: Pokey|atk|1
|turn|1
|
|switch|p2a: Rock Man|Aerodactyl, M|301\/301
|-ability|p2a: Rock Man|Unnerve|p1: some weird shit
|move|p1a: Krookodile|Knock Off|p2a: Rock Man
|-damage|p2a: Rock Man|129\/301
|
|turn|2
|
|switch|p2a: Big Luvdisk|Alomomola, M|534\/534
|switch|p1a: Suicune|Suicune|404\/404
|-ability|p1a: Suicune|Pressure
|
|turn|3
|
|switch|p1a: Whimsicott|Whimsicott, F|261\/261
|move|p2a: Big Luvdisk|Wish|p2a: Big Luvdisk
|
|turn|4
|
|switch|p2a: Pokey|Toxicroak, M|357\/357
|move|p1a: Whimsicott|U-turn|p2a: Pokey
|-resisted|p2a: Pokey
|-damage|p2a: Pokey|344\/357
|
|switch|p1a: Krookodile|Krookodile, F|331\/331
|-ability|p1a: Krookodile|Intimidate|[of] p2a: Pokey
|-unboost|p2a: Pokey|atk|1
|
|-heal|p2a: Pokey|357\/357|[from] move: Wish|[wisher] Big Luvdisk
|turn|5
|
|switch|p2a: Big Luvdisk|Alomomola, M|534\/534
|move|p1a: Krookodile|Earthquake|p2a: Big Luvdisk
|-crit|p2a: Big Luvdisk
|-damage|p2a: Big Luvdisk|335\/534
|
|-heal|p2a: Big Luvdisk|368\/534|[from] item: Leftovers
|turn|6
|
|switch|p1a: Whimsicott|Whimsicott, F|261\/261
|move|p2a: Big Luvdisk|Knock Off|p1a: Whimsicott
|-resisted|p1a: Whimsicott
|-damage|p1a: Whimsicott|231\/261
|-enditem|p1a: Whimsicott|Leftovers|[from] move: Knock Off|[of] p2a: Big Luvdisk
|
|-heal|p2a: Big Luvdisk|401\/534|[from] item: Leftovers
|turn|7
|
|switch|p2a: Mr. Roboto|Bronzong|338\/338
|move|p1a: Whimsicott|Giga Drain|p2a: Mr. Roboto
|-resisted|p2a: Mr. Roboto
|-damage|p2a: Mr. Roboto|302\/338
|-heal|p1a: Whimsicott|249\/261|[from] drain|[of] p2a: Mr. Roboto
|
|-heal|p2a: Mr. Roboto|323\/338|[from] item: Leftovers
|turn|8
|
|move|p1a: Whimsicott|U-turn|p2a: Mr. Roboto
|-damage|p2a: Mr. Roboto|293\/338
|
|switch|p1a: Golurk|Golurk|379\/379
|move|p2a: Mr. Roboto|Stealth Rock|p1a: Golurk
|-sidestart|p1: some weird shit|move: Stealth Rock
|
|-heal|p2a: Mr. Roboto|314\/338|[from] item: Leftovers
|turn|9
|
|switch|p2a: Big Luvdisk|Alomomola, M|534\/534
|move|p1a: Golurk|Stealth Rock|p2a: Big Luvdisk
|-sidestart|p2: 12lemoncakes|move: Stealth Rock
|
|turn|10
|
|switch|p1a: Whimsicott|Whimsicott, F|249\/261
|-damage|p1a: Whimsicott|217\/261|[from] Stealth Rock
|move|p2a: Big Luvdisk|Scald|p1a: Whimsicott
|-resisted|p1a: Whimsicott
|-damage|p1a: Whimsicott|188\/261
|
|turn|11
|
|switch|p2a: Mr. Roboto|Bronzong|314\/338
|-damage|p2a: Mr. Roboto|293\/338|[from] Stealth Rock
|move|p1a: Whimsicott|U-turn|p2a: Mr. Roboto
|-crit|p2a: Mr. Roboto
|-damage|p2a: Mr. Roboto|246\/338
|
|switch|p1a: Krookodile|Krookodile, F|331\/331
|-damage|p1a: Krookodile|311\/331|[from] Stealth Rock
|-ability|p1a: Krookodile|Intimidate|[of] p2a: Mr. Roboto
|-unboost|p2a: Mr. Roboto|atk|1
|
|-heal|p2a: Mr. Roboto|267\/338|[from] item: Leftovers
|turn|12
|
|switch|p2a: Big Luvdisk|Alomomola, M|534\/534
|-damage|p2a: Big Luvdisk|468\/534|[from] Stealth Rock
|move|p1a: Krookodile|Knock Off|p2a: Big Luvdisk
|-damage|p2a: Big Luvdisk|317\/534
|-enditem|p2a: Big Luvdisk|Leftovers|[from] move: Knock Off|[of] p1a: Krookodile
|
|turn|13
|
|switch|p2a: Pokey|Toxicroak, M|357\/357
|-damage|p2a: Pokey|335\/357|[from] Stealth Rock
|move|p1a: Krookodile|Earthquake|p2a: Pokey
|-supereffective|p2a: Pokey
|-damage|p2a: Pokey|0 fnt
|faint|p2a: Pokey
|
|
|switch|p2a: Husky|Hydreigon, M|325\/325
|-damage|p2a: Husky|285\/325|[from] Stealth Rock
|turn|14
|
|switch|p1a: Whimsicott|Whimsicott, F|188\/261
|-damage|p1a: Whimsicott|156\/261|[from] Stealth Rock
|move|p2a: Husky|U-turn|p1a: Whimsicott
|-damage|p1a: Whimsicott|93\/261
|
|switch|p2a: Hobo Jon|Infernape, F|293\/293
|-damage|p2a: Hobo Jon|257\/293|[from] Stealth Rock
|
|turn|15
|
|move|p1a: Whimsicott|Moonblast|p2a: Hobo Jon
|-damage|p2a: Hobo Jon|101\/293
|-unboost|p2a: Hobo Jon|spa|1
|move|p2a: Hobo Jon|Nasty Plot|p2a: Hobo Jon
|-boost|p2a: Hobo Jon|spa|2
|
|turn|16
|
|move|p2a: Hobo Jon|Vacuum Wave|p1a: Whimsicott
|-resisted|p1a: Whimsicott
|-damage|p1a: Whimsicott|15\/261
|-damage|p2a: Hobo Jon|72\/293|[from] item: Life Orb
|move|p1a: Whimsicott|Moonblast|p2a: Hobo Jon
|-damage|p2a: Hobo Jon|0 fnt
|faint|p2a: Hobo Jon
|
|-message|12lemoncakes forfeited.
|
|win|some weird shit
|raw|Ladder updating...
|raw|some weird shit's rating: 1725 &rarr; <strong>1732<\/strong><br \/>(+7 for winning)
|raw|12lemoncakes's rating: 1451 &rarr; <strong>1445<\/strong><br \/>(-6 for losing)
|leave|12lemoncakes
|player|p2