|join|some weird shit
|join|AaronFm78
|player|p1|some weird shit|171
|player|p2|AaronFm78|148
|gametype|singles
|gen|6
|tier|UU
|rated
|rule|Sleep Clause Mod: Limit one foe put to sleep
|rule|Species Clause: Limit one of each Pokémon
|rule|OHKO Clause: OHKO moves are banned
|rule|Moody Clause: Moody is banned
|rule|Evasion Moves Clause: Evasion moves are banned
|rule|Endless Battle Clause: Forcing endless battles is banned
|rule|HP Percentage Mod: HP is shown in percentages
|clearpoke
|poke|p1|Feraligatr, M
|poke|p1|Jirachi, shiny
|poke|p1|Blastoise, F
|poke|p1|Krookodile, M
|poke|p1|Goodra, M
|poke|p1|Mienshao, M
|poke|p2|Hydreigon, M
|poke|p2|Mienshao, F
|poke|p2|Florges, F
|poke|p2|Hippowdon, M
|poke|p2|Jirachi
|poke|p2|Honchkrow, F
|rule|Swagger Clause: Swagger is banned
|rule|Baton Pass Clause: Limit one Pokémon knowing Baton Pass
|teampreview
|
|start
|switch|p1a: Krookodile|Krookodile, M|394\/394
|switch|p2a: Mienshao|Mienshao, F|271\/271
|-ability|p1a: Krookodile|Intimidate|[of] p2a: Mienshao
|-unboost|p2a: Mienshao|atk|1
|turn|1
|
|move|p2a: Mienshao|U-turn|p1a: Krookodile
|-crit|p1a: Krookodile
|-supereffective|p1a: Krookodile
|-damage|p1a: Krookodile|43\/394
|-damage|p2a: Mienshao|244\/271|[from] item: Life Orb
|
|switch|p2a: Hippowdon|Hippowdon, M|420\/420
|-weather|Sandstorm
|move|p1a: Krookodile|Stealth Rock|p2a: Hippowdon
|-sidestart|p2: AaronFm78|move: Stealth Rock
|
|-weather|Sandstorm|[upkeep]
|-heal|p1a: Krookodile|67\/394|[from] item: Leftovers
|turn|2
|
|move|p1a: Krookodile|Taunt|p2a: Hippowdon
|-start|p2a: Hippowdon|move: Taunt
|move|p2a: Hippowdon|Earthquake|p1a: Krookodile
|-damage|p1a: Krookodile|0 fnt
|faint|p1a: Krookodile
|
|-weather|Sandstorm|[upkeep]
|
|switch|p1a: Blastoise|Blastoise, F|324\/324
|turn|3
|
|switch|p2a: Florges|Florges, F|360\/360
|-damage|p2a: Florges|315\/360|[from] Stealth Rock
|detailschange|p1a: Blastoise|Blastoise-Mega, F
|message|Blastoise has Mega Evolved into Mega Blastoise!
|move|p1a: Blastoise|Hydro Pump|p2a: Florges
|-damage|p2a: Florges|194\/360
|
|-weather|Sandstorm|[upkeep]
|-damage|p1a: Blastoise|304\/324|[from] sandstorm
|-damage|p2a: Florges|172\/360|[from] sandstorm
|-heal|p2a: Florges|194\/360|[from] item: Leftovers
|turn|4
|
|switch|p1a: Jirachi|Jirachi, shiny|341\/341
|move|p2a: Florges|Wish|p2a: Florges
|
|-weather|Sandstorm|[upkeep]
|-damage|p2a: Florges|172\/360|[from] sandstorm
|-heal|p2a: Florges|194\/360|[from] item: Leftovers
|turn|5
|
|switch|p1a: Blastoise|Blastoise-Mega, F|304\/324
|move|p2a: Florges|Protect|p2a: Florges
|-fail|p2a: Florges
|
|-weather|none
|-heal|p2a: Florges|360\/360|[from] move: Wish|[wisher] Florges
|turn|6
|
|switch|p1a: Jirachi|Jirachi, shiny|341\/341
|move|p2a: Florges|Moonblast|p1a: Jirachi
|-resisted|p1a: Jirachi
|-damage|p1a: Jirachi|281\/341
|
|-heal|p1a: Jirachi|302\/341|[from] item: Leftovers
|turn|7
|
|switch|p1a: Blastoise|Blastoise-Mega, F|304\/324
|move|p2a: Florges|Protect|p2a: Florges
|-fail|p2a: Florges
|
|turn|8
|
|switch|p1a: Jirachi|Jirachi, shiny|302\/341
|move|p2a: Florges|Moonblast|p1a: Jirachi
|-resisted|p1a: Jirachi
|-damage|p1a: Jirachi|240\/341
|-unboost|p1a: Jirachi|spa|1
|
|-heal|p1a: Jirachi|261\/341|[from] item: Leftovers
|turn|9
|
|move|p2a: Florges|Protect|p2a: Florges
|-singleturn|p2a: Florges|Protect
|move|p1a: Jirachi|Substitute|p1a: Jirachi
|-start|p1a: Jirachi|Substitute
|-damage|p1a: Jirachi|176\/341
|
|-heal|p1a: Jirachi|197\/341|[from] item: Leftovers
|turn|10
|
|switch|p2a: Jirachi|Jirachi|341\/341
|-damage|p2a: Jirachi|320\/341|[from] Stealth Rock
|move|p1a: Jirachi|Calm Mind|p1a: Jirachi
|-boost|p1a: Jirachi|spa|1
|-boost|p1a: Jirachi|spd|1
|
|-heal|p1a: Jirachi|218\/341|[from] item: Leftovers
|turn|11
|
|move|p2a: Jirachi|Fire Punch|p1a: Jirachi
|-supereffective|p1a: Jirachi
|-end|p1a: Jirachi|Substitute
|move|p1a: Jirachi|Psyshock|p2a: Jirachi
|-resisted|p2a: Jirachi
|-damage|p2a: Jirachi|289\/341
|
|-heal|p1a: Jirachi|239\/341|[from] item: Leftovers
|turn|12
|
|switch|p1a: Blastoise|Blastoise-Mega, F|304\/324
|move|p2a: Jirachi|Fire Punch|p1a: Blastoise
|-resisted|p1a: Blastoise
|-damage|p1a: Blastoise|274\/324
|
|turn|13
|
|switch|p2a: Florges|Florges, F|360\/360
|-damage|p2a: Florges|315\/360|[from] Stealth Rock
|switch|p1a: Feraligatr|Feraligatr, M|344\/344
|
|-heal|p2a: Florges|337\/360|[from] item: Leftovers
|turn|14
|
|move|p2a: Florges|Protect|p2a: Florges
|-singleturn|p2a: Florges|Protect
|move|p1a: Feraligatr|Swords Dance|p1a: Feraligatr
|-boost|p1a: Feraligatr|atk|2
|
|-heal|p2a: Florges|359\/360|[from] item: Leftovers
|turn|15
|
|move|p1a: Feraligatr|Waterfall|p2a: Florges
|-crit|p2a: Florges
|-damage|p2a: Florges|0 fnt
|faint|p2a: Florges
|
|
|switch|p2a: Mienshao|Mienshao, F|271\/271
|-damage|p2a: Mienshao|255\/271|[from] Stealth Rock
|turn|16
|
|move|p2a: Mienshao|Fake Out|p1a: Feraligatr
|-damage|p1a: Feraligatr|280\/344
|-damage|p2a: Mienshao|228\/271|[from] item: Life Orb
|cant|p1a: Feraligatr|flinch
|
|turn|17
|
|move|p1a: Feraligatr|Aqua Jet|p2a: Mienshao
|-damage|p2a: Mienshao|0 fnt
|faint|p2a: Mienshao
|
|
|switch|p2a: Honchkrow|Honchkrow, F|341\/341
|-damage|p2a: Honchkrow|256\/341|[from] Stealth Rock
|turn|18
|
|move|p1a: Feraligatr|Aqua Jet|p2a: Honchkrow
|-damage|p2a: Honchkrow|0 fnt
|faint|p2a: Honchkrow
|
|
|switch|p2a: Jirachi|Jirachi|289\/341
|-damage|p2a: Jirachi|268\/341|[from] Stealth Rock
|turn|19
|
|move|p1a: Feraligatr|Aqua Jet|p2a: Jirachi
|-damage|p2a: Jirachi|93\/341
|move|p2a: Jirachi|Body Slam|p1a: Feraligatr
|-damage|p1a: Feraligatr|199\/344
|-status|p1a: Feraligatr|par
|
|turn|20
|
|switch|p2a: Hippowdon|Hippowdon, M|420\/420
|-damage|p2a: Hippowdon|394\/420|[from] Stealth Rock
|-weather|Sandstorm
|move|p1a: Feraligatr|Aqua Jet|p2a: Hippowdon
|-supereffective|p2a: Hippowdon
|-damage|p2a: Hippowdon|188\/420
|
|-weather|Sandstorm|[upkeep]
|-damage|p1a: Feraligatr|178\/344 par|[from] sandstorm
|-heal|p2a: Hippowdon|214\/420|[from] item: Leftovers
|turn|21
|
|move|p2a: Hippowdon|Slack Off|p2a: Hippowdon
|-heal|p2a: Hippowdon|420\/420
|move|p1a: Feraligatr|Waterfall|p2a: Hippowdon
|-supereffective|p2a: Hippowdon
|-damage|p2a: Hippowdon|0 fnt
|faint|p2a: Hippowdon
|
|-weather|Sandstorm|[upkeep]
|-damage|p1a: Feraligatr|157\/344 par|[from] sandstorm
|
|switch|p2a: Jirachi|Jirachi|93\/341
|-damage|p2a: Jirachi|72\/341|[from] Stealth Rock
|turn|22
|
|move|p1a: Feraligatr|Aqua Jet|p2a: Jirachi
|-damage|p2a: Jirachi|0 fnt
|faint|p2a: Jirachi
|
|-weather|Sandstorm|[upkeep]
|-damage|p1a: Feraligatr|136\/344 par|[from] sandstorm
|
|switch|p2a: Hydreigon|Hydreigon, M|325\/325
|-damage|p2a: Hydreigon|285\/325|[from] Stealth Rock
|turn|23
|
|cant|p1a: Feraligatr|par
|move|p2a: Hydreigon|Dark Pulse|p1a: Feraligatr
|-damage|p1a: Feraligatr|0 fnt
|faint|p1a: Feraligatr
|
|-weather|Sandstorm|[upkeep]
|-damage|p2a: Hydreigon|265\/325|[from] sandstorm
|
|switch|p1a: Mienshao|Mienshao, M|271\/271
|turn|24
|
|move|p1a: Mienshao|U-turn|p2a: Hydreigon
|-supereffective|p2a: Hydreigon
|-damage|p2a: Hydreigon|93\/325
|
|switch|p1a: Jirachi|Jirachi, shiny|239\/341
|move|p2a: Hydreigon|Dark Pulse|p1a: Jirachi
|-supereffective|p1a: Jirachi
|-damage|p1a: Jirachi|0 fnt
|faint|p1a: Jirachi
|
|-weather|none
|
|switch|p1a: Mienshao|Mienshao, M|271\/271
|turn|25
|
|move|p1a: Mienshao|U-turn|p2a: Hydreigon
|-supereffective|p2a: Hydreigon
|-damage|p2a: Hydreigon|0 fnt
|faint|p2a: Hydreigon
|
|win|some weird shit
|raw|Ladder updating...
|raw|some weird shit's rating: 1624 &rarr; <strong>1637<\/strong><br \/>(+13 for winning)
|raw|AaronFm78's rating: 1503 &rarr; <strong>1490<\/strong><br \/>(-13 for losing)
|c|★AaronFm78|gg
|c|★some weird shit|gg
|leave|AaronFm78
|player|p2