|join|Dudeman130498
|join|meowiekins
|player|p1|Dudeman130498|171
|player|p2|meowiekins|160
|gametype|singles
|gen|6
|tier|UU
|rule|Sleep Clause Mod: Limit one foe put to sleep
|rule|Species Clause: Limit one of each Pokémon
|rule|OHKO Clause: OHKO moves are banned
|rule|Moody Clause: Moody is banned
|rule|Evasion Moves Clause: Evasion moves are banned
|rule|Endless Battle Clause: Forcing endless battles is banned
|rule|HP Percentage Mod: HP is shown in percentages
|clearpoke
|poke|p1|Mienshao, F
|poke|p1|Krookodile, F
|poke|p1|Jirachi, shiny
|poke|p1|Whimsicott, F
|poke|p1|Golurk
|poke|p1|Alakazam, F
|poke|p2|Shedinja
|poke|p2|Xatu, M
|poke|p2|Tentacruel, F
|poke|p2|Krookodile, F
|poke|p2|Aromatisse, M
|poke|p2|Rotom-Heat
|rule|Swagger Clause: Swagger is banned
|rule|Baton Pass Clause: Limit one Pokémon knowing Baton Pass
|teampreview
|join|Demxer
|join|xMarth
|join|sniperaim
|join|Yellow Skarmory ≥≤
|
|start
|switch|p1a: Golurk|Golurk|379\/379
|switch|p2a: Rotom-Heat|Rotom-Heat|241\/241
|turn|1
|c|★Dudeman130498|i feel like
|c|★Dudeman130498|i will lose
|c|★meowiekins|funny
|c|★Dudeman130498|also no fire resists ¯\_(ツ)_\/¯
|c|★meowiekins|i was feeling the same thing
|
|move|p2a: Rotom-Heat|Overheat|p1a: Golurk
|-crit|p1a: Golurk
|-damage|p1a: Golurk|39\/379
|-unboost|p2a: Rotom-Heat|spa|2
|move|p1a: Golurk|Dynamic Punch|p2a: Rotom-Heat
|-damage|p2a: Rotom-Heat|122\/241
|-start|p2a: Rotom-Heat|confusion
|
|turn|2
|c| Demxer|oh
|c| Demxer|what a way to start the battle
|c|★Dudeman130498|lol
|c|★Dudeman130498|ikr
|c|★meowiekins|¯\_(ツ)_\/¯
|
|switch|p2a: Xatu|Xatu, M|271\/271
|move|p1a: Golurk|Stealth Rock|p2a: Xatu
|move|p2a: Xatu|Stealth Rock|p1a: Golurk|[from]Magic Bounce
|-sidestart|p1: Dudeman130498|move: Stealth Rock
|
|turn|3
|c|★Dudeman130498|rip
|
|move|p2a: Xatu|Heat Wave|p1a: Golurk
|-damage|p1a: Golurk|0 fnt
|-damage|p2a: Xatu|244\/271|[from] item: Life Orb
|faint|p1a: Golurk
|
|c| Demxer|:[
|
|switch|p1a: Krookodile|Krookodile, F|331\/331
|-damage|p1a: Krookodile|311\/331|[from] Stealth Rock
|-ability|p1a: Krookodile|Intimidate|[of] p2a: Xatu
|-unboost|p2a: Xatu|atk|1
|turn|4
|join|xastify
|join|Alepelex 4Ever
|
|move|p2a: Xatu|Dazzling Gleam|p1a: Krookodile
|-supereffective|p1a: Krookodile
|-damage|p1a: Krookodile|41\/331
|-damage|p2a: Xatu|217\/271|[from] item: Life Orb
|move|p1a: Krookodile|Knock Off|p2a: Xatu
|-supereffective|p2a: Xatu
|-damage|p2a: Xatu|0 fnt
|-enditem|p2a: Xatu|Life Orb|[from] move: Knock Off|[of] p1a: Krookodile
|faint|p2a: Xatu
|
|c|★Dudeman130498|¯\_(ツ)_\/¯
|c|★meowiekins|why isnt krook fatter
|c|★meowiekins|so i could grass knot it
|c| Alepelex 4Ever|Hello sir, how are you doing today? ^w^
|c|★Dudeman130498|cause you're max speed
|c|★Dudeman130498|oh fatter
|c|★Dudeman130498|nvm
|c|★meowiekins|lol
|c| Demxer|he's on a diet
|
|switch|p2a: Rotom-Heat|Rotom-Heat|122\/241
|turn|5
|c| Yellow Skarmory ≥≤|yeah
|c|★Dudeman130498|i wish
|c|★Dudeman130498|u didn't crit me
|c|★Dudeman130498|¯\_(ツ)_\/¯
|
|move|p2a: Rotom-Heat|Overheat|p1a: Krookodile
|-damage|p1a: Krookodile|0 fnt
|-unboost|p2a: Rotom-Heat|spa|2
|faint|p1a: Krookodile
|
|c|★meowiekins|oh damn
|join|Bird McBird
|c|★meowiekins|sheddy goes in
|c| Demxer|shhh
|leave|meowiekins
|player|p2
|c|★Dudeman130498|,
|c| Demxer|o
|c| Demxer|uh
|join|meowiekins
|player|p2|meowiekins|160
|leave|xastify
|join|Kyla's Nightmare⛧⛧
|c|★meowiekins|sorry internet is being shit
|c|★Dudeman130498|it's ok
|
|switch|p1a: Mienshao|Mienshao, F|271\/271
|-damage|p1a: Mienshao|255\/271|[from] Stealth Rock
|turn|6
|
|switch|p2a: Aromatisse|Aromatisse, M|406\/406
|move|p1a: Mienshao|U-turn|p2a: Aromatisse
|-resisted|p2a: Aromatisse
|-damage|p2a: Aromatisse|371\/406
|c|★Dudeman130498|yeah well
|c|★Dudeman130498|eh.
|
|switch|p1a: Alakazam|Alakazam, F|252\/252
|
|-heal|p2a: Aromatisse|396\/406|[from] item: Leftovers
|turn|7
|
|detailschange|p1a: Alakazam|Alakazam-Mega, F
|message|Alakazam has Mega Evolved into Mega Alakazam!
|-ability|p1a: Alakazam|Aroma Veil|[from] ability: Trace|[of] p2a: Aromatisse
|move|p1a: Alakazam|Calm Mind|p1a: Alakazam
|-boost|p1a: Alakazam|spa|1
|-boost|p1a: Alakazam|spd|1
|move|p2a: Aromatisse|Moonblast|p1a: Alakazam
|-damage|p1a: Alakazam|179\/252
|
|-heal|p2a: Aromatisse|406\/406|[from] item: Leftovers
|turn|8
|
|switch|p2a: ¯\_(ツ)_\/¯|Shedinja|1\/1
|move|p1a: Alakazam|Psyshock|p2a: ¯\_(ツ)_\/¯
|-activate|p2a: ¯\_(ツ)_\/¯|ability: Wonder Guard
|
|turn|9
|join|Colbrushie
|c| Demxer|doesnt krook get sucker?
|c| Colbrushie|nope
|c| Colbrushie|big giant gator
|c|★meowiekins|252+ SpA Mega Alakazam Shadow Ball vs. 0 HP \/ 0 SpD Shedinja: 588-694 (58800 - 69400%)
|c|★meowiekins|nice damage
|c| Colbrushie|doesn't really have much of a surprise factor
|
|move|p1a: Alakazam|Shadow Ball|p2a: ¯\_(ツ)_\/¯
|-supereffective|p2a: ¯\_(ツ)_\/¯
|-enditem|p2a: ¯\_(ツ)_\/¯|Focus Sash
|-damage|p2a: ¯\_(ツ)_\/¯|1\/1
|move|p2a: ¯\_(ツ)_\/¯|X-Scissor|p1a: Alakazam
|-supereffective|p1a: Alakazam
|-damage|p1a: Alakazam|0 fnt
|faint|p1a: Alakazam
|
|join|SassyLoafOfBread
|
|switch|p1a: Mienshao|Mienshao, F|255\/271
|-damage|p1a: Mienshao|239\/271|[from] Stealth Rock
|turn|10
|
|move|p2a: ¯\_(ツ)_\/¯|Protect|p2a: ¯\_(ツ)_\/¯
|-singleturn|p2a: ¯\_(ツ)_\/¯|Protect
|move|p1a: Mienshao|U-turn|p2a: ¯\_(ツ)_\/¯
|-activate|p2a: ¯\_(ツ)_\/¯|Protect
|
|turn|11
|c|★Dudeman130498|right i'll just 
|c|★Dudeman130498|blame the crit then
|c| Colbrushie|oof
|-message|Dudeman130498 forfeited.
|
|win|meowiekins
|leave|Dudeman130498
|player|p1
|c|★meowiekins|gg
|leave|Colbrushie
|leave|Bird McBird
|leave|meowiekins
|player|p2
|leave|Demxer
|leave|SassyLoafOfBread
|leave|sniperaim
|leave|Yellow Skarmory ≥≤
|leave|Kyla's Nightmare⛧⛧
|join|some weird shit
|leave|some weird shit
|leave|Alepelex 4Ever
|leave|xMarth
|join|Bird McBird