|join|some weird shit
|join|Xerxos
|player|p1|some weird shit|171
|player|p2|Xerxos|1
|gametype|singles
|gen|6
|tier|UU
|rated
|rule|Sleep Clause Mod: Limit one foe put to sleep
|rule|Species Clause: Limit one of each Pokémon
|rule|OHKO Clause: OHKO moves are banned
|rule|Moody Clause: Moody is banned
|rule|Evasion Moves Clause: Evasion moves are banned
|rule|Endless Battle Clause: Forcing endless battles is banned
|rule|HP Percentage Mod: HP is shown in percentages
|clearpoke
|poke|p1|Mienshao, F
|poke|p1|Krookodile, M
|poke|p1|Jirachi, shiny
|poke|p1|Whimsicott, F
|poke|p1|Golurk
|poke|p1|Alakazam, F
|poke|p2|Crobat, M
|poke|p2|Nidoking, M
|poke|p2|Hydreigon, F
|poke|p2|Florges, F
|poke|p2|Swampert, F
|poke|p2|Blastoise, M
|rule|Swagger Clause: Swagger is banned
|rule|Baton Pass Clause: Limit one Pokémon knowing Baton Pass
|teampreview
|
|start
|switch|p1a: Whimsicott|Whimsicott, F|261\/261
|switch|p2a: Hydreigon|Hydreigon, F|325\/325
|turn|1
|
|move|p2a: Hydreigon|U-turn|p1a: Whimsicott
|-damage|p1a: Whimsicott|197\/261
|
|switch|p2a: Crobat|Crobat, M|353\/353
|move|p1a: Whimsicott|U-turn|p2a: Crobat
|-resisted|p2a: Crobat
|-damage|p2a: Crobat|342\/353
|
|switch|p1a: Golurk|Golurk|379\/379
|
|-heal|p2a: Crobat|353\/353|[from] item: Black Sludge
|turn|2
|
|move|p2a: Crobat|Brave Bird|p1a: Golurk
|-damage|p1a: Golurk|207\/379
|-damage|p2a: Crobat|296\/353|[from] recoil|[of] p1a: Golurk
|move|p1a: Golurk|Stealth Rock|p2a: Crobat
|-sidestart|p2: Xerxos|move: Stealth Rock
|
|-heal|p2a: Crobat|318\/353|[from] item: Black Sludge
|turn|3
|
|switch|p1a: Jirachi|Jirachi, shiny|341\/341
|move|p2a: Crobat|Brave Bird|p1a: Jirachi
|-resisted|p1a: Jirachi
|-damage|p1a: Jirachi|260\/341
|-damage|p2a: Crobat|291\/353|[from] recoil|[of] p1a: Jirachi
|
|-heal|p2a: Crobat|313\/353|[from] item: Black Sludge
|-heal|p1a: Jirachi|281\/341|[from] item: Leftovers
|turn|4
|
|switch|p2a: Swampert|Swampert, F|401\/401
|-damage|p2a: Swampert|376\/401|[from] Stealth Rock
|move|p1a: Jirachi|Psyshock|p2a: Swampert
|-damage|p2a: Swampert|280\/401
|
|-heal|p1a: Jirachi|302\/341|[from] item: Leftovers
|-heal|p2a: Swampert|305\/401|[from] item: Leftovers
|turn|5
|
|switch|p1a: Whimsicott|Whimsicott, F|197\/261
|move|p2a: Swampert|Scald|p1a: Whimsicott
|-resisted|p1a: Whimsicott
|-damage|p1a: Whimsicott|147\/261
|
|-heal|p1a: Whimsicott|163\/261|[from] item: Leftovers
|-heal|p2a: Swampert|330\/401|[from] item: Leftovers
|turn|6
|
|switch|p2a: Blastoise|Blastoise, M|362\/362
|-damage|p2a: Blastoise|317\/362|[from] Stealth Rock
|move|p1a: Whimsicott|U-turn|p2a: Blastoise
|-damage|p2a: Blastoise|281\/362
|
|switch|p1a: Mienshao|Mienshao, F|271\/271
|
|turn|7
|
|detailschange|p2a: Blastoise|Blastoise-Mega, M
|message|Blastoise has Mega Evolved into Mega Blastoise!
|move|p1a: Mienshao|U-turn|p2a: Blastoise
|-damage|p2a: Blastoise|206\/362
|
|switch|p1a: Whimsicott|Whimsicott, F|163\/261
|move|p2a: Blastoise|Water Pulse|p1a: Whimsicott
|-resisted|p1a: Whimsicott
|-damage|p1a: Whimsicott|50\/261
|
|-heal|p1a: Whimsicott|66\/261|[from] item: Leftovers
|turn|8
|
|move|p1a: Whimsicott|Giga Drain|p2a: Blastoise
|-supereffective|p2a: Blastoise
|-damage|p2a: Blastoise|38\/362
|-heal|p1a: Whimsicott|150\/261|[from] drain|[of] p2a: Blastoise
|move|p2a: Blastoise|Water Pulse|p1a: Whimsicott
|-resisted|p1a: Whimsicott
|-damage|p1a: Whimsicott|42\/261
|
|-heal|p1a: Whimsicott|58\/261|[from] item: Leftovers
|turn|9
|
|switch|p2a: Crobat|Crobat, M|313\/353
|-damage|p2a: Crobat|225\/353|[from] Stealth Rock
|move|p1a: Whimsicott|Giga Drain|p2a: Crobat
|-resisted|p2a: Crobat
|-damage|p2a: Crobat|198\/353
|-heal|p1a: Whimsicott|72\/261|[from] drain|[of] p2a: Crobat
|
|-heal|p2a: Crobat|220\/353|[from] item: Black Sludge
|-heal|p1a: Whimsicott|88\/261|[from] item: Leftovers
|turn|10
|
|switch|p1a: Jirachi|Jirachi, shiny|302\/341
|move|p2a: Crobat|Defog|p1a: Jirachi
|-unboost|p1a: Jirachi|evasion|1
|-sideend|p2: Xerxos|Stealth Rock|[from] move: Defog|[of] p2a: Crobat
|
|-heal|p2a: Crobat|242\/353|[from] item: Black Sludge
|-heal|p1a: Jirachi|323\/341|[from] item: Leftovers
|turn|11
|
|switch|p2a: Hydreigon|Hydreigon, F|325\/325
|switch|p1a: Whimsicott|Whimsicott, F|88\/261
|
|-heal|p1a: Whimsicott|104\/261|[from] item: Leftovers
|turn|12
|
|move|p2a: Hydreigon|Fire Blast|p1a: Whimsicott
|-supereffective|p1a: Whimsicott
|-damage|p1a: Whimsicott|0 fnt
|faint|p1a: Whimsicott
|
|
|switch|p1a: Mienshao|Mienshao, F|271\/271
|turn|13
|
|switch|p2a: Crobat|Crobat, M|242\/353
|move|p1a: Mienshao|U-turn|p2a: Crobat
|-resisted|p2a: Crobat
|-damage|p2a: Crobat|220\/353
|
|switch|p1a: Krookodile|Krookodile, M|331\/331
|-ability|p1a: Krookodile|Intimidate|[of] p2a: Crobat
|-unboost|p2a: Crobat|atk|1
|
|-heal|p2a: Crobat|242\/353|[from] item: Black Sludge
|turn|14
|
|switch|p2a: Swampert|Swampert, F|330\/401
|move|p1a: Krookodile|Knock Off|p2a: Swampert
|-damage|p2a: Swampert|174\/401
|-enditem|p2a: Swampert|Leftovers|[from] move: Knock Off|[of] p1a: Krookodile
|
|turn|15
|
|move|p1a: Krookodile|Earthquake|p2a: Swampert
|-damage|p2a: Swampert|45\/401
|move|p2a: Swampert|Scald|p1a: Krookodile
|-supereffective|p1a: Krookodile
|-damage|p1a: Krookodile|0 fnt
|faint|p1a: Krookodile
|
|
|switch|p1a: Golurk|Golurk|207\/379
|turn|16
|
|move|p1a: Golurk|Earthquake|p2a: Swampert
|-damage|p2a: Swampert|0 fnt
|faint|p2a: Swampert
|
|
|switch|p2a: Blastoise|Blastoise-Mega, M|38\/362
|turn|17
|
|move|p2a: Blastoise|Dark Pulse|p1a: Golurk
|-supereffective|p1a: Golurk
|-enditem|p1a: Golurk|Colbur Berry|[eat]
|-damage|p1a: Golurk|4\/379
|cant|p1a: Golurk|flinch
|
|turn|18
|
|move|p2a: Blastoise|Water Pulse|p1a: Golurk
|-supereffective|p1a: Golurk
|-damage|p1a: Golurk|0 fnt
|faint|p1a: Golurk
|
|
|switch|p1a: Mienshao|Mienshao, F|271\/271
|turn|19
|
|move|p1a: Mienshao|U-turn|p2a: Blastoise
|-damage|p2a: Blastoise|0 fnt
|faint|p2a: Blastoise
|
|switch|p1a: Jirachi|Jirachi, shiny|323\/341
|
|-heal|p1a: Jirachi|341\/341|[from] item: Leftovers
|
|switch|p2a: Hydreigon|Hydreigon, F|325\/325
|turn|20
|
|switch|p1a: Mienshao|Mienshao, F|271\/271
|move|p2a: Hydreigon|Dark Pulse|p1a: Mienshao
|-resisted|p1a: Mienshao
|-damage|p1a: Mienshao|155\/271
|
|turn|21
|
|switch|p2a: Florges|Florges, F|330\/330
|move|p1a: Mienshao|U-turn|p2a: Florges
|-resisted|p2a: Florges
|-damage|p2a: Florges|275\/330
|
|switch|p1a: Jirachi|Jirachi, shiny|341\/341
|
|-heal|p2a: Florges|295\/330|[from] item: Leftovers
|turn|22
|
|switch|p2a: Hydreigon|Hydreigon, F|325\/325
|move|p1a: Jirachi|Substitute|p1a: Jirachi
|-start|p1a: Jirachi|Substitute
|-damage|p1a: Jirachi|256\/341
|
|-heal|p1a: Jirachi|277\/341|[from] item: Leftovers
|turn|23
|
|move|p2a: Hydreigon|Dark Pulse|p1a: Jirachi
|-supereffective|p1a: Jirachi
|-end|p1a: Jirachi|Substitute
|move|p1a: Jirachi|Moonblast|p2a: Hydreigon
|-crit|p2a: Hydreigon
|-supereffective|p2a: Hydreigon
|-damage|p2a: Hydreigon|0 fnt
|faint|p2a: Hydreigon
|
|-heal|p1a: Jirachi|298\/341|[from] item: Leftovers
|
|switch|p2a: Nidoking|Nidoking, M|304\/304
|turn|24
|
|move|p1a: Jirachi|Psyshock|p2a: Nidoking
|-supereffective|p2a: Nidoking
|-damage|p2a: Nidoking|34\/304
|move|p2a: Nidoking|Earth Power|p1a: Jirachi
|-supereffective|p1a: Jirachi
|-damage|p1a: Jirachi|0 fnt
|faint|p1a: Jirachi
|
|
|switch|p1a: Alakazam|Alakazam, F|252\/252
|turn|25
|
|detailschange|p1a: Alakazam|Alakazam-Mega, F
|message|Alakazam has Mega Evolved into Mega Alakazam!
|-ability|p1a: Alakazam|Sheer Force|[from] ability: Trace|[of] p2a: Nidoking
|move|p1a: Alakazam|Psyshock|p2a: Nidoking
|-supereffective|p2a: Nidoking
|-damage|p2a: Nidoking|0 fnt
|faint|p2a: Nidoking
|
|
|switch|p2a: Florges|Florges, F|295\/330
|turn|26
|
|move|p1a: Alakazam|Calm Mind|p1a: Alakazam
|-boost|p1a: Alakazam|spa|1
|-boost|p1a: Alakazam|spd|1
|move|p2a: Florges|Moonblast|p1a: Alakazam
|-damage|p1a: Alakazam|137\/252
|
|-heal|p2a: Florges|315\/330|[from] item: Leftovers
|turn|27
|
|move|p1a: Alakazam|Psyshock|p2a: Florges
|-damage|p2a: Florges|0 fnt
|faint|p2a: Florges
|
|
|switch|p2a: Crobat|Crobat, M|242\/353
|turn|28
|
|move|p1a: Alakazam|Psyshock|p2a: Crobat
|-supereffective|p2a: Crobat
|-damage|p2a: Crobat|0 fnt
|faint|p2a: Crobat
|
|win|some weird shit
|raw|Ladder updating...
|raw|some weird shit's rating: 1672 &rarr; <strong>1680<\/strong><br \/>(+8 for winning)
|raw|Xerxos's rating: 1440 &rarr; <strong>1431<\/strong><br \/>(-9 for losing)
|leave|Xerxos
|player|p2
|join|xMarth