|join|some weird shit
|join|panzy40
|player|p1|some weird shit|265
|player|p2|panzy40|2
|gametype|singles
|gen|6
|tier|UU
|rated
|rule|Sleep Clause Mod: Limit one foe put to sleep
|rule|Species Clause: Limit one of each Pokémon
|rule|OHKO Clause: OHKO moves are banned
|rule|Moody Clause: Moody is banned
|rule|Evasion Moves Clause: Evasion moves are banned
|rule|Endless Battle Clause: Forcing endless battles is banned
|rule|HP Percentage Mod: HP is shown in percentages
|clearpoke
|poke|p1|Mienshao, F
|poke|p1|Krookodile, M
|poke|p1|Suicune
|poke|p1|Whimsicott, F
|poke|p1|Golurk
|poke|p1|Alakazam, M
|poke|p2|Blissey, F
|poke|p2|Suicune
|poke|p2|Forretress, F
|poke|p2|Trevenant, F, shiny
|poke|p2|Metagross
|poke|p2|Noivern, M
|rule|Swagger Clause: Swagger is banned
|rule|Baton Pass Clause: Limit one Pokémon knowing Baton Pass
|teampreview
|
|start
|switch|p1a: Krookodile|Krookodile, M|331\/331
|switch|p2a: Noivern|Noivern, M|311\/311
|-ability|p1a: Krookodile|Intimidate|[of] p2a: Noivern
|-unboost|p2a: Noivern|atk|1
|turn|1
|
|move|p2a: Noivern|Focus Blast|p1a: Krookodile
|-supereffective|p1a: Krookodile
|-damage|p1a: Krookodile|0 fnt
|faint|p1a: Krookodile
|
|
|switch|p1a: Golurk|Golurk|379\/379
|turn|2
|
|switch|p2a: Forretress|Forretress, F|354\/354
|move|p1a: Golurk|Stealth Rock|p2a: Forretress
|-sidestart|p2: panzy40|move: Stealth Rock
|
|turn|3
|
|move|p1a: Golurk|Dynamic Punch|p2a: Forretress
|-crit|p2a: Forretress
|-damage|p2a: Forretress|211\/354
|-start|p2a: Forretress|confusion
|-activate|p2a: Forretress|confusion
|move|p2a: Forretress|Stealth Rock|p1a: Golurk
|-sidestart|p1: some weird shit|move: Stealth Rock
|
|-heal|p2a: Forretress|233\/354|[from] item: Leftovers
|turn|4
|
|move|p1a: Golurk|Earthquake|p2a: Forretress
|-damage|p2a: Forretress|92\/354
|-activate|p2a: Forretress|confusion
|-damage|p2a: Forretress|71\/354|[from] confusion
|
|-heal|p2a: Forretress|93\/354|[from] item: Leftovers
|turn|5
|
|switch|p2a: Suicune|Suicune|404\/404
|-damage|p2a: Suicune|354\/404|[from] Stealth Rock
|-ability|p2a: Suicune|Pressure
|move|p1a: Golurk|Dynamic Punch|p2a: Suicune
|-damage|p2a: Suicune|266\/404
|-start|p2a: Suicune|confusion
|
|-heal|p2a: Suicune|291\/404|[from] item: Leftovers
|turn|6
|
|-activate|p2a: Suicune|confusion
|-damage|p2a: Suicune|276\/404|[from] confusion
|move|p1a: Golurk|Earthquake|p2a: Suicune
|-crit|p2a: Suicune
|-damage|p2a: Suicune|99\/404
|
|-heal|p2a: Suicune|124\/404|[from] item: Leftovers
|turn|7
|
|switch|p1a: Whimsicott|Whimsicott, F|261\/261
|-damage|p1a: Whimsicott|229\/261|[from] Stealth Rock
|-activate|p2a: Suicune|confusion
|move|p2a: Suicune|Rest|p2a: Suicune
|-status|p2a: Suicune|slp
|-heal|p2a: Suicune|404\/404 slp|[silent]
|-status|p2a: Suicune|slp|[from] move: Rest
|
|-heal|p1a: Whimsicott|245\/261|[from] item: Leftovers
|turn|8
|
|switch|p2a: Forretress|Forretress, F|93\/354
|-damage|p2a: Forretress|49\/354|[from] Stealth Rock
|move|p1a: Whimsicott|U-turn|p2a: Forretress
|-resisted|p2a: Forretress
|-damage|p2a: Forretress|36\/354
|
|switch|p1a: Suicune|Suicune|404\/404
|-damage|p1a: Suicune|354\/404|[from] Stealth Rock
|-ability|p1a: Suicune|Pressure
|
|-heal|p1a: Suicune|379\/404|[from] item: Leftovers
|-heal|p2a: Forretress|58\/354|[from] item: Leftovers
|turn|9
|
|move|p1a: Suicune|Calm Mind|p1a: Suicune
|-boost|p1a: Suicune|spa|1
|-boost|p1a: Suicune|spd|1
|move|p2a: Forretress|Toxic|p1a: Suicune
|-status|p1a: Suicune|tox
|
|-heal|p1a: Suicune|404\/404 tox|[from] item: Leftovers
|-heal|p2a: Forretress|80\/354|[from] item: Leftovers
|-damage|p1a: Suicune|379\/404 tox|[from] psn
|turn|10
|
|move|p1a: Suicune|Scald|p2a: Forretress
|-damage|p2a: Forretress|0 fnt
|faint|p2a: Forretress
|
|-heal|p1a: Suicune|404\/404 tox|[from] item: Leftovers
|-damage|p1a: Suicune|354\/404 tox|[from] psn
|
|switch|p2a: Noivern|Noivern, M|311\/311
|-damage|p2a: Noivern|234\/311|[from] Stealth Rock
|turn|11
|
|move|p2a: Noivern|Switcheroo|p1a: Suicune
|-activate|p2a: Noivern|move: Trick|[of] p1a: Suicune
|-item|p1a: Suicune|Choice Specs|[from] Trick
|-item|p2a: Noivern|Leftovers|[from] Trick
|move|p1a: Suicune|Ice Beam|p2a: Noivern
|-supereffective|p2a: Noivern
|-damage|p2a: Noivern|0 fnt
|faint|p2a: Noivern
|
|-damage|p1a: Suicune|279\/404 tox|[from] psn
|
|switch|p2a: Suicune|Suicune|404\/404 slp
|-damage|p2a: Suicune|354\/404 slp|[from] Stealth Rock
|-ability|p2a: Suicune|Pressure
|turn|12
|
|switch|p1a: Whimsicott|Whimsicott, F|245\/261
|-damage|p1a: Whimsicott|213\/261|[from] Stealth Rock
|cant|p2a: Suicune|slp
|move|p2a: Suicune|Sleep Talk|p2a: Suicune
|move|p2a: Suicune|Calm Mind|p2a: Suicune|[from]Sleep Talk
|-boost|p2a: Suicune|spa|1
|-boost|p2a: Suicune|spd|1
|
|-heal|p1a: Whimsicott|229\/261|[from] item: Leftovers
|-heal|p2a: Suicune|379\/404 slp|[from] item: Leftovers
|turn|13
|
|move|p1a: Whimsicott|Giga Drain|p2a: Suicune
|-supereffective|p2a: Suicune
|-damage|p2a: Suicune|263\/404 slp
|-heal|p1a: Whimsicott|261\/261|[from] drain|[of] p2a: Suicune
|cant|p2a: Suicune|slp
|move|p2a: Suicune|Sleep Talk|p2a: Suicune
|move|p2a: Suicune|Rest|p2a: Suicune|[from]Sleep Talk
|-fail|p2a: Suicune
|
|-heal|p2a: Suicune|288\/404 slp|[from] item: Leftovers
|turn|14
|
|move|p1a: Whimsicott|Encore|p2a: Suicune
|-start|p2a: Suicune|Encore
|-curestatus|p2a: Suicune|slp
|move|p2a: Suicune|Sleep Talk|p2a: Suicune
|-fail|p2a: Suicune
|
|-heal|p2a: Suicune|313\/404|[from] item: Leftovers
|turn|15
|
|switch|p2a: Trevenant|Trevenant, F, shiny|372\/372
|-damage|p2a: Trevenant|326\/372|[from] Stealth Rock
|move|p1a: Whimsicott|U-turn|p2a: Trevenant
|-damage|p2a: Trevenant|278\/372
|
|switch|p1a: Mienshao|Mienshao, F|271\/271
|-damage|p1a: Mienshao|255\/271|[from] Stealth Rock
|
|turn|16
|
|move|p1a: Mienshao|Knock Off|p2a: Trevenant
|-supereffective|p2a: Trevenant
|-damage|p2a: Trevenant|0 fnt
|-enditem|p2a: Trevenant|Sitrus Berry|[from] move: Knock Off|[of] p1a: Mienshao
|faint|p2a: Trevenant
|
|
|switch|p2a: Suicune|Suicune|313\/404
|-damage|p2a: Suicune|263\/404|[from] Stealth Rock
|-ability|p2a: Suicune|Pressure
|turn|17
|
|switch|p1a: Whimsicott|Whimsicott, F|261\/261
|-damage|p1a: Whimsicott|229\/261|[from] Stealth Rock
|move|p2a: Suicune|Scald|p1a: Whimsicott
|-resisted|p1a: Whimsicott
|-damage|p1a: Whimsicott|174\/261
|
|-heal|p1a: Whimsicott|190\/261|[from] item: Leftovers
|-heal|p2a: Suicune|288\/404|[from] item: Leftovers
|turn|18
|
|move|p1a: Whimsicott|Giga Drain|p2a: Suicune
|-supereffective|p2a: Suicune
|-damage|p2a: Suicune|112\/404
|-heal|p1a: Whimsicott|261\/261|[from] drain|[of] p2a: Suicune
|move|p2a: Suicune|Scald|p1a: Whimsicott
|-resisted|p1a: Whimsicott
|-damage|p1a: Whimsicott|211\/261
|-status|p1a: Whimsicott|brn
|
|-heal|p1a: Whimsicott|227\/261 brn|[from] item: Leftovers
|-heal|p2a: Suicune|137\/404|[from] item: Leftovers
|-damage|p1a: Whimsicott|195\/261 brn|[from] brn
|turn|19
|
|switch|p2a: Blissey|Blissey, F|651\/651
|-damage|p2a: Blissey|570\/651|[from] Stealth Rock
|move|p1a: Whimsicott|U-turn|p2a: Blissey
|-damage|p2a: Blissey|535\/651
|
|switch|p1a: Alakazam|Alakazam, M|252\/252
|
|-heal|p2a: Blissey|575\/651|[from] item: Leftovers
|turn|20
|
|move|p1a: Alakazam|Calm Mind|p1a: Alakazam
|-boost|p1a: Alakazam|spa|1
|-boost|p1a: Alakazam|spd|1
|move|p2a: Blissey|Wish|p2a: Blissey
|
|-heal|p2a: Blissey|615\/651|[from] item: Leftovers
|turn|21
|
|switch|p2a: Metagross|Metagross|302\/302
|-damage|p2a: Metagross|284\/302|[from] Stealth Rock
|move|p1a: Alakazam|Calm Mind|p1a: Alakazam
|-boost|p1a: Alakazam|spa|1
|-boost|p1a: Alakazam|spd|1
|
|-heal|p2a: Metagross|302\/302|[from] move: Wish|[wisher] Blissey
|turn|22
|
|detailschange|p1a: Alakazam|Alakazam-Mega, M
|message|Alakazam has Mega Evolved into Mega Alakazam!
|-ability|p1a: Alakazam|Clear Body|[from] ability: Trace|[of] p2a: Metagross
|move|p1a: Alakazam|Shadow Ball|p2a: Metagross
|-crit|p2a: Metagross
|-supereffective|p2a: Metagross
|-damage|p2a: Metagross|0 fnt
|faint|p2a: Metagross
|
|-message|panzy40 forfeited.
|
|win|some weird shit
|raw|Ladder updating...
|leave|panzy40
|player|p2
|raw|some weird shit's rating: 1714 &rarr; <strong>1722<\/strong><br \/>(+8 for winning)
|raw|panzy40's rating: 1462 &rarr; <strong>1455<\/strong><br \/>(-7 for losing)