|join|some weird shit
|join|cheezitsCOD
|player|p1|some weird shit|171
|player|p2|cheezitsCOD|153
|gametype|singles
|gen|6
|tier|UU
|rated
|rule|Sleep Clause Mod: Limit one foe put to sleep
|rule|Species Clause: Limit one of each Pokémon
|rule|OHKO Clause: OHKO moves are banned
|rule|Moody Clause: Moody is banned
|rule|Evasion Moves Clause: Evasion moves are banned
|rule|Endless Battle Clause: Forcing endless battles is banned
|rule|HP Percentage Mod: HP is shown in percentages
|clearpoke
|poke|p1|Beedrill, M
|poke|p1|Magneton
|poke|p1|Hydreigon, M
|poke|p1|Swampert, M
|poke|p1|Virizion
|poke|p1|Crobat, M
|poke|p2|Swampert, F
|poke|p2|Lopunny, M
|poke|p2|Shaymin
|poke|p2|Chandelure, M
|poke|p2|Noivern, M
|poke|p2|Crobat, M
|rule|Swagger Clause: Swagger is banned
|rule|Baton Pass Clause: Limit one Pokémon knowing Baton Pass
|teampreview
|
|start
|switch|p1a: Crobat|Crobat, M|321\/321
|switch|p2a: Brown Rabbit|Lopunny, M|272\/272
|turn|1
|
|detailschange|p2a: Brown Rabbit|Lopunny-Mega, M
|message|Lopunny has Mega Evolved into Mega Lopunny!
|move|p2a: Brown Rabbit|Fake Out|p1a: Crobat
|-damage|p1a: Crobat|233\/321
|move|p1a: Crobat|Brave Bird|p2a: Brown Rabbit
|-supereffective|p2a: Brown Rabbit
|-damage|p2a: Brown Rabbit|0 fnt
|-damage|p1a: Crobat|143\/321|[from] recoil|[of] p2a: Brown Rabbit
|faint|p2a: Brown Rabbit
|
|-heal|p1a: Crobat|163\/321|[from] item: Black Sludge
|
|switch|p2a: Stereo Bat|Noivern, M|312\/312
|-item|p1a: Crobat|Black Sludge|[from] ability: Frisk|[of] p2a: Stereo Bat|[identify]
|turn|2
|join|DatGuyChuck
|join|BatSol
|
|move|p2a: Stereo Bat|Flamethrower|p1a: Crobat
|-damage|p1a: Crobat|48\/321
|move|p1a: Crobat|U-turn|p2a: Stereo Bat
|-crit|p2a: Stereo Bat
|-resisted|p2a: Stereo Bat
|-damage|p2a: Stereo Bat|256\/312
|
|switch|p1a: Swampert|Swampert, M|401\/401
|
|turn|3
|
|switch|p2a: Green Guy|Shaymin|341\/341
|switch|p1a: Crobat|Crobat, M|48\/321
|
|-heal|p1a: Crobat|68\/321|[from] item: Black Sludge
|turn|4
|
|switch|p2a: Blue guy|Swampert, F|392\/392
|move|p1a: Crobat|Brave Bird|p2a: Blue guy
|-damage|p2a: Blue guy|199\/392
|-damage|p1a: Crobat|4\/321|[from] recoil|[of] p2a: Blue guy
|
|-heal|p1a: Crobat|24\/321|[from] item: Black Sludge
|turn|5
|join|Gishni
|
|move|p1a: Crobat|Brave Bird|p2a: Blue guy
|-damage|p2a: Blue guy|10\/392
|-damage|p1a: Crobat|0 fnt|[from] recoil|[of] p2a: Blue guy
|faint|p1a: Crobat
|-enditem|p2a: Blue guy|Sitrus Berry|[eat]
|-heal|p2a: Blue guy|108\/392|[from] item: Sitrus Berry
|move|p2a: Blue guy|Stealth Rock|p1: Crobat
|-sidestart|p1: some weird shit|move: Stealth Rock
|
|
|switch|p1a: Beedrill|Beedrill, M|272\/272
|-damage|p1a: Beedrill|204\/272|[from] Stealth Rock
|turn|6
|
|detailschange|p1a: Beedrill|Beedrill-Mega, M
|message|Beedrill has Mega Evolved into Mega Beedrill!
|move|p1a: Beedrill|U-turn|p2a: Blue guy
|-damage|p2a: Blue guy|0 fnt
|faint|p2a: Blue guy
|
|switch|p1a: Hydreigon|Hydreigon, M|325\/325
|-damage|p1a: Hydreigon|285\/325|[from] Stealth Rock
|
|
|switch|p2a: Stereo Bat|Noivern, M|256\/312
|-item|p1a: Hydreigon|Choice Scarf|[from] ability: Frisk|[of] p2a: Stereo Bat|[identify]
|turn|7
|
|switch|p1a: Magneton|Magneton|261\/261
|-damage|p1a: Magneton|245\/261|[from] Stealth Rock
|move|p2a: Stereo Bat|Draco Meteor|p1a: Magneton
|-resisted|p1a: Magneton
|-damage|p1a: Magneton|160\/261
|-unboost|p2a: Stereo Bat|spa|2
|
|turn|8
|
|switch|p2a: Green Guy|Shaymin|341\/341
|move|p1a: Magneton|Volt Switch|p2a: Green Guy
|-resisted|p2a: Green Guy
|-damage|p2a: Green Guy|275\/341
|
|switch|p1a: Beedrill|Beedrill-Mega, M|204\/272
|-damage|p1a: Beedrill|136\/272|[from] Stealth Rock
|
|-heal|p2a: Green Guy|296\/341|[from] item: Leftovers
|turn|9
|
|switch|p2a: Purple Bat|Crobat, M|312\/312
|move|p1a: Beedrill|Poison Jab|p2a: Purple Bat
|-resisted|p2a: Purple Bat
|-damage|p2a: Purple Bat|191\/312
|
|turn|10
|
|move|p1a: Beedrill|U-turn|p2a: Purple Bat
|-crit|p2a: Purple Bat
|-resisted|p2a: Purple Bat
|-damage|p2a: Purple Bat|108\/312
|
|switch|p1a: Magneton|Magneton|160\/261
|-damage|p1a: Magneton|144\/261|[from] Stealth Rock
|move|p2a: Purple Bat|Brave Bird|p1a: Magneton
|-resisted|p1a: Magneton
|-damage|p1a: Magneton|108\/261
|-damage|p2a: Purple Bat|96\/312|[from] recoil|[of] p1a: Magneton
|
|turn|11
|
|switch|p2a: Green Guy|Shaymin|296\/341
|move|p1a: Magneton|Hidden Power|p2a: Green Guy
|-supereffective|p2a: Green Guy
|-damage|p2a: Green Guy|144\/341
|
|-heal|p2a: Green Guy|165\/341|[from] item: Leftovers
|turn|12
|
|move|p2a: Green Guy|Leech Seed|p1a: Magneton
|-start|p1a: Magneton|move: Leech Seed
|move|p1a: Magneton|Volt Switch|p2a: Green Guy
|-resisted|p2a: Green Guy
|-damage|p2a: Green Guy|96\/341
|
|switch|p1a: Hydreigon|Hydreigon, M|285\/325
|-damage|p1a: Hydreigon|245\/325|[from] Stealth Rock
|
|-heal|p2a: Green Guy|117\/341|[from] item: Leftovers
|turn|13
|leave|Gishni
|
|switch|p2a: Purple Bat|Crobat, M|96\/312
|move|p1a: Hydreigon|Dragon Pulse|p2a: Purple Bat
|-damage|p2a: Purple Bat|0 fnt
|faint|p2a: Purple Bat
|
|
|switch|p2a: Stereo Bat|Noivern, M|256\/312
|-item|p1a: Hydreigon|Choice Scarf|[from] ability: Frisk|[of] p2a: Stereo Bat|[identify]
|turn|14
|
|switch|p1a: Virizion|Virizion|323\/323
|-damage|p1a: Virizion|303\/323|[from] Stealth Rock
|move|p2a: Stereo Bat|Draco Meteor|p1a: Virizion
|-damage|p1a: Virizion|132\/323
|-unboost|p2a: Stereo Bat|spa|2
|
|turn|15
|
|switch|p2a: Purple lamp|Chandelure, M|262\/262
|move|p1a: Virizion|Stone Edge|p2a: Purple lamp
|-supereffective|p2a: Purple lamp
|-damage|p2a: Purple lamp|72\/262
|
|turn|16
|
|move|p2a: Purple lamp|Fire Blast|p1a: Virizion
|-supereffective|p1a: Virizion
|-damage|p1a: Virizion|0 fnt
|faint|p1a: Virizion
|
|
|switch|p1a: Hydreigon|Hydreigon, M|245\/325
|-damage|p1a: Hydreigon|205\/325|[from] Stealth Rock
|turn|17
|
|switch|p2a: Green Guy|Shaymin|117\/341
|move|p1a: Hydreigon|Dragon Pulse|p2a: Green Guy
|-damage|p2a: Green Guy|0 fnt
|faint|p2a: Green Guy
|
|
|switch|p2a: Stereo Bat|Noivern, M|256\/312
|-item|p1a: Hydreigon|Choice Scarf|[from] ability: Frisk|[of] p2a: Stereo Bat|[identify]
|turn|18
|
|switch|p1a: Magneton|Magneton|108\/261
|-damage|p1a: Magneton|92\/261|[from] Stealth Rock
|move|p2a: Stereo Bat|Draco Meteor|p1a: Magneton
|-crit|p1a: Magneton
|-resisted|p1a: Magneton
|-damage|p1a: Magneton|0 fnt
|-unboost|p2a: Stereo Bat|spa|2
|faint|p1a: Magneton
|
|
|switch|p1a: Swampert|Swampert, M|401\/401
|-damage|p1a: Swampert|376\/401|[from] Stealth Rock
|turn|19
|
|switch|p2a: Purple lamp|Chandelure, M|72\/262
|move|p1a: Swampert|Ice Beam|p2a: Purple lamp
|-crit|p2a: Purple lamp
|-resisted|p2a: Purple lamp
|-damage|p2a: Purple lamp|25\/262
|
|-heal|p1a: Swampert|401\/401|[from] item: Leftovers
|turn|20
|
|switch|p1a: Hydreigon|Hydreigon, M|205\/325
|-damage|p1a: Hydreigon|165\/325|[from] Stealth Rock
|move|p2a: Purple lamp|Energy Ball|p1a: Hydreigon
|-resisted|p1a: Hydreigon
|-damage|p1a: Hydreigon|107\/325
|
|turn|21
|
|move|p1a: Hydreigon|Dragon Pulse|p2a: Purple lamp
|-damage|p2a: Purple lamp|0 fnt
|faint|p2a: Purple lamp
|
|
|switch|p2a: Stereo Bat|Noivern, M|256\/312
|-item|p1a: Hydreigon|Choice Scarf|[from] ability: Frisk|[of] p2a: Stereo Bat|[identify]
|turn|22
|
|move|p2a: Stereo Bat|Air Slash|p1a: Hydreigon
|-damage|p1a: Hydreigon|0 fnt
|faint|p1a: Hydreigon
|
|
|switch|p1a: Swampert|Swampert, M|401\/401
|-damage|p1a: Swampert|376\/401|[from] Stealth Rock
|turn|23
|
|move|p2a: Stereo Bat|Air Slash|p1a: Swampert
|-damage|p1a: Swampert|243\/401
|cant|p1a: Swampert|flinch
|
|-heal|p1a: Swampert|268\/401|[from] item: Leftovers
|turn|24
|
|move|p2a: Stereo Bat|Air Slash|p1a: Swampert
|-crit|p1a: Swampert
|-damage|p1a: Swampert|58\/401
|move|p1a: Swampert|Ice Beam|p2a: Stereo Bat
|-supereffective|p2a: Stereo Bat
|-damage|p2a: Stereo Bat|0 fnt
|faint|p2a: Stereo Bat
|
|win|some weird shit
|raw|Ladder updating...
|raw|some weird shit's rating: 1223 &rarr; <strong>1249<\/strong><br \/>(+26 for winning)
|raw|cheezitsCOD's rating: 1242 &rarr; <strong>1215<\/strong><br \/>(-27 for losing)