|join|some weird shit
|join|ChromeAche
|player|p1|some weird shit|171
|player|p2|ChromeAche|221
|gametype|singles
|gen|6
|tier|UU
|rated
|rule|Sleep Clause Mod: Limit one foe put to sleep
|rule|Species Clause: Limit one of each Pokémon
|rule|OHKO Clause: OHKO moves are banned
|rule|Moody Clause: Moody is banned
|rule|Evasion Moves Clause: Evasion moves are banned
|rule|Endless Battle Clause: Forcing endless battles is banned
|rule|HP Percentage Mod: HP is shown in percentages
|clearpoke
|poke|p1|Mienshao, M
|poke|p1|Krookodile, F
|poke|p1|Suicune
|poke|p1|Whimsicott, F
|poke|p1|Golurk
|poke|p1|Alakazam, F
|poke|p2|Lucario, M
|poke|p2|Darmanitan, M
|poke|p2|Bronzong
|poke|p2|Tentacruel, F
|poke|p2|Celebi
|poke|p2|Swampert, F
|rule|Swagger Clause: Swagger is banned
|rule|Baton Pass Clause: Limit one Pokémon knowing Baton Pass
|teampreview
|
|start
|switch|p1a: Golurk|Golurk|379\/379
|switch|p2a: Darmanitan|Darmanitan, M|351\/351
|turn|1
|
|move|p2a: Darmanitan|U-turn|p1a: Golurk
|-resisted|p1a: Golurk
|-damage|p1a: Golurk|329\/379
|
|switch|p2a: Swampert|Swampert, F|404\/404
|move|p1a: Golurk|Dynamic Punch|p2a: Swampert
|-damage|p2a: Swampert|275\/404
|-start|p2a: Swampert|confusion
|
|turn|2
|
|-activate|p2a: Swampert|confusion
|-damage|p2a: Swampert|221\/404|[from] confusion
|move|p1a: Golurk|Stealth Rock|p2a: Swampert
|-sidestart|p2: ChromeAche|move: Stealth Rock
|
|turn|3
|
|switch|p1a: Suicune|Suicune|388\/388
|-ability|p1a: Suicune|Pressure
|-activate|p2a: Swampert|confusion
|move|p2a: Swampert|Waterfall|p1a: Suicune
|-resisted|p1a: Suicune
|-damage|p1a: Suicune|327\/388
|
|-heal|p1a: Suicune|351\/388|[from] item: Leftovers
|turn|4
|
|switch|p1a: Mienshao|Mienshao, M|271\/271
|switch|p2a: Tentacruel|Tentacruel, F|364\/364
|-damage|p2a: Tentacruel|319\/364|[from] Stealth Rock
|
|-heal|p2a: Tentacruel|341\/364|[from] item: Black Sludge
|turn|5
|
|move|p1a: Mienshao|Knock Off|p2a: Tentacruel
|-damage|p2a: Tentacruel|243\/364
|-enditem|p2a: Tentacruel|Black Sludge|[from] move: Knock Off|[of] p1a: Mienshao
|move|p2a: Tentacruel|Rapid Spin|p1a: Mienshao
|-damage|p1a: Mienshao|257\/271
|-sideend|p2: ChromeAche|Stealth Rock|[from] move: Rapid Spin|[of] p2a: Tentacruel
|
|turn|6
|
|switch|p1a: Whimsicott|Whimsicott, F|261\/261
|move|p2a: Tentacruel|Scald|p1a: Whimsicott
|-resisted|p1a: Whimsicott
|-damage|p1a: Whimsicott|209\/261
|
|-heal|p1a: Whimsicott|225\/261|[from] item: Leftovers
|turn|7
|
|move|p1a: Whimsicott|U-turn|p2a: Tentacruel
|-resisted|p2a: Tentacruel
|-damage|p2a: Tentacruel|225\/364
|
|switch|p1a: Krookodile|Krookodile, F|331\/331
|-ability|p1a: Krookodile|Intimidate|[of] p2a: Tentacruel
|-unboost|p2a: Tentacruel|atk|1
|move|p2a: Tentacruel|Sludge Bomb|p1a: Krookodile
|-resisted|p1a: Krookodile
|-damage|p1a: Krookodile|268\/331
|-status|p1a: Krookodile|psn
|
|-damage|p1a: Krookodile|227\/331 psn|[from] psn
|turn|8
|
|switch|p2a: Bronzong|Bronzong|338\/338
|move|p1a: Krookodile|Earthquake|p2a: Bronzong
|-immune|p2a: Bronzong|[msg]
|
|-damage|p1a: Krookodile|186\/331 psn|[from] psn
|turn|9
|
|move|p1a: Krookodile|Taunt|p2a: Bronzong
|-start|p2a: Bronzong|move: Taunt
|cant|p2a: Bronzong|move: Taunt|Stealth Rock
|
|-damage|p1a: Krookodile|145\/331 psn|[from] psn
|turn|10
|
|move|p1a: Krookodile|Knock Off|p2a: Bronzong
|-supereffective|p2a: Bronzong
|-damage|p2a: Bronzong|24\/338
|-enditem|p2a: Bronzong|Leftovers|[from] move: Knock Off|[of] p1a: Krookodile
|move|p2a: Bronzong|Gyro Ball|p1a: Krookodile
|-damage|p1a: Krookodile|0 fnt
|faint|p1a: Krookodile
|
|
|switch|p1a: Mienshao|Mienshao, M|257\/271
|turn|11
|c|★ChromeAche|what where u
|c|★ChromeAche|?
|
|move|p1a: Mienshao|U-turn|p2a: Bronzong
|-damage|p2a: Bronzong|0 fnt
|faint|p2a: Bronzong
|c|★some weird shit|dread plate
|c|★some weird shit|:p
|
|switch|p1a: Golurk|Golurk|329\/379
|
|
|switch|p2a: Celebi|Celebi|341\/341
|turn|12
|
|switch|p1a: Whimsicott|Whimsicott, F|225\/261
|move|p2a: Celebi|Giga Drain|p1a: Whimsicott
|-resisted|p1a: Whimsicott
|-damage|p1a: Whimsicott|133\/261
|-damage|p2a: Celebi|307\/341|[from] item: Life Orb
|
|-heal|p1a: Whimsicott|149\/261|[from] item: Leftovers
|turn|13
|
|move|p1a: Whimsicott|U-turn|p2a: Celebi
|-supereffective|p2a: Celebi
|-damage|p2a: Celebi|163\/341
|
|switch|p1a: Golurk|Golurk|329\/379
|move|p2a: Celebi|Hidden Power|p1a: Golurk
|-damage|p1a: Golurk|242\/379
|-damage|p2a: Celebi|129\/341|[from] item: Life Orb
|
|turn|14
|
|move|p2a: Celebi|Giga Drain|p1a: Golurk
|-supereffective|p1a: Golurk
|-damage|p1a: Golurk|0 fnt
|-heal|p2a: Celebi|250\/341|[from] drain|[of] p1a: Golurk
|-damage|p2a: Celebi|216\/341|[from] item: Life Orb
|faint|p1a: Golurk
|
|
|switch|p1a: Mienshao|Mienshao, M|257\/271
|turn|15
|
|switch|p2a: Tentacruel|Tentacruel, F|225\/364
|move|p1a: Mienshao|U-turn|p2a: Tentacruel
|-resisted|p2a: Tentacruel
|-damage|p2a: Tentacruel|190\/364
|
|switch|p1a: Suicune|Suicune|351\/388
|-ability|p1a: Suicune|Pressure
|
|-heal|p1a: Suicune|375\/388|[from] item: Leftovers
|turn|16
|
|move|p2a: Tentacruel|Toxic Spikes|p1a: Suicune
|-sidestart|p1: some weird shit|move: Toxic Spikes
|move|p1a: Suicune|Substitute|p1a: Suicune
|-start|p1a: Suicune|Substitute
|-damage|p1a: Suicune|278\/388
|
|-heal|p1a: Suicune|302\/388|[from] item: Leftovers
|turn|17
|
|switch|p2a: Celebi|Celebi|216\/341
|move|p1a: Suicune|Scald|p2a: Celebi
|-resisted|p2a: Celebi
|-damage|p2a: Celebi|161\/341
|
|-heal|p1a: Suicune|326\/388|[from] item: Leftovers
|turn|18
|
|move|p2a: Celebi|Giga Drain|p1a: Suicune
|-supereffective|p1a: Suicune
|-end|p1a: Suicune|Substitute
|-heal|p2a: Celebi|210\/341|[from] drain|[of] p1a: Suicune
|-damage|p2a: Celebi|176\/341|[from] item: Life Orb
|move|p1a: Suicune|Ice Beam|p2a: Celebi
|-supereffective|p2a: Celebi
|-damage|p2a: Celebi|0 fnt
|faint|p2a: Celebi
|
|-heal|p1a: Suicune|350\/388|[from] item: Leftovers
|
|switch|p2a: Lucario|Lucario, M|281\/281
|turn|19
|
|move|p2a: Lucario|Nasty Plot|p2a: Lucario
|-boost|p2a: Lucario|spa|2
|move|p1a: Suicune|Scald|p2a: Lucario
|-damage|p2a: Lucario|118\/281
|
|-heal|p1a: Suicune|374\/388|[from] item: Leftovers
|turn|20
|
|switch|p1a: Whimsicott|Whimsicott, F|149\/261
|-status|p1a: Whimsicott|psn
|move|p2a: Lucario|Aura Sphere|p1a: Whimsicott
|-resisted|p1a: Whimsicott
|-damage|p1a: Whimsicott|0 fnt
|faint|p1a: Whimsicott
|
|
|switch|p1a: Alakazam|Alakazam, F|252\/252
|-status|p1a: Alakazam|psn
|turn|21
|
|switch|p2a: Tentacruel|Tentacruel, F|190\/364
|detailschange|p1a: Alakazam|Alakazam-Mega, F
|message|Alakazam has Mega Evolved into Mega Alakazam!
|-ability|p1a: Alakazam|Liquid Ooze|[from] ability: Trace|[of] p2a: Tentacruel
|move|p1a: Alakazam|Psyshock|p2a: Tentacruel
|-supereffective|p2a: Tentacruel
|-damage|p2a: Tentacruel|0 fnt
|faint|p2a: Tentacruel
|
|-damage|p1a: Alakazam|221\/252 psn|[from] psn
|
|switch|p2a: Darmanitan|Darmanitan, M|351\/351
|turn|22
|
|switch|p1a: Mienshao|Mienshao, M|257\/271
|-status|p1a: Mienshao|psn
|move|p2a: Darmanitan|U-turn|p1a: Mienshao
|-resisted|p1a: Mienshao
|-damage|p1a: Mienshao|193\/271 psn
|
|switch|p2a: Swampert|Swampert, F|221\/404
|
|-damage|p1a: Mienshao|160\/271 psn|[from] psn
|turn|23
|
|move|p1a: Mienshao|High Jump Kick|p2a: Swampert
|-damage|p2a: Swampert|0 fnt
|faint|p2a: Swampert
|
|-damage|p1a: Mienshao|127\/271 psn|[from] psn
|
|switch|p2a: Lucario|Lucario, M|118\/281
|turn|24
|
|move|p2a: Lucario|Vacuum Wave|p1a: Mienshao
|-damage|p1a: Mienshao|28\/271 psn
|move|p1a: Mienshao|High Jump Kick|p2a: Lucario
|-supereffective|p2a: Lucario
|-damage|p2a: Lucario|0 fnt
|faint|p2a: Lucario
|
|-damage|p1a: Mienshao|0 fnt|[from] psn
|faint|p1a: Mienshao
|
|switch|p2a: Darmanitan|Darmanitan, M|351\/351
|switch|p1a: Suicune|Suicune|374\/388
|-status|p1a: Suicune|psn
|-ability|p1a: Suicune|Pressure
|turn|25
|join|dynamic testing
|
|move|p2a: Darmanitan|Rock Slide|p1a: Suicune
|-damage|p1a: Suicune|260\/388 psn
|move|p1a: Suicune|Scald|p2a: Darmanitan
|-supereffective|p2a: Darmanitan
|-damage|p2a: Darmanitan|0 fnt
|faint|p2a: Darmanitan
|
|win|some weird shit
|raw|Ladder updating...
|c|★some weird shit|gg
|raw|some weird shit's rating: 1681 &rarr; <strong>1698<\/strong><br \/>(+17 for winning)
|raw|ChromeAche's rating: 1625 &rarr; <strong>1608<\/strong><br \/>(-17 for losing)
|c|★ChromeAche|gg