|join|Wolf Bros
|join|Chillingtilnoon
|player|p1|Wolf Bros|168
|player|p2|Chillingtilnoon|237
|gametype|singles
|gen|6
|tier|OU
|rated
|clearpoke
|poke|p1|Sableye, M
|poke|p1|Excadrill, M
|poke|p1|Manaphy
|poke|p1|Gliscor, F
|poke|p1|Talonflame, M
|poke|p1|Clefable, M
|poke|p2|Dragalge, M
|poke|p2|Starmie
|poke|p2|Clefable, M
|poke|p2|Rotom-Wash
|poke|p2|Medicham, M
|poke|p2|Jirachi
|rule|Swagger Clause: Swagger is banned
|rule|Baton Pass Clause: Limit one Pokémon knowing Baton Pass
|rule|Sleep Clause Mod: Limit one foe put to sleep
|rule|Species Clause: Limit one of each Pokémon
|rule|OHKO Clause: OHKO moves are banned
|rule|Moody Clause: Moody is banned
|rule|Evasion Moves Clause: Evasion moves are banned
|rule|Endless Battle Clause: Forcing endless battles is banned
|rule|HP Percentage Mod: HP is shown in percentages
|teampreview
|c|★Chillingtilnoon|oh such originality
|c|★Chillingtilnoon|gl
|
|start
|switch|p1a: Sableye|Sableye, M|303\/303
|switch|p2a: Lol Balance|Dragalge, M|303\/303
|turn|1
|
|detailschange|p1a: Sableye|Sableye-Mega, M
|-mega|p1a: Sableye|Sableye|Sablenite
|move|p2a: Lol Balance|Draco Meteor|p1a: Sableye
|-damage|p1a: Sableye|135\/303
|-unboost|p2a: Lol Balance|spa|2
|move|p1a: Sableye|Knock Off|p2a: Lol Balance
|-damage|p2a: Lol Balance|188\/303
|-enditem|p2a: Lol Balance|Black Sludge|[from] move: Knock Off|[of] p1a: Sableye
|
|turn|2
|
|switch|p2a: Moons|Clefable, M|394\/394
|move|p1a: Sableye|Recover|p1a: Sableye
|-heal|p1a: Sableye|287\/303
|
|turn|3
|
|switch|p2a: Stars|Starmie|268\/268
|move|p1a: Sableye|Knock Off|p2a: Stars
|-supereffective|p2a: Stars
|-damage|p2a: Stars|44\/268
|-enditem|p2a: Stars|Life Orb|[from] move: Knock Off|[of] p1a: Sableye
|
|turn|4
|c|★Wolf Bros|oh such plays
|
|move|p2a: Stars|Hydro Pump|p1a: Sableye
|-damage|p1a: Sableye|184\/303
|move|p1a: Sableye|Knock Off|p2a: Stars
|-supereffective|p2a: Stars
|-damage|p2a: Stars|0 fnt
|faint|p2a: Stars
|
|
|switch|p2a: Yes Not gallade|Medicham, M|261\/261
|turn|5
|c|★Chillingtilnoon|wait wtf
|c|★Chillingtilnoon|i  went out to clef
|c|★Chillingtilnoon|but ok
|c|★Wolf Bros|:(
|
|switch|p2a: Yes not Aegis|Jirachi|404\/404
|move|p1a: Sableye|Will-O-Wisp|p2a: Yes not Aegis
|-status|p2a: Yes not Aegis|brn
|
|-damage|p2a: Yes not Aegis|354\/404 brn|[from] brn
|turn|6
|
|move|p2a: Yes not Aegis|U-turn|p1a: Sableye
|-damage|p1a: Sableye|160\/303
|
|switch|p2a: Moons|Clefable, M|394\/394
|move|p1a: Sableye|Recover|p1a: Sableye
|-heal|p1a: Sableye|303\/303
|
|turn|7
|
|switch|p1a: Excadrill|Excadrill, M|424\/424
|-ability|p1a: Excadrill|Mold Breaker
|move|p2a: Moons|Moonblast|p1a: Excadrill
|-resisted|p1a: Excadrill
|-damage|p1a: Excadrill|373\/424
|
|-heal|p1a: Excadrill|399\/424|[from] item: Leftovers
|turn|8
|
|switch|p2a: Yes not Aegis|Jirachi|354\/404 brn
|move|p1a: Excadrill|Earthquake|p2a: Yes not Aegis
|-supereffective|p2a: Yes not Aegis
|-damage|p2a: Yes not Aegis|58\/404 brn
|
|-heal|p2a: Yes not Aegis|83\/404 brn|[from] item: Leftovers
|-heal|p1a: Excadrill|424\/424|[from] item: Leftovers
|-damage|p2a: Yes not Aegis|33\/404 brn|[from] brn
|turn|9
|
|move|p2a: Yes not Aegis|Stealth Rock|p1a: Excadrill
|-sidestart|p1: Wolf Bros|move: Stealth Rock
|move|p1a: Excadrill|Earthquake|p2a: Yes not Aegis
|-supereffective|p2a: Yes not Aegis
|-damage|p2a: Yes not Aegis|0 fnt
|faint|p2a: Yes not Aegis
|
|
|switch|p2a: Lol Burds|Rotom-Wash|304\/304
|turn|10
|
|move|p2a: Lol Burds|Hydro Pump|p1a: Excadrill
|-supereffective|p1a: Excadrill
|-damage|p1a: Excadrill|160\/424
|move|p1a: Excadrill|Rapid Spin|p2a: Lol Burds
|-damage|p2a: Lol Burds|290\/304
|-sideend|p1: Wolf Bros|Stealth Rock|[from] move: Rapid Spin|[of] p1a: Excadrill
|
|-heal|p2a: Lol Burds|304\/304|[from] item: Leftovers
|-heal|p1a: Excadrill|186\/424|[from] item: Leftovers
|turn|11
|
|switch|p1a: Sableye|Sableye-Mega, M|303\/303
|move|p2a: Lol Burds|Hydro Pump|p1a: Sableye
|-damage|p1a: Sableye|209\/303
|
|turn|12
|
|move|p2a: Lol Burds|Hydro Pump|p1a: Sableye
|-damage|p1a: Sableye|122\/303
|move|p1a: Sableye|Knock Off|p2a: Lol Burds
|-damage|p2a: Lol Burds|231\/304
|-enditem|p2a: Lol Burds|Leftovers|[from] move: Knock Off|[of] p1a: Sableye
|
|turn|13
|
|move|p2a: Lol Burds|Volt Switch|p1a: Sableye
|-damage|p1a: Sableye|61\/303
|
|switch|p2a: Moons|Clefable, M|394\/394
|move|p1a: Sableye|Recover|p1a: Sableye
|-heal|p1a: Sableye|213\/303
|
|turn|14
|
|switch|p1a: Gliscor|Gliscor, F|353\/353
|move|p2a: Moons|Moonblast|p1a: Gliscor
|-damage|p1a: Gliscor|206\/353
|
|-status|p1a: Gliscor|tox|[from] item: Toxic Orb
|turn|15
|
|move|p1a: Gliscor|Stealth Rock|p2a: Moons
|-sidestart|p2: Chillingtilnoon|move: Stealth Rock
|move|p2a: Moons|Moonblast|p1a: Gliscor
|-damage|p1a: Gliscor|59\/353 tox
|
|-heal|p1a: Gliscor|103\/353 tox|[from] ability: Poison Heal
|turn|16
|
|move|p1a: Gliscor|U-turn|p2a: Moons
|-resisted|p2a: Moons
|-damage|p2a: Moons|367\/394
|
|switch|p1a: Talonflame|Talonflame, M|345\/345
|move|p2a: Moons|Moonblast|p1a: Talonflame
|-resisted|p1a: Talonflame
|-damage|p1a: Talonflame|267\/345
|-unboost|p1a: Talonflame|spa|1
|
|-heal|p1a: Talonflame|288\/345|[from] item: Leftovers
|-heal|p2a: Moons|391\/394|[from] item: Leftovers
|turn|17
|
|move|p1a: Talonflame|Will-O-Wisp|p2a: Moons
|-status|p2a: Moons|brn
|move|p2a: Moons|Moonblast|p1a: Talonflame
|-resisted|p1a: Talonflame
|-damage|p1a: Talonflame|220\/345
|
|-heal|p1a: Talonflame|241\/345|[from] item: Leftovers
|-heal|p2a: Moons|394\/394 brn|[from] item: Leftovers
|-damage|p2a: Moons|345\/394 brn|[from] brn
|turn|18
|
|move|p1a: Talonflame|Taunt|p2a: Moons
|-start|p2a: Moons|move: Taunt
|cant|p2a: Moons|move: Taunt|Aromatherapy
|
|-heal|p1a: Talonflame|262\/345|[from] item: Leftovers
|-heal|p2a: Moons|369\/394 brn|[from] item: Leftovers
|-damage|p2a: Moons|320\/394 brn|[from] brn
|turn|19
|
|move|p1a: Talonflame|Will-O-Wisp|p2a: Moons
|-fail|p2a: Moons|brn
|move|p2a: Moons|Moonblast|p1a: Talonflame
|-resisted|p1a: Talonflame
|-damage|p1a: Talonflame|194\/345
|
|-heal|p1a: Talonflame|215\/345|[from] item: Leftovers
|-heal|p2a: Moons|344\/394 brn|[from] item: Leftovers
|-damage|p2a: Moons|295\/394 brn|[from] brn
|turn|20
|
|move|p1a: Talonflame|Roost|p1a: Talonflame
|-heal|p1a: Talonflame|345\/345
|move|p2a: Moons|Moonblast|p1a: Talonflame
|-resisted|p1a: Talonflame
|-damage|p1a: Talonflame|267\/345
|
|-heal|p1a: Talonflame|288\/345|[from] item: Leftovers
|-heal|p2a: Moons|319\/394 brn|[from] item: Leftovers
|-damage|p2a: Moons|270\/394 brn|[from] brn
|-end|p2a: Moons|move: Taunt
|turn|21
|
|switch|p2a: Lol Burds|Rotom-Wash|231\/304
|-damage|p2a: Lol Burds|193\/304|[from] Stealth Rock
|move|p1a: Talonflame|Will-O-Wisp|p2a: Lol Burds
|-status|p2a: Lol Burds|brn
|
|-heal|p1a: Talonflame|309\/345|[from] item: Leftovers
|-damage|p2a: Lol Burds|155\/304 brn|[from] brn
|turn|22
|
|switch|p1a: Gliscor|Gliscor, F|103\/353 tox
|move|p2a: Lol Burds|Pain Split|p1a: Gliscor
|-sethp|p1a: Gliscor|129\/353 tox|p2a: Lol Burds|129\/304 brn|[from] move: Pain Split
|
|-heal|p1a: Gliscor|173\/353 tox|[from] ability: Poison Heal
|-damage|p2a: Lol Burds|91\/304 brn|[from] brn
|turn|23
|
|move|p1a: Gliscor|U-turn|p2a: Lol Burds
|-damage|p2a: Lol Burds|52\/304 brn
|
|switch|p1a: Excadrill|Excadrill, M|186\/424
|-ability|p1a: Excadrill|Mold Breaker
|move|p2a: Lol Burds|Hydro Pump|p1a: Excadrill
|-crit|p1a: Excadrill
|-supereffective|p1a: Excadrill
|-damage|p1a: Excadrill|0 fnt
|faint|p1a: Excadrill
|
|-damage|p2a: Lol Burds|14\/304 brn|[from] brn
|
|switch|p1a: Talonflame|Talonflame, M|309\/345
|turn|24
|
|move|p1a: Talonflame|Brave Bird|p2a: Lol Burds
|-resisted|p2a: Lol Burds
|-damage|p2a: Lol Burds|0 fnt
|-damage|p1a: Talonflame|304\/345|[from] recoil|[of] p2a: Lol Burds
|faint|p2a: Lol Burds
|
|-heal|p1a: Talonflame|325\/345|[from] item: Leftovers
|
|switch|p2a: Lol Balance|Dragalge, M|188\/303
|-damage|p2a: Lol Balance|151\/303|[from] Stealth Rock
|turn|25
|
|move|p1a: Talonflame|Brave Bird|p2a: Lol Balance
|-damage|p2a: Lol Balance|0 fnt
|-damage|p1a: Talonflame|275\/345|[from] recoil|[of] p2a: Lol Balance
|faint|p2a: Lol Balance
|
|-heal|p1a: Talonflame|296\/345|[from] item: Leftovers
|
|switch|p2a: Moons|Clefable, M|270\/394 brn
|-damage|p2a: Moons|221\/394 brn|[from] Stealth Rock
|turn|26
|
|move|p1a: Talonflame|Taunt|p2a: Moons
|-start|p2a: Moons|move: Taunt
|move|p2a: Moons|Moonblast|p1a: Talonflame
|-resisted|p1a: Talonflame
|-damage|p1a: Talonflame|219\/345
|-unboost|p1a: Talonflame|spa|1
|
|-heal|p1a: Talonflame|240\/345|[from] item: Leftovers
|-heal|p2a: Moons|245\/394 brn|[from] item: Leftovers
|-damage|p2a: Moons|196\/394 brn|[from] brn
|turn|27
|
|move|p1a: Talonflame|Roost|p1a: Talonflame
|-heal|p1a: Talonflame|345\/345
|move|p2a: Moons|Moonblast|p1a: Talonflame
|-resisted|p1a: Talonflame
|-damage|p1a: Talonflame|269\/345
|-unboost|p1a: Talonflame|spa|1
|
|-heal|p1a: Talonflame|290\/345|[from] item: Leftovers
|-heal|p2a: Moons|220\/394 brn|[from] item: Leftovers
|-damage|p2a: Moons|171\/394 brn|[from] brn
|turn|28
|
|move|p1a: Talonflame|Roost|p1a: Talonflame
|-heal|p1a: Talonflame|345\/345
|move|p2a: Moons|Moonblast|p1a: Talonflame
|-resisted|p1a: Talonflame
|-damage|p1a: Talonflame|270\/345
|
|-heal|p1a: Talonflame|291\/345|[from] item: Leftovers
|-heal|p2a: Moons|195\/394 brn|[from] item: Leftovers
|-damage|p2a: Moons|146\/394 brn|[from] brn
|-end|p2a: Moons|move: Taunt
|turn|29
|
|move|p1a: Talonflame|Taunt|p2a: Moons
|-start|p2a: Moons|move: Taunt
|cant|p2a: Moons|move: Taunt|Wish
|
|-heal|p1a: Talonflame|312\/345|[from] item: Leftovers
|-heal|p2a: Moons|170\/394 brn|[from] item: Leftovers
|-damage|p2a: Moons|121\/394 brn|[from] brn
|turn|30
|
|move|p1a: Talonflame|Brave Bird|p2a: Moons
|-damage|p2a: Moons|0 fnt
|-damage|p1a: Talonflame|272\/345|[from] recoil|[of] p2a: Moons
|faint|p2a: Moons
|
|-heal|p1a: Talonflame|293\/345|[from] item: Leftovers
|
|switch|p2a: Yes Not gallade|Medicham, M|261\/261
|-damage|p2a: Yes Not gallade|245\/261|[from] Stealth Rock
|turn|31
|c|★Wolf Bros|such toughness
|
|detailschange|p2a: Yes Not gallade|Medicham-Mega, M
|-mega|p2a: Yes Not gallade|Medicham|Medichamite
|move|p1a: Talonflame|Brave Bird|p2a: Yes Not gallade
|-supereffective|p2a: Yes Not gallade
|-damage|p2a: Yes Not gallade|0 fnt
|-damage|p1a: Talonflame|212\/345|[from] recoil|[of] p2a: Yes Not gallade
|faint|p2a: Yes Not gallade
|
|win|Wolf Bros
|raw|Ladder updating...
|raw|Wolf Bros's rating: 1616 &rarr; <strong>1633<\/strong><br \/>(+17 for winning)
|raw|Chillingtilnoon's rating: 1558 &rarr; <strong>1541<\/strong><br \/>(-17 for losing)
|c|★Chillingtilnoon|lol such mu
|c|★Wolf Bros|so hard
|c|★Wolf Bros|game
|c|★Wolf Bros|to win
|c|★Chillingtilnoon|lol