|join|abcdefghitony
|join|rogernadal
|player|p1|abcdefghitony|266
|player|p2|rogernadal|169
|gametype|singles
|gen|6
|tier|OU
|rated
|clearpoke
|poke|p1|Latias, F
|poke|p1|Slowbro, M
|poke|p1|Talonflame, F
|poke|p1|Beedrill, M
|poke|p1|Heatran, M
|poke|p1|Diggersby, M
|poke|p2|Gyarados, M
|poke|p2|Clefable, M
|poke|p2|Raikou
|poke|p2|Heatran, F
|poke|p2|Scizor, M
|poke|p2|Keldeo-Resolute
|rule|Swagger Clause: Swagger is banned
|rule|Baton Pass Clause: Limit one Pokémon knowing Baton Pass
|rule|Sleep Clause Mod: Limit one foe put to sleep
|rule|Species Clause: Limit one of each Pokémon
|rule|OHKO Clause: OHKO moves are banned
|rule|Moody Clause: Moody is banned
|rule|Evasion Moves Clause: Evasion moves are banned
|rule|Endless Battle Clause: Forcing endless battles is banned
|rule|HP Percentage Mod: HP is shown in percentages
|teampreview
|
|start
|switch|p1a: Diggersby|Diggersby, M|311\/311
|switch|p2a: Keldeo-Resolute|Keldeo-Resolute|323\/323
|turn|1
|
|move|p2a: Keldeo-Resolute|Scald|p1a: Diggersby
|-supereffective|p1a: Diggersby
|-damage|p1a: Diggersby|0 fnt
|faint|p1a: Diggersby
|
|
|switch|p1a: Slowbro|Slowbro, M|394\/394
|turn|2
|
|switch|p2a: Raikou|Raikou|321\/321
|-ability|p2a: Raikou|Pressure
|move|p1a: Slowbro|Toxic|p2a: Raikou
|-status|p2a: Raikou|tox
|
|-damage|p2a: Raikou|301\/321 tox|[from] psn
|turn|3
|
|switch|p1a: Heatran|Heatran, M|386\/386
|move|p2a: Raikou|Volt Switch|p1a: Heatran
|-damage|p1a: Heatran|311\/386
|
|switch|p2a: Gyarados|Gyarados, M|333\/333
|-ability|p2a: Gyarados|Intimidate|[of] p1a: Heatran
|-unboost|p1a: Heatran|atk|1
|
|-heal|p1a: Heatran|335\/386|[from] item: Leftovers
|turn|4
|
|move|p2a: Gyarados|Waterfall|p1a: Heatran
|-supereffective|p1a: Heatran
|-damage|p1a: Heatran|75\/386
|move|p1a: Heatran|Stealth Rock|p2a: Gyarados
|-sidestart|p2: rogernadal|move: Stealth Rock
|
|-heal|p1a: Heatran|99\/386|[from] item: Leftovers
|turn|5
|
|switch|p1a: Slowbro|Slowbro, M|394\/394
|move|p2a: Gyarados|Crunch|p1a: Slowbro
|-supereffective|p1a: Slowbro
|-damage|p1a: Slowbro|274\/394
|-unboost|p1a: Slowbro|def|1
|
|-heal|p1a: Slowbro|298\/394|[from] item: Leftovers
|turn|6
|
|detailschange|p2a: Gyarados|Gyarados-Mega, M
|message|Gyarados has Mega Evolved into Mega Gyarados!
|-ability|p2a: Gyarados|Mold Breaker
|move|p2a: Gyarados|Crunch|p1a: Slowbro
|-supereffective|p1a: Slowbro
|-damage|p1a: Slowbro|0 fnt
|faint|p1a: Slowbro
|
|
|switch|p1a: Beedrill|Beedrill, M|271\/271
|turn|7
|
|detailschange|p1a: Beedrill|Beedrill-Mega, M
|message|Beedrill has Mega Evolved into Mega Beedrill!
|move|p1a: Beedrill|Protect|p1a: Beedrill
|-singleturn|p1a: Beedrill|Protect
|move|p2a: Gyarados|Dragon Dance|p2a: Gyarados
|-boost|p2a: Gyarados|atk|1
|-boost|p2a: Gyarados|spe|1
|
|turn|8
|
|move|p2a: Gyarados|Waterfall|p1a: Beedrill
|-damage|p1a: Beedrill|0 fnt
|faint|p1a: Beedrill
|
|join|beppityboopbop
|-message|abcdefghitony forfeited.
|
|win|rogernadal
|raw|Ladder updating...
|leave|abcdefghitony
|player|p1