|join|Rob
|join|abcdefghitony
|player|p1|Rob|146
|player|p2|abcdefghitony|76
|gametype|singles
|gen|6
|tier|OU
|clearpoke
|poke|p1|Metagross
|poke|p1|Crawdaunt, M
|poke|p1|Bisharp, F
|poke|p1|Heatran, M
|poke|p1|Latios, M
|poke|p1|Tornadus-Therian, M
|poke|p2|Gardevoir, F
|poke|p2|Infernape, M
|poke|p2|Landorus-Therian, M
|poke|p2|Slowbro, F
|poke|p2|Ferrothorn, M
|poke|p2|Scizor, F
|rule|Swagger Clause: Swagger is banned
|rule|Baton Pass Clause: Limit one Pokémon knowing Baton Pass
|rule|Sleep Clause Mod: Limit one foe put to sleep
|rule|Species Clause: Limit one of each Pokémon
|rule|OHKO Clause: OHKO moves are banned
|rule|Moody Clause: Moody is banned
|rule|Evasion Moves Clause: Evasion moves are banned
|rule|Endless Battle Clause: Forcing endless battles is banned
|rule|HP Percentage Mod: HP is shown in percentages
|teampreview
|join|BigBoyCupcakes
|c|★abcdefghitony|hello gl
|join|Invok3r
|c|★Rob|HF
|c| Invok3r|hey rob is that the team ur building for wcar
|
|start
|switch|p1a: NIGGA WHAT|Tornadus-Therian, M|299\/299
|switch|p2a: Gardevoir|Gardevoir, F|277\/277
|-ability|p2a: Gardevoir|Regenerator|[from] ability: Trace|[of] p1a: NIGGA WHAT
|turn|1
|c|★Rob|who is wcar
|c| Invok3r|wecameasromans
|join|Sonic Thunder
|c| Invok3r|he requested a core of bish and crawdaunt
|c|★Rob|will hyper kill with vesT?
|join|Vrin
|c| Invok3r|no
|c| Invok3r|torn is bulkE
|c|★abcdefghitony|nope
|c|★Rob|nope its litt
|
|detailschange|p2a: Gardevoir|Gardevoir-Mega, F
|-mega|p2a: Gardevoir|Gardevoir|Gardevoirite
|move|p1a: NIGGA WHAT|Hurricane|p2a: Gardevoir
|-damage|p2a: Gardevoir|86\/277
|-start|p2a: Gardevoir|confusion
|-damage|p1a: NIGGA WHAT|270\/299|[from] item: Life Orb
|-activate|p2a: Gardevoir|confusion
|-damage|p2a: Gardevoir|52\/277|[from] confusion
|
|turn|2
|c|★Rob|o wow
|c| Vrin|#hax
|c|★abcdefghitony|welp
|c|★Rob|sorry
|c| Invok3r|:[
|c|★Rob|did u use focus blas
|c| Invok3r|at least you didnt crit him
|leave|Invok3r
|c|★Rob|i was hopin he lead with the monkaty
|
|switch|p2a: Ferrothorn|Ferrothorn, M|352\/352
|move|p1a: NIGGA WHAT|Knock Off|p2a: Ferrothorn
|-damage|p2a: Ferrothorn|271\/352
|-damage|p1a: NIGGA WHAT|233\/299|[from] ability: Iron Barbs|[of] p2a: Ferrothorn
|-enditem|p2a: Ferrothorn|Leftovers|[from] move: Knock Off|[of] p1a: NIGGA WHAT
|-damage|p1a: NIGGA WHAT|204\/299|[from] item: Life Orb
|
|turn|3
|
|move|p1a: NIGGA WHAT|Heat Wave|p2a: Ferrothorn
|-supereffective|p2a: Ferrothorn
|-damage|p2a: Ferrothorn|0 fnt
|-damage|p1a: NIGGA WHAT|175\/299|[from] item: Life Orb
|faint|p2a: Ferrothorn
|
|
|switch|p2a: Landorus-Therian|Landorus-Therian, M|337\/337
|-ability|p2a: Landorus-Therian|Intimidate|[of] p1a: NIGGA WHAT
|-unboost|p1a: NIGGA WHAT|atk|1
|turn|4
|
|switch|p1a: SO ICY INC $$|Latios, M|299\/299
|move|p2a: Landorus-Therian|U-turn|p1a: SO ICY INC $$
|-supereffective|p1a: SO ICY INC $$
|-damage|p1a: SO ICY INC $$|67\/299
|
|switch|p2a: Scizor|Scizor, F|344\/344
|
|turn|5
|
|move|p1a: SO ICY INC $$|Roost|p1a: SO ICY INC $$
|-heal|p1a: SO ICY INC $$|217\/299
|move|p2a: Scizor|U-turn|p1a: SO ICY INC $$
|-supereffective|p1a: SO ICY INC $$
|-damage|p1a: SO ICY INC $$|0 fnt
|faint|p1a: SO ICY INC $$
|
|switch|p2a: Landorus-Therian|Landorus-Therian, M|337\/337
|
|
|switch|p1a: BIG GUCCI $$|Crawdaunt, M|267\/267
|turn|6
|join|QuagGod
|
|move|p1a: BIG GUCCI $$|Aqua Jet|p2a: Landorus-Therian
|-supereffective|p2a: Landorus-Therian
|-damage|p2a: Landorus-Therian|67\/337
|-damage|p1a: BIG GUCCI $$|241\/267|[from] item: Life Orb
|move|p2a: Landorus-Therian|U-turn|p1a: BIG GUCCI $$
|-supereffective|p1a: BIG GUCCI $$
|-damage|p1a: BIG GUCCI $$|33\/267
|
|switch|p2a: Scizor|Scizor, F|344\/344
|
|turn|7
|
|switch|p1a: NIGGA WHAT|Tornadus-Therian, M|274\/299
|move|p2a: Scizor|Bullet Punch|p1a: NIGGA WHAT
|-damage|p1a: NIGGA WHAT|165\/299
|
|turn|8
|c| QuagGod|best nicknames imo
|
|switch|p2a: Slowbro|Slowbro, F|385\/385
|move|p1a: NIGGA WHAT|Hurricane|p2a: Slowbro
|-damage|p2a: Slowbro|124\/385
|-damage|p1a: NIGGA WHAT|136\/299|[from] item: Life Orb
|
|-heal|p2a: Slowbro|148\/385|[from] item: Leftovers
|turn|9
|c|★abcdefghitony|got nothing for this mon
|c|★Rob|is that mega
|
|move|p1a: NIGGA WHAT|Knock Off|p2a: Slowbro
|-supereffective|p2a: Slowbro
|-damage|p2a: Slowbro|2\/385
|-enditem|p2a: Slowbro|Leftovers|[from] move: Knock Off|[of] p1a: NIGGA WHAT
|-damage|p1a: NIGGA WHAT|107\/299|[from] item: Life Orb
|move|p2a: Slowbro|Psyshock|p1a: NIGGA WHAT
|-damage|p1a: NIGGA WHAT|0 fnt
|faint|p1a: NIGGA WHAT
|
|c|★Rob|ok
|c|★Rob|lmao
|c| QuagGod|lol
|
|switch|p1a: TITY BOI|Heatran, M|323\/323
|turn|10
|join|Reverend
|
|switch|p2a: Gardevoir|Gardevoir-Mega, F|52\/277
|move|p1a: TITY BOI|Stealth Rock|p2a: Gardevoir
|-sidestart|p2: abcdefghitony|move: Stealth Rock
|
|turn|11
|c|★Rob|need some residuals
|leave|Vrin
|join|Vrin
|
|switch|p1a: BIG GUCCI $$|Crawdaunt, M|33\/267
|move|p2a: Gardevoir|Focus Blast|p1a: BIG GUCCI $$
|-supereffective|p1a: BIG GUCCI $$
|-damage|p1a: BIG GUCCI $$|0 fnt
|faint|p1a: BIG GUCCI $$
|
|leave|Reverend
|
|switch|p1a: RIDE WIT ME|Metagross|301\/301
|turn|12
|
|detailschange|p1a: RIDE WIT ME|Metagross-Mega
|-mega|p1a: RIDE WIT ME|Metagross|Metagrossite
|move|p2a: Gardevoir|Will-O-Wisp|p1a: RIDE WIT ME
|-status|p1a: RIDE WIT ME|brn
|move|p1a: RIDE WIT ME|Meteor Mash|p2a: Gardevoir
|-supereffective|p2a: Gardevoir
|-damage|p2a: Gardevoir|0 fnt
|faint|p2a: Gardevoir
|
|-damage|p1a: RIDE WIT ME|264\/301 brn|[from] brn
|c|★Rob|o shit
|c|★Rob|im scared now
|
|switch|p2a: Landorus-Therian|Landorus-Therian, M|67\/337
|-damage|p2a: Landorus-Therian|25\/337|[from] Stealth Rock
|-ability|p2a: Landorus-Therian|Intimidate|[of] p1a: RIDE WIT ME
|-unboost|p1a: RIDE WIT ME|atk|1
|turn|13
|
|move|p2a: Landorus-Therian|Earthquake|p1a: RIDE WIT ME
|-supereffective|p1a: RIDE WIT ME
|-damage|p1a: RIDE WIT ME|0 fnt
|faint|p1a: RIDE WIT ME
|
|c|★Rob|pls survive baby
|c|★Rob|dam
|
|switch|p1a: WEEZY F BABY|Bisharp, F|269\/269
|turn|14
|
|move|p1a: WEEZY F BABY|Sucker Punch|p2a: Landorus-Therian
|-damage|p2a: Landorus-Therian|0 fnt
|-damage|p1a: WEEZY F BABY|243\/269|[from] item: Life Orb
|faint|p2a: Landorus-Therian
|
|c|★Rob|WEEZY!
|
|switch|p2a: Infernape|Infernape, M|293\/293
|-damage|p2a: Infernape|257\/293|[from] Stealth Rock
|turn|15
|
|move|p2a: Infernape|Close Combat|p1a: WEEZY F BABY
|-supereffective|p1a: WEEZY F BABY
|-damage|p1a: WEEZY F BABY|0 fnt
|-unboost|p2a: Infernape|def|1
|-unboost|p2a: Infernape|spd|1
|-damage|p2a: Infernape|228\/293|[from] item: Life Orb
|faint|p1a: WEEZY F BABY
|
|
|switch|p1a: TITY BOI|Heatran, M|323\/323
|turn|16
|c|★Rob|fck
|c|★Rob|gg
|
|move|p2a: Infernape|Close Combat|p1a: TITY BOI
|-supereffective|p1a: TITY BOI
|-enditem|p1a: TITY BOI|Chople Berry|[eat]
|-damage|p1a: TITY BOI|124\/323
|-unboost|p2a: Infernape|def|1
|-unboost|p2a: Infernape|spd|1
|-damage|p2a: Infernape|199\/293|[from] item: Life Orb
|move|p1a: TITY BOI|Earth Power|p2a: Infernape
|-supereffective|p2a: Infernape
|-damage|p2a: Infernape|0 fnt
|faint|p2a: Infernape
|
|
|switch|p2a: Slowbro|Slowbro, F|130\/385
|-damage|p2a: Slowbro|82\/385|[from] Stealth Rock
|turn|17
|c|★Rob|PLS HIT THIS
|c|★Rob|LETS GET IT
|c| QuagGod|lgi
|c|★abcdefghitony|yo quaf were u afk
|c|★abcdefghitony|quag
|c| QuagGod|yeah
|
|switch|p2a: Scizor|Scizor, F|344\/344
|-damage|p2a: Scizor|301\/344|[from] Stealth Rock
|move|p1a: TITY BOI|Earth Power|p2a: Scizor
|-damage|p2a: Scizor|166\/344
|-unboost|p2a: Scizor|spd|1
|
|-heal|p2a: Scizor|187\/344|[from] item: Leftovers
|turn|18
|c| QuagGod|and when i came back my comp restarted for an installation so :\/
|c|★abcdefghitony|ah
|
|move|p1a: TITY BOI|Magma Storm|p2a: Scizor
|-supereffective|p2a: Scizor
|-damage|p2a: Scizor|0 fnt
|faint|p2a: Scizor
|
|c|★abcdefghitony|sorry man i wasnt down to wait
|
|switch|p2a: Slowbro|Slowbro, F|210\/385
|-damage|p2a: Slowbro|162\/385|[from] Stealth Rock
|turn|19
|c| QuagGod|watch this epower crit
|c| QuagGod|watch
|c|★Rob|DAMN
|c|★Rob|NIGGA
|c|★Rob|TITY BOI
|c|★Rob|PULL THRU
|
|move|p1a: TITY BOI|Earth Power|p2a: Slowbro
|-damage|p2a: Slowbro|45\/385
|move|p2a: Slowbro|Scald|p1a: TITY BOI
|-supereffective|p1a: TITY BOI
|-damage|p1a: TITY BOI|0 fnt
|faint|p1a: TITY BOI
|
|win|abcdefghitony
|c|★Rob|dam
|c|★abcdefghitony|gg
|c|★Rob|gg
|leave|Rob
|leave|abcdefghitony
|player|p1
|c| QuagGod|lol gg
|player|p2
|leave|Vrin
|leave|QuagGod
|leave|BigBoyCupcakes