|join|nabilla the angel
|join|cifra00
|player|p1|nabilla the angel|100
|player|p2|cifra00|265
|gametype|singles
|gen|6
|tier|OU
|rated
|clearpoke
|poke|p1|Charizard, F
|poke|p1|Tentacruel, M
|poke|p1|Tyranitar, M
|poke|p1|Hippowdon, M
|poke|p1|Ferrothorn, F
|poke|p1|Latios, M
|poke|p2|Skarmory, M
|poke|p2|Heatran, F
|poke|p2|Chansey, F
|poke|p2|Whimsicott, F
|poke|p2|Gothitelle, F
|poke|p2|Sableye, M
|rule|Swagger Clause: Swagger is banned
|rule|Baton Pass Clause: Limit one Pokémon knowing Baton Pass
|rule|Sleep Clause Mod: Limit one foe put to sleep
|rule|Species Clause: Limit one of each Pokémon
|rule|OHKO Clause: OHKO moves are banned
|rule|Moody Clause: Moody is banned
|rule|Evasion Moves Clause: Evasion moves are banned
|rule|Endless Battle Clause: Forcing endless battles is banned
|rule|HP Percentage Mod: HP is shown in percentages
|teampreview
|
|start
|switch|p1a: Hippowdon|Hippowdon, M|419\/419
|switch|p2a: Whimsicott|Whimsicott, F|262\/262
|turn|1
|
|switch|p1a: Tentacruel|Tentacruel, M|364\/364
|move|p2a: Whimsicott|Knock Off|p1a: Tentacruel
|-damage|p1a: Tentacruel|313\/364
|-enditem|p1a: Tentacruel|Black Sludge|[from] move: Knock Off|[of] p2a: Whimsicott
|
|turn|2
|join|Juicy Cocktail
|
|switch|p2a: Gothitelle|Gothitelle, F|282\/282
|move|p1a: Tentacruel|Toxic Spikes|p2a: Gothitelle
|-sidestart|p2: cifra00|move: Toxic Spikes
|
|turn|3
|
|move|p1a: Tentacruel|Scald|p2a: Gothitelle
|-damage|p2a: Gothitelle|206\/282
|move|p2a: Gothitelle|Psychic|p1a: Tentacruel
|-supereffective|p1a: Tentacruel
|-damage|p1a: Tentacruel|0 fnt
|faint|p1a: Tentacruel
|
|
|switch|p1a: Tyranitar|Tyranitar, M|341\/341
|-weather|Sandstorm
|turn|4
|
|move|p1a: Tyranitar|Pursuit|p2a: Gothitelle|[from]Pursuit
|-supereffective|p2a: Gothitelle
|-damage|p2a: Gothitelle|0 fnt
|faint|p2a: Gothitelle
|
|-weather|Sandstorm|[upkeep]
|
|switch|p2a: Skarmory|Skarmory, M|334\/334
|turn|5
|
|switch|p1a: Charizard|Charizard, F|297\/297
|move|p2a: Skarmory|Defog|p1a: Charizard
|-unboost|p1a: Charizard|evasion|1
|-sideend|p2: cifra00|Toxic Spikes|[from] move: Defog|[of] p2a: Skarmory
|
|-weather|Sandstorm|[upkeep]
|-damage|p1a: Charizard|279\/297|[from] sandstorm
|turn|6
|
|switch|p2a: Whimsicott|Whimsicott, F|262\/262
|detailschange|p1a: Charizard|Charizard-Mega-Y, F
|-mega|p1a: Charizard|Charizard|Charizardite Y
|-weather|SunnyDay
|move|p1a: Charizard|Focus Blast|p2a: Whimsicott
|-resisted|p2a: Whimsicott
|-damage|p2a: Whimsicott|173\/262
|
|-weather|SunnyDay|[upkeep]
|-heal|p2a: Whimsicott|189\/262|[from] item: Leftovers
|turn|7
|
|move|p2a: Whimsicott|Encore|p1a: Charizard
|-start|p1a: Charizard|Encore
|move|p1a: Charizard|Focus Blast|p2a: Whimsicott
|-resisted|p2a: Whimsicott
|-damage|p2a: Whimsicott|96\/262
|
|-weather|SunnyDay|[upkeep]
|-heal|p2a: Whimsicott|112\/262|[from] item: Leftovers
|turn|8
|
|switch|p1a: Ferrothorn|Ferrothorn, F|352\/352
|move|p2a: Whimsicott|Leech Seed|p1a: Ferrothorn
|-immune|p1a: Ferrothorn|[msg]
|
|-weather|SunnyDay|[upkeep]
|-heal|p2a: Whimsicott|128\/262|[from] item: Leftovers
|turn|9
|
|switch|p2a: Heatran|Heatran, F|386\/386
|move|p1a: Ferrothorn|Spikes|p2a: Heatran
|-sidestart|p2: cifra00|Spikes
|
|-weather|SunnyDay|[upkeep]
|turn|10
|
|switch|p1a: Latios|Latios, M|301\/301
|move|p2a: Heatran|Stealth Rock|p1a: Latios
|-sidestart|p1: nabilla the angel|move: Stealth Rock
|
|-weather|none
|turn|11
|
|move|p2a: Heatran|Protect|p2a: Heatran
|-singleturn|p2a: Heatran|Protect
|move|p1a: Latios|Calm Mind|p1a: Latios
|-boost|p1a: Latios|spa|1
|-boost|p1a: Latios|spd|1
|
|turn|12
|
|switch|p1a: Hippowdon|Hippowdon, M|419\/419
|-damage|p1a: Hippowdon|393\/419|[from] Stealth Rock
|move|p2a: Heatran|Roar|p1a: Hippowdon
|drag|p1a: Charizard|Charizard-Mega-Y, F|279\/297
|-damage|p1a: Charizard|131\/297|[from] Stealth Rock
|-weather|SunnyDay
|
|-weather|SunnyDay|[upkeep]
|turn|13
|
|move|p1a: Charizard|Roost|p1a: Charizard
|-heal|p1a: Charizard|280\/297
|move|p2a: Heatran|Roar|p1a: Charizard
|drag|p1a: Hippowdon|Hippowdon, M|393\/419
|-damage|p1a: Hippowdon|367\/419|[from] Stealth Rock
|
|-weather|SunnyDay|[upkeep]
|-heal|p1a: Hippowdon|393\/419|[from] item: Leftovers
|turn|14
|
|switch|p2a: Skarmory|Skarmory, M|334\/334
|move|p1a: Hippowdon|Stealth Rock|p2a: Skarmory
|-sidestart|p2: cifra00|move: Stealth Rock
|
|-weather|SunnyDay|[upkeep]
|-heal|p1a: Hippowdon|419\/419|[from] item: Leftovers
|turn|15
|
|move|p2a: Skarmory|Spikes|p1a: Hippowdon
|-sidestart|p1: nabilla the angel|Spikes
|move|p1a: Hippowdon|Whirlwind|p2a: Skarmory
|drag|p2a: Whimsicott|Whimsicott, F|128\/262
|-damage|p2a: Whimsicott|96\/262|[from] Stealth Rock
|-damage|p2a: Whimsicott|64\/262|[from] Spikes
|
|-weather|SunnyDay|[upkeep]
|-heal|p2a: Whimsicott|80\/262|[from] item: Leftovers
|turn|16
|
|move|p2a: Whimsicott|Leech Seed|p1a: Hippowdon
|-start|p1a: Hippowdon|move: Leech Seed
|move|p1a: Hippowdon|Whirlwind|p2a: Whimsicott
|drag|p2a: Heatran|Heatran, F|386\/386
|-damage|p2a: Heatran|338\/386|[from] Stealth Rock
|-damage|p2a: Heatran|290\/386|[from] Spikes
|
|-weather|none
|-heal|p2a: Heatran|314\/386|[from] item: Leftovers
|-damage|p1a: Hippowdon|367\/419|[from] Leech Seed|[of] p2a: Heatran
|-heal|p2a: Heatran|366\/386|[silent]
|turn|17
|
|move|p2a: Heatran|Protect|p2a: Heatran
|-singleturn|p2a: Heatran|Protect
|move|p1a: Hippowdon|Earthquake|p2a: Heatran
|-activate|p2a: Heatran|Protect
|
|-heal|p2a: Heatran|386\/386|[from] item: Leftovers
|-heal|p1a: Hippowdon|393\/419|[from] item: Leftovers
|-damage|p1a: Hippowdon|341\/419|[from] Leech Seed|[of] p2a: Heatran
|turn|18
|
|move|p1a: Hippowdon|Earthquake|p2a: Heatran
|-supereffective|p2a: Heatran
|-damage|p2a: Heatran|0 fnt
|faint|p2a: Heatran
|
|-heal|p1a: Hippowdon|367\/419|[from] item: Leftovers
|-message|cifra00 forfeited.
|
|win|nabilla the angel
|raw|Ladder updating...
|leave|cifra00
|player|p2
|raw|nabilla the angel's rating: 1550 &rarr; <strong>1574<\/strong><br \/>(+24 for winning)
|raw|cifra00's rating: 1623 &rarr; <strong>1599<\/strong><br \/>(-24 for losing)