|join|cifra00
|join|Iodic
|player|p1|cifra00|102
|player|p2|Iodic|264
|gametype|singles
|gen|6
|tier|OU
|rated
|clearpoke
|poke|p1|Skarmory, F
|poke|p1|Heatran, M
|poke|p1|Chansey, F
|poke|p1|Whimsicott, M
|poke|p1|Gothitelle, F
|poke|p1|Sableye, M
|poke|p2|Excadrill, M
|poke|p2|Azumarill, F
|poke|p2|Talonflame, F
|poke|p2|Serperior, M
|poke|p2|Infernape, M
|poke|p2|Gyarados, F
|rule|Swagger Clause: Swagger is banned
|rule|Baton Pass Clause: Limit one Pokémon knowing Baton Pass
|rule|Sleep Clause Mod: Limit one foe put to sleep
|rule|Species Clause: Limit one of each Pokémon
|rule|OHKO Clause: OHKO moves are banned
|rule|Moody Clause: Moody is banned
|rule|Evasion Moves Clause: Evasion moves are banned
|rule|Endless Battle Clause: Forcing endless battles is banned
|rule|HP Percentage Mod: HP is shown in percentages
|teampreview
|
|start
|switch|p1a: Heatran|Heatran, M|386\/386
|switch|p2a: Infernape|Infernape, M|293\/293
|turn|1
|
|switch|p1a: Whimsicott|Whimsicott, M|262\/262
|move|p2a: Infernape|Stealth Rock|p1a: Whimsicott
|-sidestart|p1: cifra00|move: Stealth Rock
|
|turn|2
|
|switch|p2a: Serperior|Serperior, M|353\/353
|move|p1a: Whimsicott|Encore|p2a: Serperior
|-fail|p2a: Serperior
|
|turn|3
|
|switch|p1a: Heatran|Heatran, M|386\/386
|-damage|p1a: Heatran|338\/386|[from] Stealth Rock
|move|p2a: Serperior|Glare|p1a: Heatran
|-status|p1a: Heatran|par
|
|-heal|p1a: Heatran|362\/386 par|[from] item: Leftovers
|turn|4
|
|switch|p2a: Infernape|Infernape, M|293\/293
|cant|p1a: Heatran|par
|
|-heal|p1a: Heatran|386\/386 par|[from] item: Leftovers
|turn|5
|
|move|p2a: Infernape|Close Combat|p1a: Heatran
|-crit|p1a: Heatran
|-supereffective|p1a: Heatran
|-damage|p1a: Heatran|0 fnt
|-unboost|p2a: Infernape|def|1
|-unboost|p2a: Infernape|spd|1
|faint|p1a: Heatran
|
|-message|cifra00 forfeited.
|leave|cifra00
|
|win|Iodic
|raw|Ladder updating...
|player|p1
|raw|cifra00's rating: 1579 &rarr; <strong>1559<\/strong><br \/>(-20 for losing)
|raw|Iodic's rating: 1575 &rarr; <strong>1595<\/strong><br \/>(+20 for winning)