|join|ULT Bob
|join|Mighty Dagon
|player|p1|ULT Bob|23
|player|p2|Mighty Dagon|224
|gametype|singles
|gen|6
|tier|UU
|rated
|rule|Sleep Clause Mod: Limit one foe put to sleep
|rule|Species Clause: Limit one of each Pokémon
|rule|OHKO Clause: OHKO moves are banned
|rule|Moody Clause: Moody is banned
|rule|Evasion Moves Clause: Evasion moves are banned
|rule|Endless Battle Clause: Forcing endless battles is banned
|rule|HP Percentage Mod: HP is shown in percentages
|clearpoke
|poke|p1|Celebi
|poke|p1|Aggron, F, shiny
|poke|p1|Crobat, F, shiny
|poke|p1|Blissey, F, shiny
|poke|p1|Alomomola, F, shiny
|poke|p1|Krookodile, F, shiny
|poke|p2|Medicham, M
|poke|p2|Forretress, M
|poke|p2|Blissey, F
|poke|p2|Vaporeon, F
|poke|p2|Krookodile, F
|poke|p2|Kyurem
|rule|Swagger Clause: Swagger is banned
|rule|Baton Pass Clause: Limit one Pokémon knowing Baton Pass
|teampreview
|c|★Mighty Dagon|shitshitshitshitshitshitshit
|
|start
|switch|p1a: The Don|Krookodile, F, shiny|331\/331
|switch|p2a: Krookodile|Krookodile, F|332\/332
|-ability|p1a: The Don|Intimidate|[of] p2a: Krookodile
|-unboost|p2a: Krookodile|atk|1
|-ability|p2a: Krookodile|Intimidate|[of] p1a: The Don
|-unboost|p1a: The Don|atk|1
|turn|1
|c|★ULT Bob|?
|join|Technosis
|
|switch|p1a: ugly fuck|Alomomola, F, shiny|534\/534
|move|p2a: Krookodile|Knock Off|p1a: ugly fuck
|-damage|p1a: ugly fuck|435\/534
|-damage|p2a: Krookodile|277\/332|[from] item: Rocky Helmet|[of] p1a: ugly fuck
|-enditem|p1a: ugly fuck|Rocky Helmet|[from] move: Knock Off|[of] p2a: Krookodile
|
|turn|2
|c|★ULT Bob|who are you
|c|★Mighty Dagon|i just know i'm screwed, that's all
|
|switch|p2a: Forretress|Forretress, M|354\/354
|move|p1a: ugly fuck|Knock Off|p2a: Forretress
|-damage|p2a: Forretress|323\/354
|-enditem|p2a: Forretress|Leftovers|[from] move: Knock Off|[of] p1a: ugly fuck
|
|turn|3
|
|move|p1a: ugly fuck|Scald|p2a: Forretress
|-damage|p2a: Forretress|259\/354
|move|p2a: Forretress|Spikes|p1a: ugly fuck
|-sidestart|p1: ULT Bob|Spikes
|
|turn|4
|
|move|p1a: ugly fuck|Scald|p2a: Forretress
|-damage|p2a: Forretress|195\/354
|-status|p2a: Forretress|brn
|move|p2a: Forretress|Volt Switch|p1a: ugly fuck
|-supereffective|p1a: ugly fuck
|-damage|p1a: ugly fuck|297\/534
|
|switch|p2a: Blissey|Blissey, F|714\/714
|
|turn|5
|join|Docreunii
|
|move|p1a: ugly fuck|Knock Off|p2a: Blissey
|-damage|p2a: Blissey|608\/714
|-enditem|p2a: Blissey|Leftovers|[from] move: Knock Off|[of] p1a: ugly fuck
|move|p2a: Blissey|Seismic Toss|p1a: ugly fuck
|-damage|p1a: ugly fuck|197\/534
|
|turn|6
|
|switch|p1a: bob the brobat|Crobat, F, shiny|325\/325
|move|p2a: Blissey|Heal Bell|p2a: Blissey
|-cureteam|p2a: Blissey|[from] move: HealBell
|
|turn|7
|
|switch|p2a: Kyurem|Kyurem|391\/391
|-ability|p2a: Kyurem|Pressure
|move|p1a: bob the brobat|Defog|p2a: Kyurem
|-unboost|p2a: Kyurem|evasion|1
|-sideend|p1: ULT Bob|Spikes|[from] move: Defog|[of] p1a: bob the brobat
|
|turn|8
|
|switch|p2a: Medicham|Medicham, M|261\/261
|switch|p1a: Fattest fuck|Blissey, F, shiny|714\/714
|
|turn|9
|join|Snowballin
|
|switch|p1a: cabbage tinkerbell|Celebi|341\/341
|detailschange|p2a: Medicham|Medicham-Mega, M
|-mega|p2a: Medicham|Medicham|Medichamite
|move|p2a: Medicham|Zen Headbutt|p1a: cabbage tinkerbell
|-resisted|p1a: cabbage tinkerbell
|-damage|p1a: cabbage tinkerbell|227\/341
|
|-heal|p1a: cabbage tinkerbell|248\/341|[from] item: Leftovers
|turn|10
|
|switch|p2a: Kyurem|Kyurem|391\/391
|-ability|p2a: Kyurem|Pressure
|move|p1a: cabbage tinkerbell|Recover|p1a: cabbage tinkerbell
|-heal|p1a: cabbage tinkerbell|341\/341
|
|turn|11
|c| Snowballin|mighty
|c|★Mighty Dagon|yeah?
|c| Snowballin|I'm gonna call in some ferriz
|
|switch|p2a: Krookodile|Krookodile, F|277\/332
|-ability|p2a: Krookodile|Intimidate|[of] p1a: cabbage tinkerbell
|-unboost|p1a: cabbage tinkerbell|atk|1
|switch|p1a: Fattest fuck|Blissey, F, shiny|714\/714
|
|turn|12
|
|move|p1a: Fattest fuck|Protect|p1a: Fattest fuck
|-singleturn|p1a: Fattest fuck|Protect
|move|p2a: Krookodile|Stealth Rock|p1a: Fattest fuck
|-sidestart|p1: ULT Bob|move: Stealth Rock
|
|turn|13
|
|move|p2a: Krookodile|Pursuit|p1a: Fattest fuck|[from]Pursuit
|-damage|p1a: Fattest fuck|419\/714
|switch|p1a: ugly fuck|Alomomola, F, shiny|375\/534
|-damage|p1a: ugly fuck|309\/534|[from] Stealth Rock
|
|turn|14
|
|switch|p2a: Vaporeon|Vaporeon, F|422\/422
|move|p1a: ugly fuck|Wish|p1a: ugly fuck
|
|turn|15
|
|switch|p1a: Fattest fuck|Blissey, F, shiny|419\/714
|-damage|p1a: Fattest fuck|330\/714|[from] Stealth Rock
|move|p2a: Vaporeon|Baton Pass|p2a: Vaporeon
|
|switch|p2a: Medicham|Medicham-Mega, M|261\/261
|
|-heal|p1a: Fattest fuck|597\/714|[from] move: Wish|[wisher] ugly fuck
|-heal|p1a: Fattest fuck|641\/714|[from] item: Leftovers
|turn|16
|
|switch|p1a: cabbage tinkerbell|Celebi|341\/341
|-damage|p1a: cabbage tinkerbell|299\/341|[from] Stealth Rock
|move|p2a: Medicham|High Jump Kick|p1a: cabbage tinkerbell
|-resisted|p1a: cabbage tinkerbell
|-damage|p1a: cabbage tinkerbell|98\/341
|
|-heal|p1a: cabbage tinkerbell|119\/341|[from] item: Leftovers
|turn|17
|
|move|p1a: cabbage tinkerbell|Zen Headbutt|p2a: Medicham
|-damage|p2a: Medicham|132\/261
|move|p2a: Medicham|Zen Headbutt|p1a: cabbage tinkerbell
|-resisted|p1a: cabbage tinkerbell
|-damage|p1a: cabbage tinkerbell|9\/341
|
|-heal|p1a: cabbage tinkerbell|30\/341|[from] item: Leftovers
|turn|18
|
|move|p2a: Medicham|Bullet Punch|p1a: cabbage tinkerbell
|-damage|p1a: cabbage tinkerbell|0 fnt
|faint|p1a: cabbage tinkerbell
|
|
|switch|p1a: bob the brobat|Crobat, F, shiny|325\/325
|-damage|p1a: bob the brobat|244\/325|[from] Stealth Rock
|turn|19
|
|switch|p2a: Krookodile|Krookodile, F|277\/332
|-ability|p2a: Krookodile|Intimidate|[of] p1a: bob the brobat
|-unboost|p1a: bob the brobat|atk|1
|move|p1a: bob the brobat|Brave Bird|p2a: Krookodile
|-damage|p2a: Krookodile|144\/332
|-damage|p1a: bob the brobat|200\/325|[from] recoil|[of] p2a: Krookodile
|
|-heal|p1a: bob the brobat|220\/325|[from] item: Black Sludge
|turn|20
|
|move|p1a: bob the brobat|Toxic|p2a: Krookodile
|-status|p2a: Krookodile|tox
|move|p2a: Krookodile|Knock Off|p1a: bob the brobat
|-damage|p1a: bob the brobat|0 fnt
|-enditem|p1a: bob the brobat|Black Sludge|[from] move: Knock Off|[of] p2a: Krookodile
|faint|p1a: bob the brobat
|
|-damage|p2a: Krookodile|124\/332 tox|[from] psn
|
|switch|p1a: The Don|Krookodile, F, shiny|331\/331
|-damage|p1a: The Don|311\/331|[from] Stealth Rock
|-ability|p1a: The Don|Intimidate|[of] p2a: Krookodile
|-unboost|p2a: Krookodile|atk|1
|turn|21
|
|move|p1a: The Don|Earthquake|p2a: Krookodile
|-damage|p2a: Krookodile|0 fnt
|faint|p2a: Krookodile
|
|
|switch|p2a: Kyurem|Kyurem|391\/391
|-ability|p2a: Kyurem|Pressure
|turn|22
|
|switch|p2a: Forretress|Forretress, M|195\/354
|switch|p1a: fat fuck|Aggron, F, shiny|344\/344
|-damage|p1a: fat fuck|323\/344|[from] Stealth Rock
|
|turn|23
|
|detailschange|p1a: fat fuck|Aggron-Mega, F, shiny
|-mega|p1a: fat fuck|Aggron|Aggronite
|move|p2a: Forretress|Spikes|p1a: fat fuck
|-sidestart|p1: ULT Bob|Spikes
|move|p1a: fat fuck|Earthquake|p2a: Forretress
|-damage|p2a: Forretress|134\/354
|
|turn|24
|
|move|p2a: Forretress|Spikes|p1a: fat fuck
|-sidestart|p1: ULT Bob|Spikes
|move|p1a: fat fuck|Earthquake|p2a: Forretress
|-damage|p2a: Forretress|78\/354
|
|turn|25
|
|move|p2a: Forretress|Spikes|p1a: fat fuck
|-sidestart|p1: ULT Bob|Spikes
|move|p1a: fat fuck|Earthquake|p2a: Forretress
|-damage|p2a: Forretress|16\/354
|
|turn|26
|
|move|p2a: Forretress|Spikes|p1a: fat fuck
|-fail|p1a: fat fuck
|move|p1a: fat fuck|Earthquake|p2a: Forretress
|-damage|p2a: Forretress|0 fnt
|faint|p2a: Forretress
|
|
|switch|p2a: Vaporeon|Vaporeon, F|422\/422
|turn|27
|
|move|p2a: Vaporeon|Baton Pass|p2a: Vaporeon
|
|switch|p2a: Kyurem|Kyurem|391\/391
|-ability|p2a: Kyurem|Pressure
|move|p1a: fat fuck|Stealth Rock|p2a: Kyurem
|-sidestart|p2: Mighty Dagon|move: Stealth Rock
|
|turn|28
|
|switch|p2a: Vaporeon|Vaporeon, F|422\/422
|-damage|p2a: Vaporeon|370\/422|[from] Stealth Rock
|move|p1a: fat fuck|Heavy Slam|p2a: Vaporeon
|-resisted|p2a: Vaporeon
|-damage|p2a: Vaporeon|242\/422
|
|-heal|p2a: Vaporeon|268\/422|[from] item: Leftovers
|turn|29
|
|switch|p1a: Fattest fuck|Blissey, F, shiny|641\/714
|-damage|p1a: Fattest fuck|552\/714|[from] Stealth Rock
|-damage|p1a: Fattest fuck|374\/714|[from] Spikes
|move|p2a: Vaporeon|Scald|p1a: Fattest fuck
|-damage|p1a: Fattest fuck|293\/714
|
|-heal|p2a: Vaporeon|294\/422|[from] item: Leftovers
|-heal|p1a: Fattest fuck|337\/714|[from] item: Leftovers
|turn|30
|
|move|p2a: Vaporeon|Wish|p2a: Vaporeon
|move|p1a: Fattest fuck|Wish|p1a: Fattest fuck
|
|-heal|p2a: Vaporeon|320\/422|[from] item: Leftovers
|-heal|p1a: Fattest fuck|381\/714|[from] item: Leftovers
|turn|31
|
|switch|p2a: Medicham|Medicham-Mega, M|132\/261
|-damage|p2a: Medicham|116\/261|[from] Stealth Rock
|move|p1a: Fattest fuck|Seismic Toss|p2a: Medicham
|-damage|p2a: Medicham|16\/261
|
|-heal|p2a: Medicham|227\/261|[from] move: Wish|[wisher] Vaporeon
|-heal|p1a: Fattest fuck|714\/714|[from] move: Wish|[wisher] Fattest fuck
|turn|32
|
|move|p2a: Medicham|High Jump Kick|p1a: Fattest fuck
|-supereffective|p1a: Fattest fuck
|-damage|p1a: Fattest fuck|0 fnt
|faint|p1a: Fattest fuck
|
|
|switch|p1a: ugly fuck|Alomomola, F, shiny|487\/534
|-damage|p1a: ugly fuck|421\/534|[from] Stealth Rock
|-damage|p1a: ugly fuck|288\/534|[from] Spikes
|turn|33
|
|move|p2a: Medicham|Zen Headbutt|p1a: ugly fuck
|-damage|p1a: ugly fuck|107\/534
|cant|p1a: ugly fuck|flinch
|
|turn|34
|c|★Mighty Dagon|o
|
|move|p2a: Medicham|High Jump Kick|p1a: ugly fuck
|-damage|p1a: ugly fuck|0 fnt
|faint|p1a: ugly fuck
|
|
|switch|p1a: The Don|Krookodile, F, shiny|311\/331
|-damage|p1a: The Don|229\/331|[from] Spikes
|-damage|p1a: The Don|209\/331|[from] Stealth Rock
|-ability|p1a: The Don|Intimidate|[of] p2a: Medicham
|-unboost|p2a: Medicham|atk|1
|turn|35
|c| Technosis|That flinch
|c| Technosis|might have saved you
|
|move|p2a: Medicham|High Jump Kick|p1a: The Don
|-supereffective|p1a: The Don
|-damage|p1a: The Don|0 fnt
|faint|p1a: The Don
|
|c|★Mighty Dagon|i think it did
|
|switch|p1a: fat fuck|Aggron-Mega, F, shiny|323\/344
|-damage|p1a: fat fuck|237\/344|[from] Spikes
|-damage|p1a: fat fuck|216\/344|[from] Stealth Rock
|turn|36
|
|move|p2a: Medicham|High Jump Kick|p1a: fat fuck
|-supereffective|p1a: fat fuck
|-damage|p1a: fat fuck|44\/344
|move|p1a: fat fuck|Heavy Slam|p2a: Medicham
|-damage|p2a: Medicham|20\/261
|
|turn|37
|c| Technosis|hooray for broken mon
|
|move|p2a: Medicham|High Jump Kick|p1a: fat fuck
|-supereffective|p1a: fat fuck
|-damage|p1a: fat fuck|0 fnt
|faint|p1a: fat fuck
|
|win|Mighty Dagon
|raw|Ladder updating...
|c|★Mighty Dagon|yay
|raw|ULT Bob's rating: 1584 &rarr; <strong>1553<\/strong><br \/>(-31 for losing)
|raw|Mighty Dagon's rating: 1377 &rarr; <strong>1408<\/strong><br \/>(+31 for winning)
|leave|Technosis
|c|★Mighty Dagon|if i beat bob with this, this thing is def broken