|join|pokemonisfun
|join|Un-Doge
|player|p1|pokemonisfun|184
|player|p2|Un-Doge|101
|gametype|singles
|gen|6
|tier|UU
|rated
|rule|Sleep Clause Mod: Limit one foe put to sleep
|rule|Species Clause: Limit one of each Pokémon
|rule|OHKO Clause: OHKO moves are banned
|rule|Moody Clause: Moody is banned
|rule|Evasion Moves Clause: Evasion moves are banned
|rule|Endless Battle Clause: Forcing endless battles is banned
|rule|HP Percentage Mod: HP is shown in percentages
|clearpoke
|poke|p1|Blissey, F
|poke|p1|Swampert, F
|poke|p1|Granbull, M
|poke|p1|Alomomola, F
|poke|p1|Crobat, M
|poke|p1|Celebi
|poke|p2|Chesnaught, F
|poke|p2|Tentacruel, M
|poke|p2|Blissey, F
|poke|p2|Spiritomb, F
|poke|p2|Arcanine, F
|poke|p2|Aggron, F
|rule|Swagger Clause: Swagger is banned
|rule|Baton Pass Clause: Limit one Pokémon knowing Baton Pass
|teampreview
|
|start
|switch|p1a: onion fairy god|Celebi|401\/401
|switch|p2a: Aggron|Aggron, F|343\/343
|turn|1
|
|detailschange|p2a: Aggron|Aggron-Mega, F
|-mega|p2a: Aggron|Aggron|Aggronite
|move|p1a: onion fairy god|Stealth Rock|p2a: Aggron
|-sidestart|p2: Un-Doge|move: Stealth Rock
|move|p2a: Aggron|Stealth Rock|p1a: onion fairy god
|-sidestart|p1: pokemonisfun|move: Stealth Rock
|
|turn|2
|
|switch|p1a: bubblsy bubbles|Swampert, F|404\/404
|-damage|p1a: bubblsy bubbles|379\/404|[from] Stealth Rock
|move|p2a: Aggron|Toxic|p1a: bubblsy bubbles
|-status|p1a: bubblsy bubbles|tox
|
|-damage|p1a: bubblsy bubbles|354\/404 tox|[from] psn
|turn|3
|
|switch|p2a: Chesnaught|Chesnaught, F|379\/379
|-damage|p2a: Chesnaught|356\/379|[from] Stealth Rock
|detailschange|p1a: bubblsy bubbles|Swampert-Mega, F
|-mega|p1a: bubblsy bubbles|Swampert|Swampertite
|move|p1a: bubblsy bubbles|Scald|p2a: Chesnaught
|-crit|p2a: Chesnaught
|-resisted|p2a: Chesnaught
|-damage|p2a: Chesnaught|267\/379
|
|-heal|p2a: Chesnaught|290\/379|[from] item: Leftovers
|-damage|p1a: bubblsy bubbles|304\/404 tox|[from] psn
|turn|4
|
|switch|p1a: batsy watzy|Crobat, M|373\/373
|-damage|p1a: batsy watzy|280\/373|[from] Stealth Rock
|move|p2a: Chesnaught|Leech Seed|p1a: batsy watzy
|-start|p1a: batsy watzy|move: Leech Seed
|
|-heal|p1a: batsy watzy|303\/373|[from] item: Black Sludge
|-heal|p2a: Chesnaught|313\/379|[from] item: Leftovers
|-damage|p1a: batsy watzy|257\/373|[from] Leech Seed|[of] p2a: Chesnaught
|-heal|p2a: Chesnaught|359\/379|[silent]
|turn|5
|
|move|p2a: Chesnaught|Spiky Shield|p2a: Chesnaught
|-singleturn|p2a: Chesnaught|move: Protect
|move|p1a: batsy watzy|Roost|p1a: batsy watzy
|-heal|p1a: batsy watzy|373\/373
|
|-heal|p2a: Chesnaught|379\/379|[from] item: Leftovers
|-damage|p1a: batsy watzy|327\/373|[from] Leech Seed|[of] p2a: Chesnaught
|turn|6
|
|switch|p2a: Aggron|Aggron-Mega, F|343\/343
|-damage|p2a: Aggron|322\/343|[from] Stealth Rock
|move|p1a: batsy watzy|Defog|p2a: Aggron
|-unboost|p2a: Aggron|evasion|1
|-sideend|p2: Un-Doge|Stealth Rock|[from] move: Defog|[of] p2a: Aggron
|-sideend|p1: pokemonisfun|Stealth Rock|[from] move: Defog|[of] p1a: batsy watzy
|
|-heal|p1a: batsy watzy|350\/373|[from] item: Black Sludge
|-damage|p1a: batsy watzy|304\/373|[from] Leech Seed|[of] p2a: Aggron
|-heal|p2a: Aggron|343\/343|[silent]
|turn|7
|
|switch|p1a: onion fairy god|Celebi|401\/401
|move|p2a: Aggron|Heavy Slam|p1a: onion fairy god
|-damage|p1a: onion fairy god|268\/401
|
|-heal|p1a: onion fairy god|293\/401|[from] item: Leftovers
|turn|8
|
|move|p1a: onion fairy god|Stealth Rock|p2a: Aggron
|-sidestart|p2: Un-Doge|move: Stealth Rock
|move|p2a: Aggron|Stealth Rock|p1a: onion fairy god
|-sidestart|p1: pokemonisfun|move: Stealth Rock
|
|-heal|p1a: onion fairy god|318\/401|[from] item: Leftovers
|turn|9
|
|switch|p1a: bubblsy bubbles|Swampert-Mega, F|304\/404 tox
|-damage|p1a: bubblsy bubbles|279\/404 tox|[from] Stealth Rock
|move|p2a: Aggron|Toxic|p1a: bubblsy bubbles
|-fail|p1a: bubblsy bubbles|tox
|
|-damage|p1a: bubblsy bubbles|254\/404 tox|[from] psn
|turn|10
|join|THEiTodd
|
|switch|p2a: Chesnaught|Chesnaught, F|379\/379
|-damage|p2a: Chesnaught|356\/379|[from] Stealth Rock
|move|p1a: bubblsy bubbles|Scald|p2a: Chesnaught
|-resisted|p2a: Chesnaught
|-damage|p2a: Chesnaught|298\/379
|
|-heal|p2a: Chesnaught|321\/379|[from] item: Leftovers
|-damage|p1a: bubblsy bubbles|204\/404 tox|[from] psn
|turn|11
|
|switch|p1a: onion fairy god|Celebi|318\/401
|-damage|p1a: onion fairy god|268\/401|[from] Stealth Rock
|move|p2a: Chesnaught|Leech Seed|p1a: onion fairy god
|-immune|p1a: onion fairy god|[msg]
|
|-heal|p1a: onion fairy god|293\/401|[from] item: Leftovers
|-heal|p2a: Chesnaught|344\/379|[from] item: Leftovers
|turn|12
|join|xMarth
|
|move|p2a: Chesnaught|Spiky Shield|p2a: Chesnaught
|-singleturn|p2a: Chesnaught|move: Protect
|move|p1a: onion fairy god|Recover|p1a: onion fairy god
|-heal|p1a: onion fairy god|401\/401
|
|-heal|p2a: Chesnaught|367\/379|[from] item: Leftovers
|turn|13
|
|switch|p2a: Spiritomb|Spiritomb, F|303\/303
|-damage|p2a: Spiritomb|266\/303|[from] Stealth Rock
|move|p1a: onion fairy god|Giga Drain|p2a: Spiritomb
|-damage|p2a: Spiritomb|187\/303
|
|-heal|p2a: Spiritomb|205\/303|[from] item: Leftovers
|turn|14
|c|★pokemonisfun|sub+cm chandelure
|c|★pokemonisfun|what is ur counter
|
|move|p1a: onion fairy god|Giga Drain|p2a: Spiritomb
|-damage|p2a: Spiritomb|129\/303
|move|p2a: Spiritomb|Will-O-Wisp|p1a: onion fairy god
|-status|p1a: onion fairy god|brn
|
|-heal|p2a: Spiritomb|147\/303|[from] item: Leftovers
|-damage|p1a: onion fairy god|351\/401 brn|[from] brn
|turn|15
|c| xMarth|this just looks like 2 stalls w\/o wincon
|c| xMarth|maybe its spdef tenta
|
|move|p2a: Spiritomb|Protect|p2a: Spiritomb
|-singleturn|p2a: Spiritomb|Protect
|move|p1a: onion fairy god|Giga Drain|p2a: Spiritomb
|-activate|p2a: Spiritomb|Protect
|
|-heal|p1a: onion fairy god|376\/401 brn|[from] item: Leftovers
|-heal|p2a: Spiritomb|165\/303|[from] item: Leftovers
|-damage|p1a: onion fairy god|326\/401 brn|[from] brn
|turn|16
|c|★Un-Doge|I need a wincon
|c|★pokemonisfun|wincon isnt a real word
|c|★pokemonisfun|but okay
|c|★Un-Doge|It's an abbreviation
|c| xMarth|win condition*
|c| xMarth|there ya go
|
|switch|p2a: Tentacruel|Tentacruel, M|363\/363
|-damage|p2a: Tentacruel|318\/363|[from] Stealth Rock
|move|p1a: onion fairy god|Giga Drain|p2a: Tentacruel
|-damage|p2a: Tentacruel|260\/363
|-damage|p1a: onion fairy god|297\/401 brn|[from] ability: Liquid Ooze|[of] p2a: Tentacruel
|
|-heal|p1a: onion fairy god|322\/401 brn|[from] item: Leftovers
|-heal|p2a: Tentacruel|282\/363|[from] item: Black Sludge
|-damage|p1a: onion fairy god|272\/401 brn|[from] brn
|turn|17
|c|★pokemonisfun|win condition is just a made up concept
|c|★pokemonisfun|but okay
|c|★Un-Doge|Lol
|c|★Un-Doge|everyhing is a made up concept
|
|switch|p1a: swimmy swim|Alomomola, F|471\/471
|-damage|p1a: swimmy swim|413\/471|[from] Stealth Rock
|move|p2a: Tentacruel|Rapid Spin|p1a: swimmy swim
|-damage|p1a: swimmy swim|404\/471
|-sideend|p2: Un-Doge|Stealth Rock|[from] move: Rapid Spin|[of] p2a: Tentacruel
|
|-heal|p2a: Tentacruel|304\/363|[from] item: Black Sludge
|-heal|p1a: swimmy swim|433\/471|[from] item: Leftovers
|turn|18
|c|★pokemonisfun|spdef tentacruel does nothing to counter chandelure
|c|★Un-Doge|And?
|
|move|p2a: Tentacruel|Toxic Spikes|p1a: swimmy swim
|-sidestart|p1: pokemonisfun|move: Toxic Spikes
|move|p1a: swimmy swim|Wish|p1a: swimmy swim
|
|-heal|p2a: Tentacruel|326\/363|[from] item: Black Sludge
|-heal|p1a: swimmy swim|462\/471|[from] item: Leftovers
|turn|19
|c| xMarth|nah with haze and blissey wish support ez counter
|
|switch|p2a: Arcanine|Arcanine, F|383\/383
|-ability|p2a: Arcanine|Intimidate|[of] p1a: swimmy swim
|-unboost|p1a: swimmy swim|atk|1
|switch|p1a: bubblsy bubbles|Swampert-Mega, F|204\/404 tox
|-damage|p1a: bubblsy bubbles|179\/404 tox|[from] Stealth Rock
|
|-heal|p1a: bubblsy bubbles|404\/404 tox|[from] move: Wish|[wisher] swimmy swim
|-damage|p1a: bubblsy bubbles|379\/404 tox|[from] psn
|turn|20
|c|★pokemonisfun|i like to see other stall teams' way of countering stallbreakers
|
|switch|p2a: Chesnaught|Chesnaught, F|367\/379
|move|p1a: bubblsy bubbles|Scald|p2a: Chesnaught
|-resisted|p2a: Chesnaught
|-damage|p2a: Chesnaught|313\/379
|
|-heal|p2a: Chesnaught|336\/379|[from] item: Leftovers
|-damage|p1a: bubblsy bubbles|329\/404 tox|[from] psn
|turn|21
|c| xMarth|and infiltrator spiritomb can hurt chandy maybe
|c|★pokemonisfun|not really
|c|★pokemonisfun|not REALLY i guess it can hurt
|
|switch|p1a: batsy watzy|Crobat, M|304\/373
|-damage|p1a: batsy watzy|211\/373|[from] Stealth Rock
|move|p2a: Chesnaught|Leech Seed|p1a: batsy watzy
|-start|p1a: batsy watzy|move: Leech Seed
|
|-heal|p1a: batsy watzy|234\/373|[from] item: Black Sludge
|-heal|p2a: Chesnaught|359\/379|[from] item: Leftovers
|-damage|p1a: batsy watzy|188\/373|[from] Leech Seed|[of] p2a: Chesnaught
|-heal|p2a: Chesnaught|379\/379|[silent]
|turn|22
|c| xMarth|yea i guess depends on set
|c|★pokemonisfun|max attack pursuit shadow sneak sucker punch
|
|move|p1a: batsy watzy|Defog|p2a: Chesnaught
|-unboost|p2a: Chesnaught|evasion|1
|-sideend|p1: pokemonisfun|Toxic Spikes|[from] move: Defog|[of] p1a: batsy watzy
|-sideend|p1: pokemonisfun|Stealth Rock|[from] move: Defog|[of] p1a: batsy watzy
|move|p2a: Chesnaught|Spikes|p1a: batsy watzy
|-sidestart|p1: pokemonisfun|Spikes
|
|-heal|p1a: batsy watzy|211\/373|[from] item: Black Sludge
|-damage|p1a: batsy watzy|165\/373|[from] Leech Seed|[of] p2a: Chesnaught
|turn|23
|c| xMarth|yea thatll work
|
|switch|p2a: Aggron|Aggron-Mega, F|343\/343
|move|p1a: batsy watzy|Roost|p1a: batsy watzy
|-heal|p1a: batsy watzy|352\/373
|
|-heal|p1a: batsy watzy|373\/373|[from] item: Black Sludge
|-damage|p1a: batsy watzy|327\/373|[from] Leech Seed|[of] p2a: Aggron
|turn|24
|
|switch|p1a: onion fairy god|Celebi|272\/401
|-damage|p1a: onion fairy god|222\/401|[from] Spikes
|move|p2a: Aggron|Stealth Rock|p1a: onion fairy god
|-sidestart|p1: pokemonisfun|move: Stealth Rock
|
|-heal|p1a: onion fairy god|247\/401|[from] item: Leftovers
|turn|25
|
|switch|p2a: Tentacruel|Tentacruel, M|326\/363
|move|p1a: onion fairy god|Stealth Rock|p2a: Tentacruel
|-sidestart|p2: Un-Doge|move: Stealth Rock
|
|-heal|p1a: onion fairy god|272\/401|[from] item: Leftovers
|-heal|p2a: Tentacruel|348\/363|[from] item: Black Sludge
|turn|26
|
|switch|p1a: bubblsy bubbles|Swampert-Mega, F|329\/404 tox
|-damage|p1a: bubblsy bubbles|279\/404 tox|[from] Spikes
|-damage|p1a: bubblsy bubbles|254\/404 tox|[from] Stealth Rock
|move|p2a: Tentacruel|Rapid Spin|p1a: bubblsy bubbles
|-damage|p1a: bubblsy bubbles|242\/404 tox
|-sideend|p2: Un-Doge|Stealth Rock|[from] move: Rapid Spin|[of] p2a: Tentacruel
|
|-heal|p2a: Tentacruel|363\/363|[from] item: Black Sludge
|-damage|p1a: bubblsy bubbles|217\/404 tox|[from] psn
|turn|27
|
|switch|p2a: Chesnaught|Chesnaught, F|379\/379
|switch|p1a: batsy watzy|Crobat, M|327\/373
|-damage|p1a: batsy watzy|234\/373|[from] Stealth Rock
|
|-heal|p1a: batsy watzy|257\/373|[from] item: Black Sludge
|turn|28
|c| THEiTodd|whats your favorite pokemon pif?
|c|★pokemonisfun|whats urs
|
|switch|p2a: Arcanine|Arcanine, F|383\/383
|-ability|p2a: Arcanine|Intimidate|[of] p1a: batsy watzy
|-unboost|p1a: batsy watzy|atk|1
|move|p1a: batsy watzy|Defog|p2a: Arcanine
|-unboost|p2a: Arcanine|evasion|1
|-sideend|p1: pokemonisfun|Spikes|[from] move: Defog|[of] p1a: batsy watzy
|-sideend|p1: pokemonisfun|Stealth Rock|[from] move: Defog|[of] p1a: batsy watzy
|
|-heal|p1a: batsy watzy|280\/373|[from] item: Black Sludge
|turn|29
|c|★pokemonisfun|it used to be qwilfish
|c|★pokemonisfun|but then qwilfish became good
|c| THEiTodd|qwilfish is a good pokemon
|c| THEiTodd|yeah
|
|switch|p1a: bubblsy bubbles|Swampert-Mega, F|217\/404 tox
|move|p2a: Arcanine|Will-O-Wisp|p1a: bubblsy bubbles
|-fail|p1a: bubblsy bubbles
|
|-damage|p1a: bubblsy bubbles|192\/404 tox|[from] psn
|turn|30
|c| THEiTodd|idk
|c| THEiTodd|i like pikachu
|c|★Un-Doge|I wish qwilfish was bulkier
|c|★pokemonisfun|o
|c| THEiTodd|cause i'm mainstream
|c| THEiTodd|i guess
|
|switch|p2a: Chesnaught|Chesnaught, F|379\/379
|move|p1a: bubblsy bubbles|Rest|p1a: bubblsy bubbles
|-status|p1a: bubblsy bubbles|slp
|-heal|p1a: bubblsy bubbles|404\/404 slp|[silent]
|-status|p1a: bubblsy bubbles|slp|[from] move: Rest
|
|turn|31
|c|★pokemonisfun|thats very qt
|
|switch|p1a: batsy watzy|Crobat, M|280\/373
|move|p2a: Chesnaught|Leech Seed|p1a: batsy watzy
|-start|p1a: batsy watzy|move: Leech Seed
|
|-heal|p1a: batsy watzy|303\/373|[from] item: Black Sludge
|-damage|p1a: batsy watzy|257\/373|[from] Leech Seed|[of] p2a: Chesnaught
|turn|32
|c|★pokemonisfun|whats ur np elf counter
|
|switch|p2a: Aggron|Aggron-Mega, F|343\/343
|move|p1a: batsy watzy|Roost|p1a: batsy watzy
|-heal|p1a: batsy watzy|373\/373
|
|-damage|p1a: batsy watzy|327\/373|[from] Leech Seed|[of] p2a: Aggron
|turn|33
|c|★Un-Doge|Elf?
|c|★Un-Doge|celebi?
|c| xMarth|azelf
|
|switch|p1a: onion fairy god|Celebi|272\/401
|move|p2a: Aggron|Heavy Slam|p1a: onion fairy god
|-damage|p1a: onion fairy god|124\/401
|
|-heal|p1a: onion fairy god|149\/401|[from] item: Leftovers
|turn|34
|c|★Un-Doge|Oh azelf
|
|move|p1a: onion fairy god|Recover|p1a: onion fairy god
|-heal|p1a: onion fairy god|350\/401
|move|p2a: Aggron|Toxic|p1a: onion fairy god|[miss]
|-miss|p2a: Aggron|p1a: onion fairy god
|
|-heal|p1a: onion fairy god|375\/401|[from] item: Leftovers
|turn|35
|
|move|p1a: onion fairy god|Stealth Rock|p2a: Aggron
|-sidestart|p2: Un-Doge|move: Stealth Rock
|move|p2a: Aggron|Stealth Rock|p1a: onion fairy god
|-sidestart|p1: pokemonisfun|move: Stealth Rock
|
|-heal|p1a: onion fairy god|400\/401|[from] item: Leftovers
|turn|36
|c|★Un-Doge|I guess I don't have one
|
|switch|p1a: bubblsy bubbles|Swampert-Mega, F|404\/404 slp
|-damage|p1a: bubblsy bubbles|379\/404 slp|[from] Stealth Rock
|move|p2a: Aggron|Heavy Slam|p1a: bubblsy bubbles
|-resisted|p1a: bubblsy bubbles
|-damage|p1a: bubblsy bubbles|319\/404 slp
|
|turn|37
|c|★pokemonisfun|np elf sucks anyways
|c| xMarth|not that its that common to begin with
|
|switch|p2a: Chesnaught|Chesnaught, F|379\/379
|-damage|p2a: Chesnaught|356\/379|[from] Stealth Rock
|cant|p1a: bubblsy bubbles|slp
|move|p1a: bubblsy bubbles|Sleep Talk|p1a: bubblsy bubbles
|move|p1a: bubblsy bubbles|Rest|p1a: bubblsy bubbles|[from]Sleep Talk
|-fail|p1a: bubblsy bubbles
|
|-heal|p2a: Chesnaught|379\/379|[from] item: Leftovers
|turn|38
|join|ULT Bob
|c|★Un-Doge|Have yet to see Azelf on ladder
|c| xMarth|whats your counter to it pif
|
|switch|p2a: Aggron|Aggron-Mega, F|343\/343
|-damage|p2a: Aggron|322\/343|[from] Stealth Rock
|switch|p1a: batsy watzy|Crobat, M|327\/373
|-damage|p1a: batsy watzy|234\/373|[from] Stealth Rock
|
|-heal|p1a: batsy watzy|257\/373|[from] item: Black Sludge
|turn|39
|c|★pokemonisfun|dont have one either
|
|switch|p1a: bubblsy bubbles|Swampert-Mega, F|319\/404 slp
|-damage|p1a: bubblsy bubbles|294\/404 slp|[from] Stealth Rock
|move|p2a: Aggron|Roar|p1a: bubblsy bubbles
|drag|p1a: swimmy swim|Alomomola, F|471\/471
|-damage|p1a: swimmy swim|413\/471|[from] Stealth Rock
|
|-heal|p1a: swimmy swim|442\/471|[from] item: Leftovers
|turn|40
|c| xMarth|ah ic
|
|switch|p1a: bubblsy bubbles|Swampert-Mega, F|294\/404 slp
|-damage|p1a: bubblsy bubbles|269\/404 slp|[from] Stealth Rock
|switch|p2a: Tentacruel|Tentacruel, M|363\/363
|-damage|p2a: Tentacruel|318\/363|[from] Stealth Rock
|
|-heal|p2a: Tentacruel|340\/363|[from] item: Black Sludge
|turn|41
|c| ULT Bob|pif dont you lose to cm moonlight espeon
|c| ULT Bob|with psyshock and sball
|
|switch|p2a: Chesnaught|Chesnaught, F|379\/379
|-damage|p2a: Chesnaught|356\/379|[from] Stealth Rock
|cant|p1a: bubblsy bubbles|slp
|move|p1a: bubblsy bubbles|Sleep Talk|p1a: bubblsy bubbles
|move|p1a: bubblsy bubbles|Earthquake|p2a: Chesnaught|[from]Sleep Talk
|-resisted|p2a: Chesnaught
|-damage|p2a: Chesnaught|300\/379
|
|-heal|p2a: Chesnaught|323\/379|[from] item: Leftovers
|turn|42
|c|★pokemonisfun|!learn moonlight, espeon
Pokemon 'moonlight' not found.
|c| xMarth|morning sun
|c|★pokemonisfun|!learn espeon, moonlight
|raw|<div class="infobox">Espeon <span class="message-learn-cannotlearn">can't<\/span> learn Moonlight<\/div>
|c| ULT Bob|morning sun
|c| ULT Bob|same thing
|c|★pokemonisfun|psychic is probably better against me
|c|★pokemonisfun|for granbull
|c| ULT Bob|blissey tho
|c|★Un-Doge|Psyschok for blissey
|
|switch|p2a: Aggron|Aggron-Mega, F|322\/343
|-damage|p2a: Aggron|301\/343|[from] Stealth Rock
|switch|p1a: batsy watzy|Crobat, M|257\/373
|-damage|p1a: batsy watzy|164\/373|[from] Stealth Rock
|
|-heal|p1a: batsy watzy|187\/373|[from] item: Black Sludge
|turn|43
|
|move|p1a: batsy watzy|Roost|p1a: batsy watzy
|-heal|p1a: batsy watzy|373\/373
|move|p2a: Aggron|Heavy Slam|p1a: batsy watzy
|-damage|p1a: batsy watzy|166\/373
|
|-heal|p1a: batsy watzy|189\/373|[from] item: Black Sludge
|turn|44
|c|★pokemonisfun|+6 probably can get blissey
|c| xMarth|^
|
|move|p1a: batsy watzy|Roost|p1a: batsy watzy
|-heal|p1a: batsy watzy|373\/373
|move|p2a: Aggron|Heavy Slam|p1a: batsy watzy
|-damage|p1a: batsy watzy|147\/373
|
|-heal|p1a: batsy watzy|170\/373|[from] item: Black Sludge
|turn|45
|c| ULT Bob|i heard shit user 8-0'd you with reuniclus
|
|move|p1a: batsy watzy|Roost|p1a: batsy watzy
|-heal|p1a: batsy watzy|357\/373
|move|p2a: Aggron|Roar|p1a: batsy watzy
|drag|p1a: Mega Chansey|Blissey, F|651\/651
|-damage|p1a: Mega Chansey|570\/651|[from] Stealth Rock
|
|-heal|p1a: Mega Chansey|610\/651|[from] item: Leftovers
|turn|46
|raw|<div class="broadcast-red"><b>Moderated chat was set to +!<\/b><br \/>Only users of rank + and higher can talk.<\/div>
|c|★Un-Doge|Lel
|
|switch|p1a: bubblsy bubbles|Swampert-Mega, F|269\/404 slp
|-damage|p1a: bubblsy bubbles|244\/404 slp|[from] Stealth Rock
|move|p2a: Aggron|Toxic|p1a: bubblsy bubbles
|-fail|p1a: bubblsy bubbles
|
|turn|47
THEiTodd was promoted to Room Voice by pokemonisfun.
|c|+THEiTodd|ty
|
|switch|p2a: Chesnaught|Chesnaught, F|323\/379
|-damage|p2a: Chesnaught|300\/379|[from] Stealth Rock
|-curestatus|p1a: bubblsy bubbles|slp
|move|p1a: bubblsy bubbles|Scald|p2a: Chesnaught
|-resisted|p2a: Chesnaught
|-damage|p2a: Chesnaught|246\/379
|-status|p2a: Chesnaught|brn
|
|-heal|p2a: Chesnaught|269\/379 brn|[from] item: Leftovers
|-damage|p2a: Chesnaught|222\/379 brn|[from] brn
|turn|48
|c|★pokemonisfun|yeah senpai
|c|★pokemonisfun|^_^
|c|+THEiTodd|[23:06] ULT Bob: todd pls tell pif to voice me
|c|+THEiTodd|[23:06] ULT Bob: hes my senpai
|c|+THEiTodd|rip
|
|switch|p1a: onion fairy god|Celebi|400\/401
|-damage|p1a: onion fairy god|350\/401|[from] Stealth Rock
|move|p2a: Chesnaught|Leech Seed|p1a: onion fairy god
|-immune|p1a: onion fairy god|[msg]
|
|-heal|p1a: onion fairy god|375\/401|[from] item: Leftovers
|-heal|p2a: Chesnaught|245\/379 brn|[from] item: Leftovers
|-damage|p2a: Chesnaught|198\/379 brn|[from] brn
|turn|49
|
|switch|p2a: Tentacruel|Tentacruel, M|340\/363
|-damage|p2a: Tentacruel|295\/363|[from] Stealth Rock
|move|p1a: onion fairy god|Giga Drain|p2a: Tentacruel
|-damage|p2a: Tentacruel|234\/363
|-damage|p1a: onion fairy god|344\/401|[from] ability: Liquid Ooze|[of] p2a: Tentacruel
|
|-heal|p1a: onion fairy god|369\/401|[from] item: Leftovers
|-heal|p2a: Tentacruel|256\/363|[from] item: Black Sludge
|turn|50
|
|switch|p1a: bubblsy bubbles|Swampert-Mega, F|244\/404
|-damage|p1a: bubblsy bubbles|219\/404|[from] Stealth Rock
|move|p2a: Tentacruel|Sludge Bomb|p1a: bubblsy bubbles
|-resisted|p1a: bubblsy bubbles
|-damage|p1a: bubblsy bubbles|186\/404
|
|-heal|p2a: Tentacruel|278\/363|[from] item: Black Sludge
|turn|51
|
|switch|p2a: Chesnaught|Chesnaught, F|198\/379 brn
|-damage|p2a: Chesnaught|175\/379 brn|[from] Stealth Rock
|move|p1a: bubblsy bubbles|Earthquake|p2a: Chesnaught
|-resisted|p2a: Chesnaught
|-damage|p2a: Chesnaught|122\/379 brn
|
|-heal|p2a: Chesnaught|145\/379 brn|[from] item: Leftovers
|-damage|p2a: Chesnaught|98\/379 brn|[from] brn
|turn|52
|c|★pokemonisfun|lets not use the synthesis bullshit
|
|switch|p2a: Blissey|Blissey, F|713\/713
|-damage|p2a: Blissey|624\/713|[from] Stealth Rock
|switch|p1a: onion fairy god|Celebi|369\/401
|-damage|p1a: onion fairy god|319\/401|[from] Stealth Rock
|
|-heal|p1a: onion fairy god|344\/401|[from] item: Leftovers
|-heal|p2a: Blissey|668\/713|[from] item: Leftovers
|turn|53
|
|switch|p1a: bubblsy bubbles|Swampert-Mega, F|186\/404
|-damage|p1a: bubblsy bubbles|161\/404|[from] Stealth Rock
|move|p2a: Blissey|Heal Bell|p2a: Blissey
|-cureteam|p2a: Blissey|[from] move: HealBell
|
|-heal|p2a: Blissey|712\/713|[from] item: Leftovers
|turn|54
|join|DrReunitodd
|
|move|p2a: Blissey|Protect|p2a: Blissey
|-singleturn|p2a: Blissey|Protect
|move|p1a: bubblsy bubbles|Rest|p1a: bubblsy bubbles
|-status|p1a: bubblsy bubbles|slp
|-heal|p1a: bubblsy bubbles|404\/404 slp|[silent]
|-status|p1a: bubblsy bubbles|slp|[from] move: Rest
|
|-heal|p2a: Blissey|713\/713|[from] item: Leftovers
|turn|55
|
|switch|p1a: Mega Chansey|Blissey, F|610\/651
|-damage|p1a: Mega Chansey|529\/651|[from] Stealth Rock
|move|p2a: Blissey|Wish|p2a: Blissey
|
|-heal|p1a: Mega Chansey|569\/651|[from] item: Leftovers
|turn|56
|
|switch|p2a: Chesnaught|Chesnaught, F|98\/379
|-damage|p2a: Chesnaught|75\/379|[from] Stealth Rock
|move|p1a: Mega Chansey|Seismic Toss|p2a: Chesnaught
|-damage|p2a: Chesnaught|0 fnt
|faint|p2a: Chesnaught
|
|-heal|p1a: Mega Chansey|609\/651|[from] item: Leftovers
|c|★Un-Doge|I don't know why I switched into that
|c|★Un-Doge|That was pretty obvious
|
|switch|p2a: Tentacruel|Tentacruel, M|278\/363
|-damage|p2a: Tentacruel|233\/363|[from] Stealth Rock
|turn|57
|join|FUQ GLISCORE
|c|★pokemonisfun|whenever people play extended matches with me they make magical blunders
|
|move|p2a: Tentacruel|Rapid Spin|p1a: Mega Chansey
|-damage|p1a: Mega Chansey|587\/651
|-sideend|p2: Un-Doge|Stealth Rock|[from] move: Rapid Spin|[of] p2a: Tentacruel
|move|p1a: Mega Chansey|Seismic Toss|p2a: Tentacruel
|-damage|p2a: Tentacruel|133\/363
|
|-heal|p2a: Tentacruel|155\/363|[from] item: Black Sludge
|-heal|p1a: Mega Chansey|627\/651|[from] item: Leftovers
|turn|58
|
|switch|p2a: Spiritomb|Spiritomb, F|165\/303
|move|p1a: Mega Chansey|Seismic Toss|p2a: Spiritomb
|-immune|p2a: Spiritomb|[msg]
|
|-heal|p1a: Mega Chansey|651\/651|[from] item: Leftovers
|-heal|p2a: Spiritomb|183\/303|[from] item: Leftovers
|turn|59
|
|move|p1a: Mega Chansey|Toxic|p2a: Spiritomb
|-status|p2a: Spiritomb|tox
|move|p2a: Spiritomb|Will-O-Wisp|p1a: Mega Chansey
|-status|p1a: Mega Chansey|brn
|
|-heal|p2a: Spiritomb|201\/303 tox|[from] item: Leftovers
|-damage|p1a: Mega Chansey|570\/651 brn|[from] brn
|-damage|p2a: Spiritomb|183\/303 tox|[from] psn
|turn|60
|
|switch|p1a: onion fairy god|Celebi|344\/401
|-damage|p1a: onion fairy god|294\/401|[from] Stealth Rock
|switch|p2a: Blissey|Blissey, F|713\/713
|
|-heal|p1a: onion fairy god|319\/401|[from] item: Leftovers
|turn|61
|
|move|p1a: onion fairy god|Stealth Rock|p2a: Blissey
|-sidestart|p2: Un-Doge|move: Stealth Rock
|move|p2a: Blissey|Wish|p2a: Blissey
|
|-heal|p1a: onion fairy god|344\/401|[from] item: Leftovers
|turn|62
|
|switch|p1a: bubblsy bubbles|Swampert-Mega, F|404\/404 slp
|-damage|p1a: bubblsy bubbles|379\/404 slp|[from] Stealth Rock
|switch|p2a: Tentacruel|Tentacruel, M|155\/363
|-damage|p2a: Tentacruel|110\/363|[from] Stealth Rock
|
|-heal|p2a: Tentacruel|363\/363|[from] move: Wish|[wisher] Blissey
|turn|63
|join|ULT LibLuc
|
|move|p2a: Tentacruel|Scald|p1a: bubblsy bubbles
|-damage|p1a: bubblsy bubbles|328\/404 slp
|cant|p1a: bubblsy bubbles|slp
|move|p1a: bubblsy bubbles|Sleep Talk|p1a: bubblsy bubbles
|move|p1a: bubblsy bubbles|Scald|p2a: Tentacruel|[from]Sleep Talk
|-resisted|p2a: Tentacruel
|-damage|p2a: Tentacruel|335\/363
|-status|p2a: Tentacruel|brn
|
|-heal|p2a: Tentacruel|357\/363 brn|[from] item: Black Sludge
|-damage|p2a: Tentacruel|312\/363 brn|[from] brn
|turn|64
|c|★Un-Doge|Eh
|
|switch|p2a: Blissey|Blissey, F|713\/713
|-damage|p2a: Blissey|624\/713|[from] Stealth Rock
|cant|p1a: bubblsy bubbles|slp
|move|p1a: bubblsy bubbles|Sleep Talk|p1a: bubblsy bubbles
|move|p1a: bubblsy bubbles|Rest|p1a: bubblsy bubbles|[from]Sleep Talk
|-fail|p1a: bubblsy bubbles
|
|-heal|p2a: Blissey|668\/713|[from] item: Leftovers
|turn|65
|
|-curestatus|p1a: bubblsy bubbles|slp
|move|p1a: bubblsy bubbles|Earthquake|p2a: Blissey
|-damage|p2a: Blissey|350\/713
|move|p2a: Blissey|Heal Bell|p2a: Blissey
|-cureteam|p2a: Blissey|[from] move: HealBell
|
|-heal|p2a: Blissey|394\/713|[from] item: Leftovers
|turn|66
|
|move|p1a: bubblsy bubbles|Scald|p2a: Blissey
|-damage|p2a: Blissey|336\/713
|move|p2a: Blissey|Wish|p2a: Blissey
|
|-heal|p2a: Blissey|380\/713|[from] item: Leftovers
|turn|67
|
|move|p1a: bubblsy bubbles|Earthquake|p2a: Blissey
|-damage|p2a: Blissey|55\/713
|move|p2a: Blissey|Seismic Toss|p1a: bubblsy bubbles
|-damage|p1a: bubblsy bubbles|228\/404
|
|-heal|p2a: Blissey|411\/713|[from] move: Wish|[wisher] Blissey
|-heal|p2a: Blissey|455\/713|[from] item: Leftovers
|turn|68
|
|move|p1a: bubblsy bubbles|Earthquake|p2a: Blissey
|-damage|p2a: Blissey|140\/713
|move|p2a: Blissey|Wish|p2a: Blissey
|
|-heal|p2a: Blissey|184\/713|[from] item: Leftovers
|turn|69
|
|move|p2a: Blissey|Protect|p2a: Blissey
|-singleturn|p2a: Blissey|Protect
|move|p1a: bubblsy bubbles|Rest|p1a: bubblsy bubbles
|-status|p1a: bubblsy bubbles|slp
|-heal|p1a: bubblsy bubbles|404\/404 slp|[silent]
|-status|p1a: bubblsy bubbles|slp|[from] move: Rest
|
|-heal|p2a: Blissey|540\/713|[from] move: Wish|[wisher] Blissey
|-heal|p2a: Blissey|584\/713|[from] item: Leftovers
|turn|70
|
|cant|p1a: bubblsy bubbles|slp
|move|p1a: bubblsy bubbles|Sleep Talk|p1a: bubblsy bubbles
|move|p1a: bubblsy bubbles|Rest|p1a: bubblsy bubbles|[from]Sleep Talk
|-fail|p1a: bubblsy bubbles
|move|p2a: Blissey|Seismic Toss|p1a: bubblsy bubbles
|-damage|p1a: bubblsy bubbles|304\/404 slp
|
|-heal|p2a: Blissey|628\/713|[from] item: Leftovers
|turn|71
|
|switch|p2a: Aggron|Aggron-Mega, F|301\/343
|-damage|p2a: Aggron|280\/343|[from] Stealth Rock
|cant|p1a: bubblsy bubbles|slp
|move|p1a: bubblsy bubbles|Sleep Talk|p1a: bubblsy bubbles
|move|p1a: bubblsy bubbles|Scald|p2a: Aggron|[from]Sleep Talk
|-damage|p2a: Aggron|196\/343
|
|turn|72
|join|LessThanThreeMan
|join|ult toenail
|
|-curestatus|p1a: bubblsy bubbles|slp
|move|p1a: bubblsy bubbles|Earthquake|p2a: Aggron
|-supereffective|p2a: Aggron
|-damage|p2a: Aggron|96\/343
|move|p2a: Aggron|Roar|p1a: bubblsy bubbles
|drag|p1a: Mega Chansey|Blissey, F|570\/651
|-damage|p1a: Mega Chansey|489\/651|[from] Stealth Rock
|
|-heal|p1a: Mega Chansey|529\/651|[from] item: Leftovers
|turn|73
|
|switch|p1a: bubblsy bubbles|Swampert-Mega, F|304\/404
|-damage|p1a: bubblsy bubbles|279\/404|[from] Stealth Rock
|switch|p2a: Blissey|Blissey, F|628\/713
|-damage|p2a: Blissey|539\/713|[from] Stealth Rock
|
|-heal|p2a: Blissey|583\/713|[from] item: Leftovers
|turn|74
|join|ShittyExperiments
|join|dodmen
|
|move|p1a: bubblsy bubbles|Rest|p1a: bubblsy bubbles
|-status|p1a: bubblsy bubbles|slp
|-heal|p1a: bubblsy bubbles|404\/404 slp|[silent]
|-status|p1a: bubblsy bubbles|slp|[from] move: Rest
|move|p2a: Blissey|Wish|p2a: Blissey
|
|-heal|p2a: Blissey|627\/713|[from] item: Leftovers
|turn|75
|leave|LessThanThreeMan
|join|LessThanThreeMan
LessThanThreeMan was promoted to Room Voice by pokemonisfun.
|c|★Un-Doge|I'm feeling lucky
|join|Hariyana Grande
ult toenail was promoted to Room Voice by pokemonisfun.
|c|+ult toenail|hi
|c|+LessThanThreeMan|!
|c|★Un-Doge|Oh wait aggrons dead if it gets hit
|c|★pokemonisfun|i dont like sleep talk for any logical reason i just like how it picks a random move
|c|★Un-Doge|oh well
|
|switch|p2a: Aggron|Aggron-Mega, F|96\/343
|-damage|p2a: Aggron|75\/343|[from] Stealth Rock
|cant|p1a: bubblsy bubbles|slp
|move|p1a: bubblsy bubbles|Sleep Talk|p1a: bubblsy bubbles
|move|p1a: bubblsy bubbles|Rest|p1a: bubblsy bubbles|[from]Sleep Talk
|-fail|p1a: bubblsy bubbles
|
|-heal|p2a: Aggron|343\/343|[from] move: Wish|[wisher] Blissey
|turn|76
|c|+dodmen|rip
|c|+THEiTodd|ahh
|c|★pokemonisfun|unrip
|c|+LessThanThreeMan|unrip indeed
|leave|xMarth
|
|cant|p1a: bubblsy bubbles|slp
|move|p1a: bubblsy bubbles|Sleep Talk|p1a: bubblsy bubbles
|move|p1a: bubblsy bubbles|Scald|p2a: Aggron|[from]Sleep Talk
|-damage|p2a: Aggron|262\/343
|move|p2a: Aggron|Heavy Slam|p1a: bubblsy bubbles
|-resisted|p1a: bubblsy bubbles
|-damage|p1a: bubblsy bubbles|350\/404 slp
|
|turn|77
|join|xMarth
|leave|dodmen
|
|switch|p2a: Blissey|Blissey, F|627\/713
|-damage|p2a: Blissey|538\/713|[from] Stealth Rock
|-curestatus|p1a: bubblsy bubbles|slp
|move|p1a: bubblsy bubbles|Earthquake|p2a: Blissey
|-damage|p2a: Blissey|187\/713
|
|-heal|p2a: Blissey|231\/713|[from] item: Leftovers
|turn|78
|c|★pokemonisfun|rip
|leave|xMarth
|
|move|p2a: Blissey|Protect|p2a: Blissey
|-singleturn|p2a: Blissey|Protect
|move|p1a: bubblsy bubbles|Earthquake|p2a: Blissey
|-activate|p2a: Blissey|Protect
|
|-heal|p2a: Blissey|275\/713|[from] item: Leftovers
|turn|79
|c|★Un-Doge|As of late my teams have been failing me
|
|move|p2a: Blissey|Protect|p2a: Blissey
|-singleturn|p2a: Blissey|Protect
|move|p1a: bubblsy bubbles|Earthquake|p2a: Blissey
|-activate|p2a: Blissey|Protect
|
|-heal|p2a: Blissey|319\/713|[from] item: Leftovers
|turn|80
|c|★Un-Doge|,aybe I'm destined to be a 1400s player
|
|move|p2a: Blissey|Protect|p2a: Blissey
|-fail|p2a: Blissey
|move|p1a: bubblsy bubbles|Earthquake|p2a: Blissey
|-damage|p2a: Blissey|0 fnt
|faint|p2a: Blissey
|
|c|+THEiTodd|its ok
|
|switch|p2a: Arcanine|Arcanine, F|383\/383
|-damage|p2a: Arcanine|288\/383|[from] Stealth Rock
|-ability|p2a: Arcanine|Intimidate|[of] p1a: bubblsy bubbles
|-unboost|p1a: bubblsy bubbles|atk|1
|turn|81
|c|+THEiTodd|pokemonisfun is my senpai for a reason
|c|+THEiTodd|^_^
|c|★pokemonisfun|thanks senpai
|c|★pokemonisfun|:]
|c|+THEiTodd|:]
|
|move|p2a: Arcanine|Will-O-Wisp|p1a: bubblsy bubbles|[miss]
|-miss|p2a: Arcanine|p1a: bubblsy bubbles
|move|p1a: bubblsy bubbles|Scald|p2a: Arcanine
|-supereffective|p2a: Arcanine
|-damage|p2a: Arcanine|114\/383
|
|-heal|p2a: Arcanine|137\/383|[from] item: Leftovers
|turn|82
|
|move|p2a: Arcanine|Morning Sun|p2a: Arcanine
|-heal|p2a: Arcanine|328\/383
|move|p1a: bubblsy bubbles|Scald|p2a: Arcanine
|-supereffective|p2a: Arcanine
|-damage|p2a: Arcanine|146\/383
|
|-heal|p2a: Arcanine|169\/383|[from] item: Leftovers
|turn|83
|
|move|p2a: Arcanine|Flare Blitz|p1a: bubblsy bubbles
|-resisted|p1a: bubblsy bubbles
|-damage|p1a: bubblsy bubbles|278\/404
|-damage|p2a: Arcanine|145\/383|[from] recoil|[of] p1a: bubblsy bubbles
|move|p1a: bubblsy bubbles|Scald|p2a: Arcanine
|-supereffective|p2a: Arcanine
|-damage|p2a: Arcanine|0 fnt
|faint|p2a: Arcanine
|
|
|switch|p2a: Spiritomb|Spiritomb, F|183\/303
|-damage|p2a: Spiritomb|146\/303|[from] Stealth Rock
|turn|84
|
|move|p1a: bubblsy bubbles|Scald|p2a: Spiritomb
|-damage|p2a: Spiritomb|61\/303
|move|p2a: Spiritomb|Curse|p1a: bubblsy bubbles
|-start|p1a: bubblsy bubbles|Curse|[of] p2a: Spiritomb
|-damage|p2a: Spiritomb|0 fnt
|faint|p2a: Spiritomb
|
|-damage|p1a: bubblsy bubbles|177\/404|[from] Curse
|
|switch|p2a: Aggron|Aggron-Mega, F|262\/343
|-damage|p2a: Aggron|241\/343|[from] Stealth Rock
|turn|85
|
|switch|p1a: swimmy swim|Alomomola, F|471\/471
|-damage|p1a: swimmy swim|413\/471|[from] Stealth Rock
|move|p2a: Aggron|Heavy Slam|p1a: swimmy swim
|-resisted|p1a: swimmy swim
|-damage|p1a: swimmy swim|333\/471
|
|-heal|p1a: swimmy swim|362\/471|[from] item: Leftovers
|turn|86
|
|switch|p2a: Tentacruel|Tentacruel, M|312\/363
|-damage|p2a: Tentacruel|267\/363|[from] Stealth Rock
|move|p1a: swimmy swim|Wish|p1a: swimmy swim
|
|-heal|p2a: Tentacruel|289\/363|[from] item: Black Sludge
|-heal|p1a: swimmy swim|391\/471|[from] item: Leftovers
|turn|87
|
|switch|p1a: bubblsy bubbles|Swampert-Mega, F|177\/404
|-damage|p1a: bubblsy bubbles|152\/404|[from] Stealth Rock
|move|p2a: Tentacruel|Scald|p1a: bubblsy bubbles
|-damage|p1a: bubblsy bubbles|94\/404
|
|-heal|p1a: bubblsy bubbles|329\/404|[from] move: Wish|[wisher] swimmy swim
|-heal|p2a: Tentacruel|311\/363|[from] item: Black Sludge
|turn|88
|
|move|p2a: Tentacruel|Scald|p1a: bubblsy bubbles
|-damage|p1a: bubblsy bubbles|277\/404
|move|p1a: bubblsy bubbles|Earthquake|p2a: Tentacruel
|-supereffective|p2a: Tentacruel
|-damage|p2a: Tentacruel|0 fnt
|faint|p2a: Tentacruel
|
|
|switch|p2a: Aggron|Aggron-Mega, F|241\/343
|-damage|p2a: Aggron|220\/343|[from] Stealth Rock
|turn|89
|
|move|p1a: bubblsy bubbles|Scald|p2a: Aggron
|-damage|p2a: Aggron|138\/343
|move|p2a: Aggron|Roar|p1a: bubblsy bubbles
|drag|p1a: onion fairy god|Celebi|344\/401
|-damage|p1a: onion fairy god|294\/401|[from] Stealth Rock
|
|-heal|p1a: onion fairy god|319\/401|[from] item: Leftovers
|turn|90
|
|move|p1a: onion fairy god|Perish Song|p1a: onion fairy god
|-fieldactivate|move: Perish Song
|move|p2a: Aggron|Roar|p1a: onion fairy god
|drag|p1a: Mega Chansey|Blissey, F|529\/651
|-damage|p1a: Mega Chansey|448\/651|[from] Stealth Rock
|
|-start|p2a: Aggron|perish3
|-heal|p1a: Mega Chansey|488\/651|[from] item: Leftovers
|turn|91
|c|★Un-Doge|Gg
|
|switch|p1a: bubblsy bubbles|Swampert-Mega, F|277\/404
|-damage|p1a: bubblsy bubbles|252\/404|[from] Stealth Rock
|move|p2a: Aggron|Heavy Slam|p1a: bubblsy bubbles
|-resisted|p1a: bubblsy bubbles
|-damage|p1a: bubblsy bubbles|198\/404
|
|-start|p2a: Aggron|perish2
|turn|92
|c|★pokemonisfun|gg
|
|move|p1a: bubblsy bubbles|Rest|p1a: bubblsy bubbles
|-status|p1a: bubblsy bubbles|slp
|-heal|p1a: bubblsy bubbles|404\/404 slp|[silent]
|-status|p1a: bubblsy bubbles|slp|[from] move: Rest
|move|p2a: Aggron|Heavy Slam|p1a: bubblsy bubbles
|-crit|p1a: bubblsy bubbles
|-resisted|p1a: bubblsy bubbles
|-damage|p1a: bubblsy bubbles|311\/404 slp
|
|-start|p2a: Aggron|perish1
|turn|93
|-message|Un-Doge forfeited.
|leave|Un-Doge
|
|win|pokemonisfun
|raw|Ladder updating...
|player|p2
|raw|pokemonisfun's rating: 1736 &rarr; <strong>1743<\/strong><br \/>(+7 for winning)
|raw|Un-Doge's rating: 1460 &rarr; <strong>1453<\/strong><br \/>(-7 for losing)