|join|wts this
|join|Meireles
|player|p1|wts this|20
|player|p2|Meireles|88
|gametype|singles
|gen|6
|tier|OU
|rated
|clearpoke
|poke|p1|Lopunny, F, shiny
|poke|p1|Talonflame, M
|poke|p1|Bronzong
|poke|p1|Quagsire, F
|poke|p1|Manaphy
|poke|p1|Latios, M
|poke|p2|Diancie
|poke|p2|Latios, M
|poke|p2|Talonflame, F
|poke|p2|Azumarill, F
|poke|p2|Magnezone
|poke|p2|Landorus-Therian, M
|rule|Swagger Clause: Swagger is banned
|rule|Baton Pass Clause: Limit one Pokémon knowing Baton Pass
|rule|Sleep Clause Mod: Limit one foe put to sleep
|rule|Species Clause: Limit one of each Pokémon
|rule|OHKO Clause: OHKO moves are banned
|rule|Moody Clause: Moody is banned
|rule|Evasion Moves Clause: Evasion moves are banned
|rule|Endless Battle Clause: Forcing endless battles is banned
|rule|HP Percentage Mod: HP is shown in percentages
|teampreview
|
|start
|switch|p1a: Bronzong|Bronzong|338\/338
|switch|p2a: Landorus-Therian|Landorus-Therian, M|319\/319
|-ability|p2a: Landorus-Therian|Intimidate|[of] p1a: Bronzong
|-unboost|p1a: Bronzong|atk|1
|turn|1
|
|move|p2a: Landorus-Therian|Knock Off|p1a: Bronzong
|-supereffective|p1a: Bronzong
|-damage|p1a: Bronzong|130\/338
|-enditem|p1a: Bronzong|Leftovers|[from] move: Knock Off|[of] p2a: Landorus-Therian
|move|p1a: Bronzong|Stealth Rock|p2a: Landorus-Therian
|-sidestart|p2: Meireles|move: Stealth Rock
|
|turn|2
|
|switch|p1a: Quagsire|Quagsire, F|394\/394
|move|p2a: Landorus-Therian|Knock Off|p1a: Quagsire
|-damage|p1a: Quagsire|294\/394
|-enditem|p1a: Quagsire|Leftovers|[from] move: Knock Off|[of] p2a: Landorus-Therian
|
|turn|3
|
|switch|p2a: Azumarill|Azumarill, F|381\/381
|-damage|p2a: Azumarill|334\/381|[from] Stealth Rock
|move|p1a: Quagsire|Toxic|p2a: Azumarill
|-status|p2a: Azumarill|tox
|
|-damage|p2a: Azumarill|311\/381 tox|[from] psn
|turn|4
|
|move|p2a: Azumarill|Waterfall|p1a: Quagsire
|-damage|p1a: Quagsire|101\/394
|move|p1a: Quagsire|Recover|p1a: Quagsire
|-heal|p1a: Quagsire|298\/394
|
|-damage|p2a: Azumarill|265\/381 tox|[from] psn
|turn|5
|
|switch|p2a: Latios|Latios, M|299\/299
|-damage|p2a: Latios|262\/299|[from] Stealth Rock
|switch|p1a: Manaphy|Manaphy|401\/401
|
|turn|6
|
|switch|p1a: Bronzong|Bronzong|130\/338
|move|p2a: Latios|Defog|p1a: Bronzong
|-unboost|p1a: Bronzong|evasion|1
|-sideend|p2: Meireles|Stealth Rock|[from] move: Defog|[of] p2a: Latios
|
|turn|7
|
|switch|p2a: Magnezone|Magnezone|281\/281
|move|p1a: Bronzong|Stealth Rock|p2a: Magnezone
|-sidestart|p2: Meireles|move: Stealth Rock
|
|turn|8
|
|move|p2a: Magnezone|Thunderbolt|p1a: Bronzong
|-damage|p1a: Bronzong|0 fnt
|faint|p1a: Bronzong
|
|
|switch|p1a: Lopunny|Lopunny, F, shiny|271\/271
|turn|9
|
|switch|p2a: Landorus-Therian|Landorus-Therian, M|319\/319
|-damage|p2a: Landorus-Therian|280\/319|[from] Stealth Rock
|-ability|p2a: Landorus-Therian|Intimidate|[of] p1a: Lopunny
|-unboost|p1a: Lopunny|atk|1
|detailschange|p1a: Lopunny|Lopunny-Mega, F, shiny
|-mega|p1a: Lopunny|Lopunny|Lopunnite
|move|p1a: Lopunny|Return|p2a: Landorus-Therian
|-damage|p2a: Landorus-Therian|141\/319
|
|turn|10
|
|switch|p1a: Quagsire|Quagsire, F|298\/394
|move|p2a: Landorus-Therian|Earthquake|p1a: Quagsire
|-damage|p1a: Quagsire|148\/394
|
|turn|11
|
|switch|p1a: Latios|Latios, M|301\/301
|move|p2a: Landorus-Therian|Earthquake|p1a: Latios
|-immune|p1a: Latios|[msg]
|
|turn|12
|
|switch|p2a: Azumarill|Azumarill, F|265\/381 tox
|-damage|p2a: Azumarill|218\/381 tox|[from] Stealth Rock
|move|p1a: Latios|Psyshock|p2a: Azumarill
|-damage|p2a: Azumarill|6\/381 tox
|-damage|p1a: Latios|271\/301|[from] item: Life Orb
|
|-damage|p2a: Azumarill|0 fnt|[from] psn
|faint|p2a: Azumarill
|
|switch|p2a: Diancie|Diancie|241\/241
|-damage|p2a: Diancie|211\/241|[from] Stealth Rock
|turn|13
|
|switch|p1a: Manaphy|Manaphy|401\/401
|detailschange|p2a: Diancie|Diancie-Mega
|-mega|p2a: Diancie|Diancie|Diancite
|move|p2a: Diancie|Moonblast|p1a: Manaphy
|-damage|p1a: Manaphy|253\/401
|-unboost|p1a: Manaphy|spa|1
|
|-heal|p1a: Manaphy|278\/401|[from] item: Leftovers
|turn|14
|
|switch|p2a: Latios|Latios, M|262\/299
|-damage|p2a: Latios|225\/299|[from] Stealth Rock
|switch|p1a: Lopunny|Lopunny-Mega, F, shiny|271\/271
|
|turn|15
|
|switch|p2a: Landorus-Therian|Landorus-Therian, M|141\/319
|-damage|p2a: Landorus-Therian|102\/319|[from] Stealth Rock
|-ability|p2a: Landorus-Therian|Intimidate|[of] p1a: Lopunny
|-unboost|p1a: Lopunny|atk|1
|move|p1a: Lopunny|Fake Out|p2a: Landorus-Therian
|-damage|p2a: Landorus-Therian|50\/319
|
|turn|16
|
|move|p1a: Lopunny|Quick Attack|p2a: Landorus-Therian
|-damage|p2a: Landorus-Therian|0 fnt
|faint|p2a: Landorus-Therian
|
|
|switch|p2a: Talonflame|Talonflame, F|297\/297
|-damage|p2a: Talonflame|149\/297|[from] Stealth Rock
|turn|17
|
|switch|p1a: Quagsire|Quagsire, F|148\/394
|move|p2a: Talonflame|Swords Dance|p2a: Talonflame
|-boost|p2a: Talonflame|atk|2
|
|turn|18
|
|move|p2a: Talonflame|Brave Bird|p1a: Quagsire
|-damage|p1a: Quagsire|10\/394
|-damage|p2a: Talonflame|103\/297|[from] recoil|[of] p1a: Quagsire
|move|p1a: Quagsire|Recover|p1a: Quagsire
|-heal|p1a: Quagsire|207\/394
|
|turn|19
|
|move|p2a: Talonflame|Roost|p2a: Talonflame
|-heal|p2a: Talonflame|252\/297
|move|p1a: Quagsire|Recover|p1a: Quagsire
|-heal|p1a: Quagsire|394\/394
|
|turn|20
|
|switch|p2a: Latios|Latios, M|225\/299
|-damage|p2a: Latios|188\/299|[from] Stealth Rock
|move|p1a: Quagsire|Scald|p2a: Latios
|-resisted|p2a: Latios
|-damage|p2a: Latios|160\/299
|
|turn|21
|
|switch|p1a: Lopunny|Lopunny-Mega, F, shiny|271\/271
|move|p2a: Latios|Defog|p1a: Lopunny
|-unboost|p1a: Lopunny|evasion|1
|-sideend|p2: Meireles|Stealth Rock|[from] move: Defog|[of] p2a: Latios
|
|turn|22
|
|switch|p2a: Magnezone|Magnezone|281\/281
|move|p1a: Lopunny|Return|p2a: Magnezone
|-resisted|p2a: Magnezone
|-damage|p2a: Magnezone|199\/281
|
|turn|23
|
|move|p1a: Lopunny|High Jump Kick|p2a: Magnezone|[miss]
|-miss|p1a: Lopunny|p2a: Magnezone
|-damage|p1a: Lopunny|136\/271|[from] highjumpkick
|move|p2a: Magnezone|Volt Switch|p1a: Lopunny
|-damage|p1a: Lopunny|0 fnt
|faint|p1a: Lopunny
|c|★wts this|AT
|c|★Meireles|:(
|c|★wts this|ar
|c|★wts this|..
|c|★Meireles|sorry
|
|switch|p2a: Latios|Latios, M|160\/299
|
|
|switch|p1a: Talonflame|Talonflame, M|359\/359
|turn|24
|
|switch|p2a: Diancie|Diancie-Mega|211\/241
|move|p1a: Talonflame|Brave Bird|p2a: Diancie
|-resisted|p2a: Diancie
|-damage|p2a: Diancie|158\/241
|-damage|p1a: Talonflame|342\/359|[from] recoil|[of] p2a: Diancie
|
|-heal|p1a: Talonflame|359\/359|[from] item: Leftovers
|turn|25
|
|switch|p1a: Manaphy|Manaphy|278\/401
|move|p2a: Diancie|Moonblast|p1a: Manaphy
|-damage|p1a: Manaphy|128\/401
|
|-heal|p1a: Manaphy|153\/401|[from] item: Leftovers
|turn|26
|
|switch|p2a: Latios|Latios, M|160\/299
|move|p1a: Manaphy|Scald|p2a: Latios
|-resisted|p2a: Latios
|-damage|p2a: Latios|118\/299
|
|-heal|p1a: Manaphy|178\/401|[from] item: Leftovers
|turn|27
|
|switch|p1a: Talonflame|Talonflame, M|359\/359
|move|p2a: Latios|Draco Meteor|p1a: Talonflame
|-damage|p1a: Talonflame|81\/359
|-unboost|p2a: Latios|spa|2
|-damage|p2a: Latios|89\/299|[from] item: Life Orb
|
|-heal|p1a: Talonflame|103\/359|[from] item: Leftovers
|turn|28
|
|switch|p1a: Manaphy|Manaphy|178\/401
|move|p2a: Latios|Draco Meteor|p1a: Manaphy
|-damage|p1a: Manaphy|68\/401
|-unboost|p2a: Latios|spa|2
|-damage|p2a: Latios|60\/299|[from] item: Life Orb
|
|-heal|p1a: Manaphy|93\/401|[from] item: Leftovers
|turn|29
|
|switch|p2a: Magnezone|Magnezone|199\/281
|move|p1a: Manaphy|Rest|p1a: Manaphy
|-status|p1a: Manaphy|slp
|-heal|p1a: Manaphy|401\/401 slp|[silent]
|-status|p1a: Manaphy|slp|[from] move: Rest
|
|turn|30
|
|switch|p1a: Quagsire|Quagsire, F|394\/394
|move|p2a: Magnezone|Thunderbolt|p1a: Quagsire
|-immune|p1a: Quagsire|[msg]
|
|turn|31
|
|switch|p2a: Latios|Latios, M|60\/299
|move|p1a: Quagsire|Scald|p2a: Latios
|-resisted|p2a: Latios
|-damage|p2a: Latios|28\/299
|
|turn|32
|
|switch|p1a: Manaphy|Manaphy|401\/401 slp
|move|p2a: Latios|Psyshock|p1a: Manaphy
|-damage|p1a: Manaphy|209\/401 slp
|-damage|p2a: Latios|0 fnt|[from] item: Life Orb
|faint|p2a: Latios
|
|-heal|p1a: Manaphy|234\/401 slp|[from] item: Leftovers
|
|switch|p2a: Diancie|Diancie-Mega|158\/241
|turn|33
|
|move|p2a: Diancie|Diamond Storm|p1a: Manaphy
|-damage|p1a: Manaphy|62\/401 slp
|-boost|p2a: Diancie|def|1
|cant|p1a: Manaphy|slp
|
|-heal|p1a: Manaphy|87\/401 slp|[from] item: Leftovers
|turn|34
|
|move|p2a: Diancie|Diamond Storm|p1a: Manaphy
|-damage|p1a: Manaphy|0 fnt
|faint|p1a: Manaphy
|
|
|switch|p1a: Quagsire|Quagsire, F|394\/394
|turn|35
|
|switch|p2a: Magnezone|Magnezone|199\/281
|move|p1a: Quagsire|Earthquake|p2a: Magnezone
|-supereffective|p2a: Magnezone
|-damage|p2a: Magnezone|0 fnt
|faint|p2a: Magnezone
|
|
|switch|p2a: Talonflame|Talonflame, F|252\/297
|turn|36
|
|move|p2a: Talonflame|Flare Blitz|p1a: Quagsire
|-crit|p1a: Quagsire
|-resisted|p1a: Quagsire
|-damage|p1a: Quagsire|305\/394
|-damage|p2a: Talonflame|223\/297|[from] recoil|[of] p1a: Quagsire
|move|p1a: Quagsire|Toxic|p2a: Talonflame
|-status|p2a: Talonflame|tox
|
|-damage|p2a: Talonflame|205\/297 tox|[from] psn
|turn|37
|
|move|p2a: Talonflame|Brave Bird|p1a: Quagsire
|-damage|p1a: Quagsire|163\/394
|-damage|p2a: Talonflame|158\/297 tox|[from] recoil|[of] p1a: Quagsire
|move|p1a: Quagsire|Recover|p1a: Quagsire
|-heal|p1a: Quagsire|360\/394
|
|-damage|p2a: Talonflame|122\/297 tox|[from] psn
|turn|38
|
|move|p2a: Talonflame|Flare Blitz|p1a: Quagsire
|-resisted|p1a: Quagsire
|-damage|p1a: Quagsire|296\/394
|-status|p1a: Quagsire|brn
|-damage|p2a: Talonflame|101\/297 tox|[from] recoil|[of] p1a: Quagsire
|move|p1a: Quagsire|Recover|p1a: Quagsire
|-heal|p1a: Quagsire|394\/394 brn
|
|-damage|p2a: Talonflame|47\/297 tox|[from] psn
|-damage|p1a: Quagsire|345\/394 brn|[from] brn
|turn|39
|
|move|p2a: Talonflame|Brave Bird|p1a: Quagsire
|-damage|p1a: Quagsire|185\/394 brn
|-damage|p2a: Talonflame|0 fnt|[from] recoil|[of] p1a: Quagsire
|faint|p2a: Talonflame
|move|p1a: Quagsire|Recover|p1a: Quagsire
|-heal|p1a: Quagsire|382\/394 brn
|
|-damage|p1a: Quagsire|333\/394 brn|[from] brn
|
|switch|p2a: Diancie|Diancie-Mega|158\/241
|turn|40
|
|move|p2a: Diancie|Moonblast|p1a: Quagsire
|-damage|p1a: Quagsire|36\/394 brn
|-unboost|p1a: Quagsire|spa|1
|move|p1a: Quagsire|Scald|p2a: Diancie
|-supereffective|p2a: Diancie
|-damage|p2a: Diancie|72\/241
|
|-damage|p1a: Quagsire|0 fnt|[from] brn
|faint|p1a: Quagsire
|c|★wts this|gg
|c|★wts this|u win
|c|★wts this|with ur hax
|c|★wts this|nice
|
|switch|p1a: Latios|Latios, M|271\/301
|turn|41
|
|move|p2a: Diancie|Moonblast|p1a: Latios
|-supereffective|p1a: Latios
|-damage|p1a: Latios|0 fnt
|faint|p1a: Latios
|
|
|switch|p1a: Talonflame|Talonflame, M|103\/359
|turn|42
|c|★Meireles|i think
|c|★Meireles|you can ko
|c|★wts this|the burn
|c|★wts this|and the drop
|c|★wts this|u burn my Quagsire
|c|★wts this|i can EQ
|c|★wts this|and u drop my sp.atk
|c|★wts this|i must KO u if u didnt burn\/ drop me
|
|move|p1a: Talonflame|Brave Bird|p2a: Diancie
|-resisted|p2a: Diancie
|-damage|p2a: Diancie|19\/241
|-damage|p1a: Talonflame|86\/359|[from] recoil|[of] p2a: Diancie
|move|p2a: Diancie|Diamond Storm|p1a: Talonflame
|-supereffective|p1a: Talonflame
|-damage|p1a: Talonflame|0 fnt
|-boost|p2a: Diancie|def|1
|faint|p1a: Talonflame
|
|win|Meireles
|raw|Ladder updating...
|raw|wts this's rating: 1488 &rarr; <strong>1465<\/strong><br \/>(-23 for losing)
|raw|Meireles's rating: 1442 &rarr; <strong>1464<\/strong><br \/>(+22 for winning)
|c|★wts this|this really sucks
|c|★Meireles|gg
|c|★wts this|not gg
|leave|Meireles
|player|p2
|c|★wts this|dont even call it gg
|leave|wts this
|player|p1
|join|wts this
|leave|wts this
|join|wts this