|join|Rockquanda
|join|Rubicon
|player|p1|Rockquanda|188
|player|p2|Rubicon|129
|gametype|singles
|gen|6
|tier|UU
|rated
|rule|Sleep Clause Mod: Limit one foe put to sleep
|rule|Species Clause: Limit one of each Pokémon
|rule|OHKO Clause: OHKO moves are banned
|rule|Moody Clause: Moody is banned
|rule|Evasion Moves Clause: Evasion moves are banned
|rule|Endless Battle Clause: Forcing endless battles is banned
|rule|HP Percentage Mod: HP is shown in percentages
|clearpoke
|poke|p1|Slowbro, F
|poke|p1|Chesnaught, M
|poke|p1|Rotom-Heat
|poke|p1|Noivern, M
|poke|p1|Forretress, M
|poke|p1|Krookodile, F
|poke|p2|Alomomola, F
|poke|p2|Drapion, M
|poke|p2|Cacturne, M
|poke|p2|Entei, shiny
|poke|p2|Togetic, F
|poke|p2|Alakazam, F
|rule|Swagger Clause: Swagger is banned
|rule|Baton Pass Clause: Limit one Pokémon knowing Baton Pass
|teampreview
|
|start
|switch|p1a: Nokiyah|Rotom-Heat|241\/241
|switch|p2a: Sting'Zorga|Drapion, M|343\/343
|turn|1
|
|move|p1a: Nokiyah|Trick|p2a: Sting'Zorga
|-activate|p1a: Nokiyah|move: Trick|[of] p2a: Sting'Zorga
|-item|p2a: Sting'Zorga|Choice Scarf|[from] move: Trick
|-item|p1a: Nokiyah|Black Sludge|[from] move: Trick
|move|p2a: Sting'Zorga|Taunt|p1a: Nokiyah
|-start|p1a: Nokiyah|move: Taunt
|
|-damage|p1a: Nokiyah|211\/241|[from] item: Black Sludge
|turn|2
|
|move|p2a: Sting'Zorga|Taunt|p1a: Nokiyah
|-fail|p1a: Nokiyah
|move|p1a: Nokiyah|Volt Switch|p2a: Sting'Zorga
|-damage|p2a: Sting'Zorga|252\/343
|
|switch|p1a: Rhoshanda|Krookodile, F|331\/331
|
|turn|3
|
|switch|p2a: Lonely Heart|Alomomola, F|497\/497
|move|p1a: Rhoshanda|Knock Off|p2a: Lonely Heart
|-damage|p2a: Lonely Heart|367\/497
|-damage|p1a: Rhoshanda|276\/331|[from] item: Rocky Helmet|[of] p2a: Lonely Heart
|-enditem|p2a: Lonely Heart|Rocky Helmet|[from] move: Knock Off|[of] p1a: Rhoshanda
|
|turn|4
|
|switch|p1a: I Will Cut You|Chesnaught, M|380\/380
|move|p2a: Lonely Heart|Wish|p2a: Lonely Heart
|
|turn|5
|
|switch|p2a: Sting'Zorga|Drapion, M|252\/343
|move|p1a: I Will Cut You|Leech Seed|p2a: Sting'Zorga
|-start|p2a: Sting'Zorga|move: Leech Seed
|
|-heal|p2a: Sting'Zorga|343\/343|[from] move: Wish|[wisher] Lonely Heart
|-damage|p2a: Sting'Zorga|301\/343|[from] Leech Seed|[of] p1a: I Will Cut You
|turn|6
|
|move|p1a: I Will Cut You|Spiky Shield|p1a: I Will Cut You
|-singleturn|p1a: I Will Cut You|move: Protect
|move|p2a: Sting'Zorga|Toxic Spikes|p1a: I Will Cut You
|-sidestart|p1: Rockquanda|move: Toxic Spikes
|
|-damage|p2a: Sting'Zorga|259\/343|[from] Leech Seed|[of] p1a: I Will Cut You
|turn|7
|
|switch|p2a: ARGRARJGHH|Entei, shiny|371\/371
|-ability|p2a: ARGRARJGHH|Pressure
|switch|p1a: Rockquanda|Forretress, M|354\/354
|
|turn|8
|
|move|p2a: ARGRARJGHH|Sacred Fire|p1a: Rockquanda
|-supereffective|p1a: Rockquanda
|-activate|p1a: Rockquanda|Sturdy
|-damage|p1a: Rockquanda|1\/354
|move|p1a: Rockquanda|Rapid Spin|p2a: ARGRARJGHH
|-damage|p2a: ARGRARJGHH|355\/371
|-sideend|p1: Rockquanda|Toxic Spikes|[from] move: Rapid Spin|[of] p1a: Rockquanda
|
|turn|9
|
|switch|p1a: Lukeemyah|Slowbro, F|394\/394
|move|p2a: ARGRARJGHH|Sacred Fire|p1a: Lukeemyah
|-resisted|p1a: Lukeemyah
|-damage|p1a: Lukeemyah|296\/394
|-status|p1a: Lukeemyah|brn
|
|-heal|p1a: Lukeemyah|320\/394 brn|[from] item: Leftovers
|-damage|p1a: Lukeemyah|271\/394 brn|[from] brn
|turn|10
|
|switch|p2a: Lonely Heart|Alomomola, F|497\/497
|switch|p1a: Nokiyah|Rotom-Heat|211\/241
|
|-damage|p1a: Nokiyah|181\/241|[from] item: Black Sludge
|turn|11
|
|switch|p2a: Sting'Zorga|Drapion, M|259\/343
|move|p1a: Nokiyah|Volt Switch|p2a: Sting'Zorga
|-damage|p2a: Sting'Zorga|157\/343
|
|switch|p1a: Rhoshanda|Krookodile, F|276\/331
|
|turn|12
|
|switch|p2a: Lonely Heart|Alomomola, F|497\/497
|move|p1a: Rhoshanda|Earthquake|p2a: Lonely Heart
|-damage|p2a: Lonely Heart|370\/497
|
|turn|13
|
|switch|p1a: I Will Cut You|Chesnaught, M|380\/380
|switch|p2a: Paragon|Togetic, F|313\/313
|
|turn|14
|
|switch|p1a: Nokiyah|Rotom-Heat|181\/241
|move|p2a: Paragon|Psychic|p1a: Nokiyah
|-damage|p1a: Nokiyah|122\/241
|
|-damage|p1a: Nokiyah|92\/241|[from] item: Black Sludge
|turn|15
|
|move|p1a: Nokiyah|Trick|p2a: Paragon
|-activate|p1a: Nokiyah|move: Trick|[of] p2a: Paragon
|-item|p2a: Paragon|Black Sludge|[from] move: Trick
|-item|p1a: Nokiyah|Eviolite|[from] move: Trick
|move|p2a: Paragon|Psychic|p1a: Nokiyah
|-damage|p1a: Nokiyah|35\/241
|
|-damage|p2a: Paragon|274\/313|[from] item: Black Sludge
|turn|16
|
|move|p1a: Nokiyah|Pain Split|p2a: Paragon
|-sethp|p2a: Paragon|154\/313|p1a: Nokiyah|154\/241|[from] move: Pain Split
|move|p2a: Paragon|Roost|p2a: Paragon
|-heal|p2a: Paragon|311\/313
|
|-damage|p2a: Paragon|272\/313|[from] item: Black Sludge
|turn|17
|
|move|p1a: Nokiyah|Volt Switch|p2a: Paragon
|-supereffective|p2a: Paragon
|-damage|p2a: Paragon|116\/313
|
|switch|p1a: Rockquanda|Forretress, M|1\/354
|move|p2a: Paragon|Roost|p2a: Paragon
|-heal|p2a: Paragon|273\/313
|
|-damage|p2a: Paragon|234\/313|[from] item: Black Sludge
|turn|18
|
|switch|p1a: Rhoshanda|Krookodile, F|276\/331
|move|p2a: Paragon|Psychic|p1a: Rhoshanda
|-immune|p1a: Rhoshanda|[msg]
|
|-damage|p2a: Paragon|195\/313|[from] item: Black Sludge
|turn|19
|
|switch|p1a: Nokiyah|Rotom-Heat|154\/241
|switch|p2a: Sting'Zorga|Drapion, M|157\/343
|
|turn|20
|
|move|p2a: Sting'Zorga|Toxic Spikes|p1a: Nokiyah
|-sidestart|p1: Rockquanda|move: Toxic Spikes
|move|p1a: Nokiyah|Overheat|p2a: Sting'Zorga
|-damage|p2a: Sting'Zorga|0 fnt
|-unboost|p1a: Nokiyah|spa|2
|faint|p2a: Sting'Zorga
|
|
|switch|p2a: Cereal killer|Alakazam, F|252\/252
|turn|21
|
|switch|p1a: Rockquanda|Forretress, M|1\/354
|move|p2a: Cereal killer|Psyshock|p1a: Rockquanda
|-resisted|p1a: Rockquanda
|-damage|p1a: Rockquanda|0 fnt
|faint|p1a: Rockquanda
|
|
|switch|p1a: Rhoshanda|Krookodile, F|276\/331
|-status|p1a: Rhoshanda|psn
|turn|22
|
|switch|p2a: Lonely Heart|Alomomola, F|497\/497
|move|p1a: Rhoshanda|Knock Off|p2a: Lonely Heart
|-damage|p2a: Lonely Heart|404\/497
|
|-damage|p1a: Rhoshanda|235\/331 psn|[from] psn
|turn|23
|
|switch|p1a: I Will Cut You|Chesnaught, M|380\/380
|-status|p1a: I Will Cut You|psn
|move|p2a: Lonely Heart|Wish|p2a: Lonely Heart
|
|-damage|p1a: I Will Cut You|333\/380 psn|[from] psn
|turn|24
|
|switch|p2a: ARGRARJGHH|Entei, shiny|355\/371
|-ability|p2a: ARGRARJGHH|Pressure
|move|p1a: I Will Cut You|Leech Seed|p2a: ARGRARJGHH
|-start|p2a: ARGRARJGHH|move: Leech Seed
|
|-heal|p2a: ARGRARJGHH|371\/371|[from] move: Wish|[wisher] Lonely Heart
|-heal|p1a: I Will Cut You|356\/380 psn|[from] item: Leftovers
|-damage|p2a: ARGRARJGHH|325\/371|[from] Leech Seed|[of] p1a: I Will Cut You
|-heal|p1a: I Will Cut You|380\/380 psn|[silent]
|-damage|p1a: I Will Cut You|333\/380 psn|[from] psn
|turn|25
|
|switch|p2a: Cereal killer|Alakazam, F|252\/252
|move|p1a: I Will Cut You|Spiky Shield|p1a: I Will Cut You
|-fail|p1a: I Will Cut You
|
|-heal|p1a: I Will Cut You|356\/380 psn|[from] item: Leftovers
|-damage|p1a: I Will Cut You|309\/380 psn|[from] psn
|turn|26
|
|move|p1a: I Will Cut You|Spiky Shield|p1a: I Will Cut You
|-singleturn|p1a: I Will Cut You|move: Protect
|move|p2a: Cereal killer|Psyshock|p1a: I Will Cut You
|-activate|p1a: I Will Cut You|move: Protect
|
|-heal|p1a: I Will Cut You|332\/380 psn|[from] item: Leftovers
|-damage|p1a: I Will Cut You|285\/380 psn|[from] psn
|turn|27
|
|switch|p1a: Triquan|Noivern, M|311\/311
|move|p2a: Cereal killer|Dazzling Gleam|p1a: Triquan
|-supereffective|p1a: Triquan
|-damage|p1a: Triquan|45\/311
|
|turn|28
|
|switch|p2a: Paragon|Togetic, F|195\/313
|move|p1a: Triquan|U-turn|p2a: Paragon
|-resisted|p2a: Paragon
|-damage|p2a: Paragon|185\/313
|
|switch|p1a: Nokiyah|Rotom-Heat|154\/241
|
|-damage|p2a: Paragon|146\/313|[from] item: Black Sludge
|turn|29
|
|move|p1a: Nokiyah|Volt Switch|p2a: Paragon
|-supereffective|p2a: Paragon
|-damage|p2a: Paragon|6\/313
|
|switch|p1a: Rhoshanda|Krookodile, F|235\/331 psn
|move|p2a: Paragon|Roost|p2a: Paragon
|-heal|p2a: Paragon|163\/313
|
|-damage|p2a: Paragon|124\/313|[from] item: Black Sludge
|-damage|p1a: Rhoshanda|194\/331 psn|[from] psn
|turn|30
|
|move|p1a: Rhoshanda|Stone Edge|p2a: Paragon
|-supereffective|p2a: Paragon
|-damage|p2a: Paragon|0 fnt
|faint|p2a: Paragon
|-boost|p1a: Rhoshanda|atk|1|[from] ability: Moxie
|
|-damage|p1a: Rhoshanda|153\/331 psn|[from] psn
|
|switch|p2a: Lonely Heart|Alomomola, F|497\/497
|turn|31
|
|switch|p1a: I Will Cut You|Chesnaught, M|285\/380 psn
|move|p2a: Lonely Heart|Wish|p2a: Lonely Heart
|
|-heal|p1a: I Will Cut You|308\/380 psn|[from] item: Leftovers
|-damage|p1a: I Will Cut You|261\/380 psn|[from] psn
|turn|32
|
|switch|p2a: Cereal killer|Alakazam, F|252\/252
|switch|p1a: Nokiyah|Rotom-Heat|154\/241
|
|turn|33
|
|move|p2a: Cereal killer|Psyshock|p1a: Nokiyah
|-damage|p1a: Nokiyah|15\/241
|move|p1a: Nokiyah|Pain Split|p2a: Cereal killer
|-sethp|p2a: Cereal killer|133\/252|p1a: Nokiyah|133\/241|[from] move: Pain Split
|
|turn|34
|
|switch|p1a: Rhoshanda|Krookodile, F|153\/331 psn
|move|p2a: Cereal killer|Psyshock|p1a: Rhoshanda
|-immune|p1a: Rhoshanda|[msg]
|
|-damage|p1a: Rhoshanda|112\/331 psn|[from] psn
|turn|35
|
|switch|p1a: Nokiyah|Rotom-Heat|133\/241
|switch|p2a: Lonely Heart|Alomomola, F|497\/497
|
|turn|36
|
|move|p1a: Nokiyah|Pain Split|p2a: Lonely Heart
|-sethp|p2a: Lonely Heart|315\/497|p1a: Nokiyah|241\/241|[from] move: Pain Split
|move|p2a: Lonely Heart|Wish|p2a: Lonely Heart
|
|turn|37
|
|switch|p2a: ARGRARJGHH|Entei, shiny|325\/371
|-ability|p2a: ARGRARJGHH|Pressure
|move|p1a: Nokiyah|Overheat|p2a: ARGRARJGHH
|-resisted|p2a: ARGRARJGHH
|-damage|p2a: ARGRARJGHH|205\/371
|-unboost|p1a: Nokiyah|spa|2
|
|-heal|p2a: ARGRARJGHH|371\/371|[from] move: Wish|[wisher] Lonely Heart
|turn|38
|
|switch|p1a: I Will Cut You|Chesnaught, M|261\/380 psn
|move|p2a: ARGRARJGHH|Stone Edge|p1a: I Will Cut You|[miss]
|-miss|p2a: ARGRARJGHH|p1a: I Will Cut You
|
|-heal|p1a: I Will Cut You|284\/380 psn|[from] item: Leftovers
|-damage|p1a: I Will Cut You|237\/380 psn|[from] psn
|turn|39
|
|switch|p2a: Cereal killer|Alakazam, F|133\/252
|move|p1a: I Will Cut You|Wood Hammer|p2a: Cereal killer
|-damage|p2a: Cereal killer|0 fnt
|-damage|p1a: I Will Cut You|193\/380 psn|[from] recoil|[of] p2a: Cereal killer
|faint|p2a: Cereal killer
|
|-heal|p1a: I Will Cut You|216\/380 psn|[from] item: Leftovers
|-damage|p1a: I Will Cut You|169\/380 psn|[from] psn
|
|switch|p2a: ARGRARJGHH|Entei, shiny|371\/371
|-ability|p2a: ARGRARJGHH|Pressure
|turn|40
|
|switch|p1a: Nokiyah|Rotom-Heat|241\/241
|move|p2a: ARGRARJGHH|Sacred Fire|p1a: Nokiyah
|-resisted|p1a: Nokiyah
|-damage|p1a: Nokiyah|118\/241
|
|turn|41
|
|switch|p1a: Lukeemyah|Slowbro, F|394\/394 brn
|move|p2a: ARGRARJGHH|Sacred Fire|p1a: Lukeemyah
|-resisted|p1a: Lukeemyah
|-damage|p1a: Lukeemyah|304\/394 brn
|
|-heal|p1a: Lukeemyah|328\/394 brn|[from] item: Leftovers
|-damage|p1a: Lukeemyah|279\/394 brn|[from] brn
|turn|42
|
|switch|p2a: Lonely Heart|Alomomola, F|480\/497
|move|p1a: Lukeemyah|Scald|p2a: Lonely Heart
|-resisted|p2a: Lonely Heart
|-damage|p2a: Lonely Heart|408\/497
|
|-heal|p1a: Lukeemyah|303\/394 brn|[from] item: Leftovers
|-damage|p1a: Lukeemyah|254\/394 brn|[from] brn
|turn|43
|
|switch|p2a: Dr. Crane|Cacturne, M|281\/281
|move|p1a: Lukeemyah|Scald|p2a: Dr. Crane
|-immune|p2a: Dr. Crane|[msg]
|
|-heal|p1a: Lukeemyah|278\/394 brn|[from] item: Leftovers
|-damage|p1a: Lukeemyah|229\/394 brn|[from] brn
|turn|44
|
|move|p2a: Dr. Crane|Swords Dance|p2a: Dr. Crane
|-boost|p2a: Dr. Crane|atk|2
|move|p1a: Lukeemyah|Ice Beam|p2a: Dr. Crane
|-supereffective|p2a: Dr. Crane
|-damage|p2a: Dr. Crane|69\/281
|
|-heal|p1a: Lukeemyah|253\/394 brn|[from] item: Leftovers
|-damage|p1a: Lukeemyah|204\/394 brn|[from] brn
|turn|45
|
|move|p2a: Dr. Crane|Seed Bomb|p1a: Lukeemyah
|-supereffective|p1a: Lukeemyah
|-damage|p1a: Lukeemyah|0 fnt
|-damage|p2a: Dr. Crane|41\/281|[from] item: Life Orb
|faint|p1a: Lukeemyah
|
|
|switch|p1a: I Will Cut You|Chesnaught, M|169\/380 psn
|turn|46
|
|move|p1a: I Will Cut You|Spiky Shield|p1a: I Will Cut You
|-singleturn|p1a: I Will Cut You|move: Protect
|move|p2a: Dr. Crane|Drain Punch|p1a: I Will Cut You
|-activate|p1a: I Will Cut You|move: Protect
|-damage|p2a: Dr. Crane|6\/281|[from] Spiky Shield|[of] p1a: I Will Cut You
|
|-heal|p1a: I Will Cut You|192\/380 psn|[from] item: Leftovers
|-damage|p1a: I Will Cut You|145\/380 psn|[from] psn
|turn|47
|
|switch|p1a: Triquan|Noivern, M|45\/311
|move|p2a: Dr. Crane|Drain Punch|p1a: Triquan
|-resisted|p1a: Triquan
|-damage|p1a: Triquan|0 fnt
|-heal|p2a: Dr. Crane|29\/281|[from] drain|[of] p1a: Triquan
|-damage|p2a: Dr. Crane|1\/281|[from] item: Life Orb
|faint|p1a: Triquan
|
|
|switch|p1a: I Will Cut You|Chesnaught, M|145\/380 psn
|turn|48
|
|move|p1a: I Will Cut You|Spiky Shield|p1a: I Will Cut You
|-singleturn|p1a: I Will Cut You|move: Protect
|move|p2a: Dr. Crane|Swords Dance|p2a: Dr. Crane
|-boost|p2a: Dr. Crane|atk|2
|
|-heal|p1a: I Will Cut You|168\/380 psn|[from] item: Leftovers
|-damage|p1a: I Will Cut You|121\/380 psn|[from] psn
|turn|49
|
|move|p1a: I Will Cut You|Spiky Shield|p1a: I Will Cut You
|-fail|p1a: I Will Cut You
|move|p2a: Dr. Crane|Drain Punch|p1a: I Will Cut You
|-damage|p1a: I Will Cut You|0 fnt
|-heal|p2a: Dr. Crane|62\/281|[from] drain|[of] p1a: I Will Cut You
|-damage|p2a: Dr. Crane|34\/281|[from] item: Life Orb
|faint|p1a: I Will Cut You
|
|
|switch|p1a: Rhoshanda|Krookodile, F|112\/331 psn
|turn|50
|
|move|p2a: Dr. Crane|Sucker Punch|p1a: Rhoshanda
|-resisted|p1a: Rhoshanda
|-damage|p1a: Rhoshanda|0 fnt
|-damage|p2a: Dr. Crane|6\/281|[from] item: Life Orb
|faint|p1a: Rhoshanda
|
|
|switch|p1a: Nokiyah|Rotom-Heat|118\/241
|turn|51
|
|move|p2a: Dr. Crane|Sucker Punch|p1a: Nokiyah
|-damage|p1a: Nokiyah|0 fnt
|-damage|p2a: Dr. Crane|0 fnt|[from] item: Life Orb
|faint|p1a: Nokiyah
|faint|p2a: Dr. Crane
|
|win|Rubicon
|raw|Ladder updating...
|raw|Rockquanda's rating: 1476 &rarr; <strong>1458<\/strong><br \/>(-18 for losing)
|raw|Rubicon's rating: 1497 &rarr; <strong>1516<\/strong><br \/>(+19 for winning)
|leave|Rockquanda
|player|p1