|join|This Many Fucks
|join|Rubicon
|player|p1|This Many Fucks|172
|player|p2|Rubicon|129
|gametype|singles
|gen|6
|tier|UU
|rated
|rule|Sleep Clause Mod: Limit one foe put to sleep
|rule|Species Clause: Limit one of each Pokemon
|rule|OHKO Clause: OHKO moves are banned
|rule|Moody Clause: Moody is banned
|rule|Evasion Moves Clause: Evasion moves are banned
|rule|Endless Battle Clause: Forcing endless battles is banned.
|rule|HP Percentage Mod: HP is reported as percentages
|clearpoke
|poke|p1|Granbull, M
|poke|p1|Hydreigon, M
|poke|p1|Jirachi
|poke|p1|Donphan, M
|poke|p1|Chandelure, M, shiny
|poke|p1|Heracross, M, shiny
|poke|p2|Slowbro, M
|poke|p2|Drapion, M
|poke|p2|Cacturne, M
|poke|p2|Entei, shiny
|poke|p2|Manectric, M
|poke|p2|Togetic, F
|teampreview
|
|start
|switch|p1a: Hydra|Hydreigon, M|325\/325
|switch|p2a: Sting'Zorga|Drapion, M|343\/343
|turn|1
|
|move|p1a: Hydra|Draco Meteor|p2a: Sting'Zorga
|-damage|p2a: Sting'Zorga|25\/343
|-unboost|p1a: Hydra|spa|2
|move|p2a: Sting'Zorga|Toxic Spikes|p1a: Hydra
|-sidestart|p1: This Many Fucks|move: Toxic Spikes
|
|-heal|p2a: Sting'Zorga|46\/343|[from] item: Black Sludge
|turn|2
|
|switch|p2a: Paragon|Togetic, F|313\/313
|move|p1a: Hydra|Draco Meteor|p2a: Paragon
|-immune|p2a: Paragon|[msg]
|
|turn|3
|
|switch|p1a: Rick Rollin|Donphan, M|384\/384
|-status|p1a: Rick Rollin|psn
|switch|p2a: John Pinkerton|Slowbro, M|393\/393
|
|-damage|p1a: Rick Rollin|336\/384 psn|[from] psn
|turn|4
|
|move|p1a: Rick Rollin|Rapid Spin|p2a: John Pinkerton
|-damage|p2a: John Pinkerton|380\/393
|-damage|p1a: Rick Rollin|272\/384 psn|[from] item: Rocky Helmet|[of] p2a: John Pinkerton
|-sideend|p1: This Many Fucks|Toxic Spikes|[from] move: Rapid Spin|[of] p1a: Rick Rollin
|move|p2a: John Pinkerton|Scald|p1a: Rick Rollin
|-supereffective|p1a: Rick Rollin
|-damage|p1a: Rick Rollin|0 fnt
|faint|p1a: Rick Rollin
|
|
|switch|p1a: Mega Horny|Heracross, M, shiny|301\/301
|turn|5
|
|move|p1a: Mega Horny|Knock Off|p2a: John Pinkerton
|-supereffective|p2a: John Pinkerton
|-damage|p2a: John Pinkerton|236\/393
|-damage|p1a: Mega Horny|251\/301|[from] item: Rocky Helmet|[of] p2a: John Pinkerton
|-enditem|p2a: John Pinkerton|Rocky Helmet|[from] move: Knock Off|[of] p1a: Mega Horny
|move|p2a: John Pinkerton|Scald|p1a: Mega Horny
|-damage|p1a: Mega Horny|146\/301
|
|turn|6
|
|switch|p1a: Hydra|Hydreigon, M|325\/325
|move|p2a: John Pinkerton|Slack Off|p2a: John Pinkerton
|-heal|p2a: John Pinkerton|393\/393
|
|turn|7
|
|switch|p2a: Paragon|Togetic, F|313\/313
|move|p1a: Hydra|Dark Pulse|p2a: Paragon
|-resisted|p2a: Paragon
|-damage|p2a: Paragon|259\/313
|
|turn|8
|
|switch|p1a: Stardust|Jirachi|404\/404
|switch|p2a: ARGRARJGHH|Entei, shiny|371\/371
|-ability|p2a: ARGRARJGHH|Pressure
|
|turn|9
|
|switch|p2a: The Baz|Manectric, M|281\/281
|switch|p1a: Lumière|Chandelure, M, shiny|261\/261
|
|turn|10
|
|-formechange|p2a: The Baz|Manectric-Mega
|message|Manectric has Mega Evolved into Mega Manectric!
|-ability|p2a: The Baz|Intimidate|[of] p1a: Lumière
|-unboost|p1a: Lumière|atk|1
|move|p2a: The Baz|Volt Switch|p1a: Lumière
|-damage|p1a: Lumière|102\/261
|
|switch|p2a: ARGRARJGHH|Entei, shiny|371\/371
|-ability|p2a: ARGRARJGHH|Pressure
|move|p1a: Lumière|Fire Blast|p2a: ARGRARJGHH
|-resisted|p2a: ARGRARJGHH
|-damage|p2a: ARGRARJGHH|207\/371
|-damage|p1a: Lumière|76\/261|[from] item: Life Orb
|
|turn|11
|
|switch|p1a: Stardust|Jirachi|404\/404
|move|p2a: ARGRARJGHH|Stone Edge|p1a: Stardust|[miss]
|-miss|p2a: ARGRARJGHH|p1a: Stardust
|
|turn|12
|
|switch|p2a: The Baz|Manectric, M|281\/281
|-formechange|p2a: The Baz|Manectric-Mega
|-ability|p2a: The Baz|Intimidate|[of] p1a: Stardust
|-unboost|p1a: Stardust|atk|1
|move|p1a: Stardust|Body Slam|p2a: The Baz
|-crit|p2a: The Baz
|-damage|p2a: The Baz|169\/281
|
|turn|13
|
|move|p2a: The Baz|Flamethrower|p1a: Stardust
|-supereffective|p1a: Stardust
|-damage|p1a: Stardust|214\/404
|move|p1a: Stardust|Wish|p1a: Stardust
|
|-heal|p1a: Stardust|239\/404|[from] item: Leftovers
|turn|14
|
|move|p2a: The Baz|Volt Switch|p1a: Stardust
|-damage|p1a: Stardust|133\/404
|
|switch|p2a: ARGRARJGHH|Entei, shiny|207\/371
|-ability|p2a: ARGRARJGHH|Pressure
|move|p1a: Stardust|Body Slam|p2a: ARGRARJGHH
|-crit|p2a: ARGRARJGHH
|-damage|p2a: ARGRARJGHH|98\/371
|-status|p2a: ARGRARJGHH|par
|
|-heal|p1a: Stardust|335\/404|[from] move: Wish|[wisher] Stardust
|-heal|p1a: Stardust|360\/404|[from] item: Leftovers
|turn|15
|
|switch|p2a: Paragon|Togetic, F|259\/313
|move|p1a: Stardust|U-turn|p2a: Paragon
|-resisted|p2a: Paragon
|-damage|p2a: Paragon|253\/313
|
|switch|p1a: Boodro|Granbull, M|384\/384
|-ability|p1a: Boodro|Intimidate|[of] p2a: Paragon
|-unboost|p2a: Paragon|atk|1
|
|turn|16
|
|move|p1a: Boodro|Play Rough|p2a: Paragon|[miss]
|-miss|p1a: Boodro|p2a: Paragon
|move|p2a: Paragon|Heal Bell|p2a: Paragon
|-cureteam|p2a: Paragon|[from] move: HealBell
|
|turn|17
|
|switch|p2a: The Baz|Manectric, M|169\/281
|-formechange|p2a: The Baz|Manectric-Mega
|-ability|p2a: The Baz|Intimidate|[of] p1a: Boodro
|-unboost|p1a: Boodro|atk|1
|move|p1a: Boodro|Thunder Wave|p2a: The Baz
|-fail|p2a: The Baz
|
|turn|18
|
|switch|p1a: Stardust|Jirachi|360\/404
|move|p2a: The Baz|Thunderbolt|p1a: Stardust
|-damage|p1a: Stardust|227\/404
|
|-heal|p1a: Stardust|252\/404|[from] item: Leftovers
|turn|19
|
|move|p2a: The Baz|Thunderbolt|p1a: Stardust
|-damage|p1a: Stardust|126\/404
|move|p1a: Stardust|Wish|p1a: Stardust
|
|-heal|p1a: Stardust|151\/404|[from] item: Leftovers
|turn|20
|
|switch|p1a: Lumière|Chandelure, M, shiny|76\/261
|move|p2a: The Baz|Flamethrower|p1a: Lumière
|-start|p1a: Lumière|ability: Flash Fire
|
|-heal|p1a: Lumière|261\/261|[from] move: Wish|[wisher] Stardust
|turn|21
|
|move|p2a: The Baz|Volt Switch|p1a: Lumière
|-damage|p1a: Lumière|110\/261
|
|switch|p2a: ARGRARJGHH|Entei, shiny|98\/371
|-ability|p2a: ARGRARJGHH|Pressure
|move|p1a: Lumière|Fire Blast|p2a: ARGRARJGHH
|-resisted|p2a: ARGRARJGHH
|-damage|p2a: ARGRARJGHH|0 fnt
|-damage|p1a: Lumière|84\/261|[from] item: Life Orb
|faint|p2a: ARGRARJGHH
|
|
|switch|p2a: The Baz|Manectric, M|169\/281
|-formechange|p2a: The Baz|Manectric-Mega
|-ability|p2a: The Baz|Intimidate|[of] p1a: Lumière
|-unboost|p1a: Lumière|atk|1
|turn|22
|
|switch|p1a: Hydra|Hydreigon, M|325\/325
|move|p2a: The Baz|Thunderbolt|p1a: Hydra
|-resisted|p1a: Hydra
|-damage|p1a: Hydra|220\/325
|
|turn|23
|
|switch|p2a: Paragon|Togetic, F|253\/313
|move|p1a: Hydra|Flash Cannon|p2a: Paragon
|-supereffective|p2a: Paragon
|-damage|p2a: Paragon|107\/313
|
|turn|24
|
|switch|p2a: The Baz|Manectric, M|169\/281
|-formechange|p2a: The Baz|Manectric-Mega
|-ability|p2a: The Baz|Intimidate|[of] p1a: Hydra
|-unboost|p1a: Hydra|atk|1
|move|p1a: Hydra|Flash Cannon|p2a: The Baz
|-resisted|p2a: The Baz
|-damage|p2a: The Baz|72\/281
|
|turn|25
|
|switch|p2a: John Pinkerton|Slowbro, M|393\/393
|move|p1a: Hydra|Flash Cannon|p2a: John Pinkerton
|-resisted|p2a: John Pinkerton
|-damage|p2a: John Pinkerton|301\/393
|
|turn|26
|
|switch|p1a: Stardust|Jirachi|151\/404
|move|p2a: John Pinkerton|Scald|p1a: Stardust
|-damage|p1a: Stardust|82\/404
|-status|p1a: Stardust|brn
|
|-heal|p1a: Stardust|107\/404 brn|[from] item: Leftovers
|-damage|p1a: Stardust|57\/404 brn|[from] brn
|turn|27
|
|switch|p2a: The Baz|Manectric, M|72\/281
|-formechange|p2a: The Baz|Manectric-Mega
|-ability|p2a: The Baz|Intimidate|[of] p1a: Stardust
|-unboost|p1a: Stardust|atk|1
|move|p1a: Stardust|U-turn|p2a: The Baz
|-damage|p2a: The Baz|51\/281
|
|switch|p1a: Mega Horny|Heracross, M, shiny|146\/301
|
|turn|28
|
|switch|p2a: Paragon|Togetic, F|107\/313
|move|p1a: Mega Horny|Megahorn|p2a: Paragon
|-resisted|p2a: Paragon
|-damage|p2a: Paragon|67\/313
|
|turn|29
|
|switch|p1a: Lumière|Chandelure, M, shiny|84\/261
|move|p2a: Paragon|Roost|p2a: Paragon
|-heal|p2a: Paragon|224\/313
|
|turn|30
|
|switch|p2a: Sting'Zorga|Drapion, M|46\/343
|move|p1a: Lumière|Substitute|p1a: Lumière
|-start|p1a: Lumière|Substitute
|-damage|p1a: Lumière|19\/261
|
|-heal|p2a: Sting'Zorga|67\/343|[from] item: Black Sludge
|turn|31
|
|move|p1a: Lumière|Shadow Ball|p2a: Sting'Zorga
|-resisted|p2a: Sting'Zorga
|-damage|p2a: Sting'Zorga|0 fnt
|-damage|p1a: Lumière|0 fnt|[from] item: Life Orb
|faint|p2a: Sting'Zorga
|faint|p1a: Lumière
|
|
|switch|p2a: The Baz|Manectric, M|51\/281
|-formechange|p2a: The Baz|Manectric-Mega
|switch|p1a: Hydra|Hydreigon, M|220\/325
|-ability|p2a: The Baz|Intimidate|[of] p1a: Hydra
|-unboost|p1a: Hydra|atk|1
|turn|32
|
|switch|p2a: Paragon|Togetic, F|224\/313
|move|p1a: Hydra|Flash Cannon|p2a: Paragon
|-supereffective|p2a: Paragon
|-damage|p2a: Paragon|72\/313
|
|turn|33
|
|switch|p2a: The Baz|Manectric, M|51\/281
|-formechange|p2a: The Baz|Manectric-Mega
|-ability|p2a: The Baz|Intimidate|[of] p1a: Hydra
|-unboost|p1a: Hydra|atk|1
|move|p1a: Hydra|Flash Cannon|p2a: The Baz
|-resisted|p2a: The Baz
|-damage|p2a: The Baz|0 fnt
|faint|p2a: The Baz
|
|
|switch|p2a: John Pinkerton|Slowbro, M|393\/393
|turn|34
|
|switch|p1a: Stardust|Jirachi|57\/404 brn
|move|p2a: John Pinkerton|Scald|p1a: Stardust
|-damage|p1a: Stardust|0 fnt
|faint|p1a: Stardust
|
|
|switch|p1a: Hydra|Hydreigon, M|220\/325
|turn|35
|
|move|p1a: Hydra|Dark Pulse|p2a: John Pinkerton
|-supereffective|p2a: John Pinkerton
|-damage|p2a: John Pinkerton|0 fnt
|faint|p2a: John Pinkerton
|
|
|switch|p2a: Paragon|Togetic, F|72\/313
|turn|36
|
|switch|p1a: Boodro|Granbull, M|384\/384
|-ability|p1a: Boodro|Intimidate|[of] p2a: Paragon
|-unboost|p2a: Paragon|atk|1
|move|p2a: Paragon|Roost|p2a: Paragon
|-heal|p2a: Paragon|229\/313
|
|turn|37
|
|move|p1a: Boodro|Play Rough|p2a: Paragon
|-damage|p2a: Paragon|96\/313
|move|p2a: Paragon|Roost|p2a: Paragon
|-heal|p2a: Paragon|253\/313
|
|turn|38
|
|move|p1a: Boodro|Thunder Wave|p2a: Paragon
|-status|p2a: Paragon|par
|move|p2a: Paragon|Psychic|p1a: Boodro
|-damage|p1a: Boodro|293\/384
|
|-heal|p1a: Boodro|317\/384|[from] item: Leftovers
|turn|39
|
|move|p1a: Boodro|Play Rough|p2a: Paragon
|-damage|p2a: Paragon|123\/313 par
|-unboost|p2a: Paragon|atk|1
|move|p2a: Paragon|Roost|p2a: Paragon
|-heal|p2a: Paragon|280\/313 par
|
|-heal|p1a: Boodro|341\/384|[from] item: Leftovers
|turn|40
|
|move|p1a: Boodro|Play Rough|p2a: Paragon
|-damage|p2a: Paragon|144\/313 par
|move|p2a: Paragon|Heal Bell|p2a: Paragon
|-cureteam|p2a: Paragon|[from] move: HealBell
|
|-heal|p1a: Boodro|365\/384|[from] item: Leftovers
|turn|41
|
|move|p1a: Boodro|Thunder Wave|p2a: Paragon
|-status|p2a: Paragon|par
|cant|p2a: Paragon|par
|
|-heal|p1a: Boodro|384\/384|[from] item: Leftovers
|turn|42
|
|move|p1a: Boodro|Play Rough|p2a: Paragon
|-damage|p2a: Paragon|8\/313 par
|move|p2a: Paragon|Roost|p2a: Paragon
|-heal|p2a: Paragon|165\/313 par
|
|turn|43
|
|move|p1a: Boodro|Play Rough|p2a: Paragon
|-damage|p2a: Paragon|45\/313 par
|-unboost|p2a: Paragon|atk|1
|move|p2a: Paragon|Roost|p2a: Paragon
|-heal|p2a: Paragon|202\/313 par
|
|turn|44
|
|move|p1a: Boodro|Play Rough|p2a: Paragon
|-damage|p2a: Paragon|67\/313 par
|move|p2a: Paragon|Roost|p2a: Paragon
|-heal|p2a: Paragon|224\/313 par
|
|turn|45
|
|move|p1a: Boodro|Play Rough|p2a: Paragon|[miss]
|-miss|p1a: Boodro|p2a: Paragon
|move|p2a: Paragon|Roost|p2a: Paragon
|-heal|p2a: Paragon|313\/313 par
|
|turn|46
|
|switch|p1a: Hydra|Hydreigon, M|220\/325
|move|p2a: Paragon|Heal Bell|p2a: Paragon
|-cureteam|p2a: Paragon|[from] move: HealBell
|
|turn|47
|
|move|p1a: Hydra|Flash Cannon|p2a: Paragon
|-supereffective|p2a: Paragon
|-damage|p2a: Paragon|179\/313
|move|p2a: Paragon|Roost|p2a: Paragon
|-heal|p2a: Paragon|313\/313
|
|turn|48
|
|switch|p2a: Pokey|Cacturne, M|281\/281
|move|p1a: Hydra|Flash Cannon|p2a: Pokey
|-damage|p2a: Pokey|52\/281
|
|turn|49
|
|move|p2a: Pokey|Sucker Punch|p1a: Hydra
|-crit|p1a: Hydra
|-resisted|p1a: Hydra
|-damage|p1a: Hydra|60\/325
|-damage|p2a: Pokey|24\/281|[from] item: Life Orb
|move|p1a: Hydra|Flash Cannon|p2a: Pokey
|-damage|p2a: Pokey|0 fnt
|faint|p2a: Pokey
|
|-message|Rubicon forfeited.
|
|win|This Many Fucks
|raw|Ladder updating...
|leave|Rubicon
|player|p2
|raw|This Many Fucks's rating: 1474 &rarr; <strong>1498<\/strong><br \/>(+24 for winning)
|raw|Rubicon's rating: 1548 &rarr; <strong>1524<\/strong><br \/>(-24 for losing)