|join|flygonfan
|join|Rubicon
|player|p1|flygonfan|252
|player|p2|Rubicon|129
|gametype|singles
|gen|6
|tier|UU
|rated
|rule|Sleep Clause Mod: Limit one foe put to sleep
|rule|Species Clause: Limit one of each Pokémon
|rule|OHKO Clause: OHKO moves are banned
|rule|Moody Clause: Moody is banned
|rule|Evasion Moves Clause: Evasion moves are banned
|rule|Endless Battle Clause: Forcing endless battles is banned
|rule|HP Percentage Mod: HP is shown in percentages
|clearpoke
|poke|p1|Galvantula, M
|poke|p1|Umbreon, M
|poke|p1|Haxorus, F
|poke|p1|Roserade, F
|poke|p1|Donphan, F
|poke|p1|Azelf
|poke|p2|Alomomola, F
|poke|p2|Drapion, M
|poke|p2|Cacturne, M
|poke|p2|Entei, shiny
|poke|p2|Togetic, F
|poke|p2|Alakazam, F
|rule|Swagger Clause: Swagger is banned
|rule|Baton Pass Clause: Limit one Pokémon knowing Baton Pass
|teampreview
|
|start
|switch|p1a: Galvantula|Galvantula, M|281\/281
|switch|p2a: Sting'Zorga|Drapion, M|343\/343
|turn|1
|
|move|p1a: Galvantula|Bug Buzz|p2a: Sting'Zorga
|-damage|p2a: Sting'Zorga|223\/343
|move|p2a: Sting'Zorga|Knock Off|p1a: Galvantula
|-damage|p1a: Galvantula|112\/281
|-enditem|p1a: Galvantula|Focus Sash|[from] move: Knock Off|[of] p2a: Sting'Zorga
|
|-heal|p2a: Sting'Zorga|244\/343|[from] item: Black Sludge
|turn|2
|
|move|p1a: Galvantula|Sticky Web|p2a: Sting'Zorga
|-sidestart|p2: Rubicon|move: Sticky Web
|move|p2a: Sting'Zorga|Toxic Spikes|p1a: Galvantula
|-sidestart|p1: flygonfan|move: Toxic Spikes
|
|-heal|p2a: Sting'Zorga|265\/343|[from] item: Black Sludge
|turn|3
|
|move|p1a: Galvantula|Thunder|p2a: Sting'Zorga|[miss]
|-miss|p1a: Galvantula|p2a: Sting'Zorga
|move|p2a: Sting'Zorga|Knock Off|p1a: Galvantula
|-damage|p1a: Galvantula|4\/281
|
|-heal|p2a: Sting'Zorga|286\/343|[from] item: Black Sludge
|turn|4
|
|move|p1a: Galvantula|Thunder|p2a: Sting'Zorga
|-damage|p2a: Sting'Zorga|135\/343
|move|p2a: Sting'Zorga|Whirlwind|p1a: Galvantula
|drag|p1a: Roserade|Roserade, F|262\/262
|-sideend|p1: flygonfan|move: Toxic Spikes|[of] p1a: Roserade
|
|-heal|p2a: Sting'Zorga|156\/343|[from] item: Black Sludge
|turn|5
|
|move|p1a: Roserade|Leaf Storm|p2a: Sting'Zorga
|-resisted|p2a: Sting'Zorga
|-damage|p2a: Sting'Zorga|20\/343
|-unboost|p1a: Roserade|spa|2
|-damage|p1a: Roserade|236\/262|[from] item: Life Orb
|move|p2a: Sting'Zorga|Taunt|p1a: Roserade
|-start|p1a: Roserade|move: Taunt
|
|-heal|p2a: Sting'Zorga|41\/343|[from] item: Black Sludge
|turn|6
|
|switch|p2a: Paragon|Togetic, F|313\/313
|move|p1a: Roserade|Leaf Storm|p2a: Paragon
|-resisted|p2a: Paragon
|-damage|p2a: Paragon|281\/313
|-unboost|p1a: Roserade|spa|2
|-damage|p1a: Roserade|210\/262|[from] item: Life Orb
|
|turn|7
|
|switch|p1a: Azelf|Azelf|291\/291
|move|p2a: Paragon|Defog|p1a: Azelf
|-unboost|p1a: Azelf|evasion|1
|-sideend|p2: Rubicon|Sticky Web|[from] move: Defog|[of] p2a: Paragon
|
|turn|8
|
|move|p1a: Azelf|Knock Off|p2a: Paragon
|-resisted|p2a: Paragon
|-damage|p2a: Paragon|226\/313
|-enditem|p2a: Paragon|Eviolite|[from] move: Knock Off|[of] p1a: Azelf
|-damage|p1a: Azelf|262\/291|[from] item: Life Orb
|move|p2a: Paragon|Psychic|p1a: Azelf
|-resisted|p1a: Azelf
|-damage|p1a: Azelf|225\/291
|-unboost|p1a: Azelf|spd|1
|
|turn|9
|
|move|p1a: Azelf|Zen Headbutt|p2a: Paragon
|-damage|p2a: Paragon|15\/313
|-damage|p1a: Azelf|196\/291|[from] item: Life Orb
|cant|p2a: Paragon|flinch
|
|turn|10
|
|switch|p2a: Lonely Heart|Alomomola, F|497\/497
|move|p1a: Azelf|U-turn|p2a: Lonely Heart
|-damage|p2a: Lonely Heart|415\/497
|-damage|p1a: Azelf|148\/291|[from] item: Rocky Helmet|[of] p2a: Lonely Heart
|-damage|p1a: Azelf|119\/291|[from] item: Life Orb
|
|switch|p1a: Donphan|Donphan, F|384\/384
|
|turn|11
|
|move|p2a: Lonely Heart|Wish|p2a: Lonely Heart
|move|p1a: Donphan|Stealth Rock|p2a: Lonely Heart
|-sidestart|p2: Rubicon|move: Stealth Rock
|
|turn|12
|
|switch|p1a: Galvantula|Galvantula, M|4\/281
|move|p2a: Lonely Heart|Waterfall|p1a: Galvantula
|-damage|p1a: Galvantula|0 fnt
|faint|p1a: Galvantula
|
|-heal|p2a: Lonely Heart|497\/497|[from] move: Wish|[wisher] Lonely Heart
|
|switch|p1a: Roserade|Roserade, F|210\/262
|turn|13
|
|move|p2a: Lonely Heart|Protect|p2a: Lonely Heart
|-singleturn|p2a: Lonely Heart|Protect
|move|p1a: Roserade|Leaf Storm|p2a: Lonely Heart
|-activate|p2a: Lonely Heart|Protect
|
|turn|14
|
|switch|p2a: Cereal killer|Alakazam, F|252\/252
|move|p1a: Roserade|Spikes|p2a: Cereal killer
|-sidestart|p2: Rubicon|Spikes
|
|turn|15
|
|switch|p1a: Haxorus|Haxorus, F|302\/302
|-ability|p1a: Haxorus|Mold Breaker
|move|p2a: Cereal killer|Charge Beam|p1a: Haxorus
|-resisted|p1a: Haxorus
|-damage|p1a: Haxorus|259\/302
|
|turn|16
|
|move|p1a: Haxorus|Dragon Claw|p2a: Cereal killer
|-enditem|p2a: Cereal killer|Focus Sash
|-damage|p2a: Cereal killer|1\/252
|move|p2a: Cereal killer|Dazzling Gleam|p1a: Haxorus
|-supereffective|p1a: Haxorus
|-damage|p1a: Haxorus|0 fnt
|faint|p1a: Haxorus
|
|
|switch|p1a: Donphan|Donphan, F|384\/384
|turn|17
|
|switch|p2a: Lonely Heart|Alomomola, F|497\/497
|-damage|p2a: Lonely Heart|435\/497|[from] Spikes
|-damage|p2a: Lonely Heart|373\/497|[from] Stealth Rock
|move|p1a: Donphan|Ice Shard|p2a: Lonely Heart
|-resisted|p2a: Lonely Heart
|-damage|p2a: Lonely Heart|351\/497
|
|turn|18
|
|switch|p1a: Umbreon|Umbreon, M|394\/394
|move|p2a: Lonely Heart|Wish|p2a: Lonely Heart
|
|turn|19
|
|switch|p2a: ARGRARJGHH|Entei, shiny|371\/371
|-damage|p2a: ARGRARJGHH|325\/371|[from] Spikes
|-damage|p2a: ARGRARJGHH|233\/371|[from] Stealth Rock
|-ability|p2a: ARGRARJGHH|Pressure
|move|p1a: Umbreon|Foul Play|p2a: ARGRARJGHH
|-damage|p2a: ARGRARJGHH|44\/371
|
|-heal|p2a: ARGRARJGHH|292\/371|[from] move: Wish|[wisher] Lonely Heart
|turn|20
|
|move|p2a: ARGRARJGHH|Sacred Fire|p1a: Umbreon
|-damage|p1a: Umbreon|225\/394
|move|p1a: Umbreon|Toxic|p2a: ARGRARJGHH
|-status|p2a: ARGRARJGHH|tox
|
|-heal|p1a: Umbreon|249\/394|[from] item: Leftovers
|-damage|p2a: ARGRARJGHH|269\/371 tox|[from] psn
|turn|21
|
|move|p2a: ARGRARJGHH|Sacred Fire|p1a: Umbreon|[miss]
|-miss|p2a: ARGRARJGHH|p1a: Umbreon
|move|p1a: Umbreon|Wish|p1a: Umbreon
|
|-heal|p1a: Umbreon|273\/394|[from] item: Leftovers
|-damage|p2a: ARGRARJGHH|223\/371 tox|[from] psn
|turn|22
|
|move|p2a: ARGRARJGHH|Sacred Fire|p1a: Umbreon
|-damage|p1a: Umbreon|107\/394
|-status|p1a: Umbreon|brn
|move|p1a: Umbreon|Foul Play|p2a: ARGRARJGHH
|-damage|p2a: ARGRARJGHH|133\/371 tox
|
|-heal|p1a: Umbreon|304\/394 brn|[from] move: Wish|[wisher] Umbreon
|-heal|p1a: Umbreon|328\/394 brn|[from] item: Leftovers
|-damage|p2a: ARGRARJGHH|64\/371 tox|[from] psn
|-damage|p1a: Umbreon|279\/394 brn|[from] brn
|turn|23
|
|move|p2a: ARGRARJGHH|Sacred Fire|p1a: Umbreon
|-damage|p1a: Umbreon|111\/394 brn
|move|p1a: Umbreon|Wish|p1a: Umbreon
|
|-heal|p1a: Umbreon|135\/394 brn|[from] item: Leftovers
|-damage|p2a: ARGRARJGHH|0 fnt|[from] psn
|-damage|p1a: Umbreon|86\/394 brn|[from] brn
|faint|p2a: ARGRARJGHH
|
|switch|p2a: Cereal killer|Alakazam, F|1\/252
|turn|24
|
|switch|p1a: Donphan|Donphan, F|384\/384
|move|p2a: Cereal killer|Dazzling Gleam|p1a: Donphan
|-damage|p1a: Donphan|219\/384
|
|-heal|p1a: Donphan|384\/384|[from] move: Wish|[wisher] Umbreon
|turn|25
|
|switch|p2a: Paragon|Togetic, F|15\/313
|-damage|p2a: Paragon|0 fnt|[from] Stealth Rock
|faint|p2a: Paragon
|move|p1a: Donphan|Earthquake|p2: Paragon|[notarget]
|-notarget
|
|
|switch|p2a: Dr. Crane|Cacturne, M|281\/281
|-damage|p2a: Dr. Crane|246\/281|[from] Spikes
|-damage|p2a: Dr. Crane|211\/281|[from] Stealth Rock
|turn|26
|
|move|p2a: Dr. Crane|Seed Bomb|p1a: Donphan
|-supereffective|p1a: Donphan
|-damage|p1a: Donphan|88\/384
|-damage|p2a: Dr. Crane|183\/281|[from] item: Life Orb
|move|p1a: Donphan|Earthquake|p2a: Dr. Crane
|-resisted|p2a: Dr. Crane
|-damage|p2a: Dr. Crane|46\/281
|
|-heal|p1a: Donphan|112\/384|[from] item: Leftovers
|turn|27
|
|move|p2a: Dr. Crane|Sucker Punch|p1a: Donphan
|-damage|p1a: Donphan|0 fnt
|-damage|p2a: Dr. Crane|18\/281|[from] item: Life Orb
|faint|p1a: Donphan
|
|
|switch|p1a: Umbreon|Umbreon, M|86\/394 brn
|turn|28
|
|move|p2a: Dr. Crane|Drain Punch|p1a: Umbreon
|-supereffective|p1a: Umbreon
|-damage|p1a: Umbreon|0 fnt
|-heal|p2a: Dr. Crane|61\/281|[from] drain|[of] p1a: Umbreon
|-damage|p2a: Dr. Crane|33\/281|[from] item: Life Orb
|faint|p1a: Umbreon
|
|
|switch|p1a: Roserade|Roserade, F|210\/262
|turn|29
|
|move|p2a: Dr. Crane|Sucker Punch|p1a: Roserade
|-damage|p1a: Roserade|0 fnt
|-damage|p2a: Dr. Crane|5\/281|[from] item: Life Orb
|faint|p1a: Roserade
|
|
|switch|p1a: Azelf|Azelf|119\/291
|turn|30
|
|move|p2a: Dr. Crane|Sucker Punch|p1a: Azelf
|-supereffective|p1a: Azelf
|-damage|p1a: Azelf|0 fnt
|-damage|p2a: Dr. Crane|0 fnt|[from] item: Life Orb
|faint|p1a: Azelf
|faint|p2a: Dr. Crane
|
|win|Rubicon
|raw|Ladder updating...
|raw|flygonfan's rating: 1328 &rarr; <strong>1313<\/strong><br \/>(-15 for losing)
|raw|Rubicon's rating: 1416 &rarr; <strong>1431<\/strong><br \/>(+15 for winning)
|leave|flygonfan
|player|p1