|join|Rubicon
|join|EvilExperiments
|player|p1|Rubicon|129
|player|p2|EvilExperiments|80
|gametype|singles
|gen|6
|tier|UU
|rated
|rule|Sleep Clause Mod: Limit one foe put to sleep
|rule|Species Clause: Limit one of each Pokémon
|rule|OHKO Clause: OHKO moves are banned
|rule|Moody Clause: Moody is banned
|rule|Evasion Moves Clause: Evasion moves are banned
|rule|Endless Battle Clause: Forcing endless battles is banned
|rule|HP Percentage Mod: HP is shown in percentages
|clearpoke
|poke|p1|Diancie
|poke|p1|Porygon2
|poke|p1|Ampharos, F
|poke|p1|Froslass, F
|poke|p1|Cacturne, M
|poke|p1|Darmanitan, M
|poke|p2|Aromatisse, M
|poke|p2|Doublade, M
|poke|p2|Blissey, F
|poke|p2|Dragalge, M
|poke|p2|Crobat, M
|poke|p2|Gastrodon, M
|rule|Swagger Clause: Swagger is banned
|rule|Baton Pass Clause: Limit one Pokémon knowing Baton Pass
|teampreview
|
|start
|switch|p1a: Nora|Froslass, F|282\/282
|switch|p2a: Doublade|Doublade, M|319\/319
|turn|1
|
|switch|p1a: Expand Dong|Darmanitan, M|351\/351
|move|p2a: Doublade|Shadow Sneak|p1a: Expand Dong
|-damage|p1a: Expand Dong|245\/351
|
|turn|2
|
|switch|p2a: Gastrodon|Gastrodon, M|426\/426
|move|p1a: Expand Dong|Flare Blitz|p2a: Gastrodon
|-resisted|p2a: Gastrodon
|-damage|p2a: Gastrodon|271\/426
|-damage|p1a: Expand Dong|194\/351|[from] recoil|[of] p2a: Gastrodon
|
|-heal|p2a: Gastrodon|297\/426|[from] item: Leftovers
|turn|3
|
|switch|p1a: Nora|Froslass, F|282\/282
|move|p2a: Gastrodon|Recover|p2a: Gastrodon
|-heal|p2a: Gastrodon|426\/426
|
|turn|4
|
|move|p1a: Nora|Spikes|p2a: Gastrodon
|-sidestart|p2: EvilExperiments|Spikes
|move|p2a: Gastrodon|Scald|p1a: Nora
|-damage|p1a: Nora|173\/282
|-start|p2a: Gastrodon|Disable|Scald
|
|turn|5
|
|switch|p2a: Doublade|Doublade, M|319\/319
|-damage|p2a: Doublade|280\/319|[from] Spikes
|move|p1a: Nora|Spikes|p2a: Doublade
|-sidestart|p2: EvilExperiments|Spikes
|
|turn|6
|
|move|p1a: Nora|Taunt|p2a: Doublade
|-start|p2a: Doublade|move: Taunt
|cant|p2a: Doublade|move: Taunt|Toxic
|
|turn|7
|
|switch|p1a: duck.exe|Porygon2|374\/374
|-boost|p1a: duck.exe|spa|1|[from] ability: Download
|move|p2a: Doublade|Shadow Sneak|p1a: duck.exe
|-immune|p1a: duck.exe|[msg]
|
|turn|8
|
|switch|p2a: Blissey|Blissey, F|714\/714
|-damage|p2a: Blissey|595\/714|[from] Spikes
|move|p1a: duck.exe|Shadow Ball|p2a: Blissey
|-immune|p2a: Blissey|[msg]
|
|-heal|p2a: Blissey|639\/714|[from] item: Leftovers
|turn|9
|
|switch|p1a: Nora|Froslass, F|173\/282
|move|p2a: Blissey|Stealth Rock|p1a: Nora
|-sidestart|p1: Rubicon|move: Stealth Rock
|
|-heal|p2a: Blissey|683\/714|[from] item: Leftovers
|turn|10
|
|switch|p2a: Crobat|Crobat, M|373\/373
|move|p1a: Nora|Taunt|p2a: Crobat
|-start|p2a: Crobat|move: Taunt
|
|turn|11
|
|switch|p2a: Gastrodon|Gastrodon, M|426\/426
|-damage|p2a: Gastrodon|355\/426|[from] Spikes
|switch|p1a: Lucy in the Sky|Diancie|304\/304
|-damage|p1a: Lucy in the Sky|266\/304|[from] Stealth Rock
|
|-heal|p2a: Gastrodon|381\/426|[from] item: Leftovers
|-heal|p1a: Lucy in the Sky|285\/304|[from] item: Leftovers
|turn|12
|
|switch|p1a: Dr. Crane|Cacturne, M|281\/281
|-damage|p1a: Dr. Crane|246\/281|[from] Stealth Rock
|move|p2a: Gastrodon|Earthquake|p1a: Dr. Crane
|-resisted|p1a: Dr. Crane
|-damage|p1a: Dr. Crane|165\/281
|
|-heal|p2a: Gastrodon|407\/426|[from] item: Leftovers
|turn|13
|
|switch|p2a: Crobat|Crobat, M|373\/373
|move|p1a: Dr. Crane|Swords Dance|p1a: Dr. Crane
|-boost|p1a: Dr. Crane|atk|2
|
|turn|14
|
|move|p1a: Dr. Crane|Sucker Punch|p2a: Crobat
|-fail|p2a: Crobat
|move|p2a: Crobat|Defog|p1a: Dr. Crane
|-unboost|p1a: Dr. Crane|evasion|1
|-sideend|p1: Rubicon|Stealth Rock|[from] move: Defog|[of] p1a: Dr. Crane
|-sideend|p2: EvilExperiments|Spikes|[from] move: Defog|[of] p2a: Crobat
|
|turn|15
|
|move|p1a: Dr. Crane|Sucker Punch|p2a: Crobat
|-fail|p2a: Crobat
|move|p2a: Crobat|Taunt|p1a: Dr. Crane
|-start|p1a: Dr. Crane|move: Taunt
|
|turn|16
|
|move|p1a: Dr. Crane|Sucker Punch|p2a: Crobat
|-fail|p2a: Crobat
|move|p2a: Crobat|Defog|p1a: Dr. Crane
|-unboost|p1a: Dr. Crane|evasion|1
|
|turn|17
|
|move|p1a: Dr. Crane|Sucker Punch|p2a: Crobat
|-fail|p2a: Crobat
|move|p2a: Crobat|Defog|p1a: Dr. Crane
|-unboost|p1a: Dr. Crane|evasion|1
|
|turn|18
|
|move|p1a: Dr. Crane|Sucker Punch|p2a: Crobat
|-fail|p2a: Crobat
|move|p2a: Crobat|Defog|p1a: Dr. Crane
|-unboost|p1a: Dr. Crane|evasion|1
|
|-end|p1a: Dr. Crane|move: Taunt
|turn|19
|
|switch|p1a: duck.exe|Porygon2|374\/374
|-boost|p1a: duck.exe|spa|1|[from] ability: Download
|move|p2a: Crobat|Taunt|p1a: duck.exe
|-start|p1a: duck.exe|move: Taunt
|
|turn|20
|
|switch|p2a: Dragalge|Dragalge, M|292\/292
|switch|p1a: Expand Dong|Darmanitan, M|194\/351
|
|turn|21
|
|switch|p2a: Crobat|Crobat, M|373\/373
|move|p1a: Expand Dong|Earthquake|p2a: Crobat
|-immune|p2a: Crobat|[msg]
|
|turn|22
|
|switch|p1a: Lucy in the Sky|Diancie|285\/304
|switch|p2a: Gastrodon|Gastrodon, M|407\/426
|
|-heal|p2a: Gastrodon|426\/426|[from] item: Leftovers
|-heal|p1a: Lucy in the Sky|304\/304|[from] item: Leftovers
|turn|23
|
|switch|p1a: Dr. Crane|Cacturne, M|165\/281
|move|p2a: Gastrodon|Earthquake|p1a: Dr. Crane
|-resisted|p1a: Dr. Crane
|-damage|p1a: Dr. Crane|88\/281
|
|turn|24
|
|switch|p1a: Lucy in the Sky|Diancie|304\/304
|switch|p2a: Aromatisse|Aromatisse, M|406\/406
|
|turn|25
|
|switch|p2a: Dragalge|Dragalge, M|292\/292
|move|p1a: Lucy in the Sky|Diamond Storm|p2a: Dragalge
|-damage|p2a: Dragalge|121\/292
|-boost|p1a: Lucy in the Sky|def|1
|
|-heal|p2a: Dragalge|139\/292|[from] item: Black Sludge
|turn|26
|
|switch|p2a: Gastrodon|Gastrodon, M|426\/426
|move|p1a: Lucy in the Sky|Diamond Storm|p2a: Gastrodon
|-resisted|p2a: Gastrodon
|-damage|p2a: Gastrodon|333\/426
|
|-heal|p2a: Gastrodon|359\/426|[from] item: Leftovers
|turn|27
|
|switch|p1a: Nora|Froslass, F|173\/282
|move|p2a: Gastrodon|Earthquake|p1a: Nora
|-damage|p1a: Nora|28\/282
|
|-heal|p2a: Gastrodon|385\/426|[from] item: Leftovers
|turn|28
|
|switch|p2a: Doublade|Doublade, M|280\/319
|move|p1a: Nora|Destiny Bond|p1a: Nora
|-singlemove|p1a: Nora|Destiny Bond
|
|turn|29
|
|move|p1a: Nora|Taunt|p2a: Doublade
|-start|p2a: Doublade|move: Taunt
|cant|p2a: Doublade|move: Taunt|Toxic
|
|turn|30
|
|switch|p1a: duck.exe|Porygon2|374\/374
|-boost|p1a: duck.exe|spa|1|[from] ability: Download
|move|p2a: Doublade|Shadow Sneak|p1a: duck.exe
|-immune|p1a: duck.exe|[msg]
|
|turn|31
|
|switch|p1a: Lucy in the Sky|Diancie|304\/304
|switch|p2a: Gastrodon|Gastrodon, M|385\/426
|
|-heal|p2a: Gastrodon|411\/426|[from] item: Leftovers
|turn|32
|
|switch|p1a: duck.exe|Porygon2|374\/374
|-boost|p1a: duck.exe|atk|1|[from] ability: Download
|move|p2a: Gastrodon|Earthquake|p1a: duck.exe
|-damage|p1a: duck.exe|298\/374
|
|-heal|p2a: Gastrodon|426\/426|[from] item: Leftovers
|turn|33
|
|switch|p2a: Blissey|Blissey, F|683\/714
|move|p1a: duck.exe|Trick Room|p1a: duck.exe
|-fieldstart|move: Trick Room|[of] p1a: duck.exe
|
|-heal|p2a: Blissey|714\/714|[from] item: Leftovers
|turn|34
|
|switch|p1a: Alexandria|Ampharos, F|384\/384
|move|p2a: Blissey|Wish|p2a: Blissey
|
|turn|35
|
|switch|p2a: Gastrodon|Gastrodon, M|426\/426
|detailschange|p1a: Alexandria|Ampharos-Mega, F
|message|Ampharos has Mega Evolved into Mega Ampharos!
|-ability|p1a: Alexandria|Mold Breaker
|move|p1a: Alexandria|Volt Switch|p2a: Gastrodon
|-immune|p2a: Gastrodon|[msg]
|
|turn|36
|
|move|p2a: Gastrodon|Earthquake|p1a: Alexandria
|-supereffective|p1a: Alexandria
|-damage|p1a: Alexandria|184\/384
|move|p1a: Alexandria|Dragon Pulse|p2a: Gastrodon
|-damage|p2a: Gastrodon|221\/426
|
|-heal|p2a: Gastrodon|247\/426|[from] item: Leftovers
|turn|37
|
|switch|p1a: duck.exe|Porygon2|298\/374
|-boost|p1a: duck.exe|atk|1|[from] ability: Download
|move|p2a: Gastrodon|Earthquake|p1a: duck.exe
|-damage|p1a: duck.exe|223\/374
|
|-heal|p2a: Gastrodon|273\/426|[from] item: Leftovers
|-fieldend|move: Trick Room
|turn|38
|
|move|p1a: duck.exe|Recover|p1a: duck.exe
|-heal|p1a: duck.exe|374\/374
|move|p2a: Gastrodon|Recover|p2a: Gastrodon
|-heal|p2a: Gastrodon|426\/426
|
|turn|39
|c|★Rubicon|jesus h christ
|
|switch|p2a: Dragalge|Dragalge, M|139\/292
|move|p1a: duck.exe|Tri Attack|p2a: Dragalge
|-damage|p2a: Dragalge|27\/292
|
|-heal|p2a: Dragalge|45\/292|[from] item: Black Sludge
|turn|40
|
|move|p2a: Dragalge|Toxic Spikes|p1a: duck.exe
|-sidestart|p1: Rubicon|move: Toxic Spikes
|move|p1a: duck.exe|Tri Attack|p2a: Dragalge
|-damage|p2a: Dragalge|0 fnt
|faint|p2a: Dragalge
|
|
|switch|p2a: Blissey|Blissey, F|714\/714
|turn|41
|
|switch|p1a: Expand Dong|Darmanitan, M|194\/351
|-status|p1a: Expand Dong|psn
|move|p2a: Blissey|Stealth Rock|p1a: Expand Dong
|-sidestart|p1: Rubicon|move: Stealth Rock
|
|-damage|p1a: Expand Dong|151\/351 psn|[from] psn
|turn|42
|
|switch|p2a: Gastrodon|Gastrodon, M|426\/426
|move|p1a: Expand Dong|U-turn|p2a: Gastrodon
|-damage|p2a: Gastrodon|333\/426
|
|switch|p1a: Dr. Crane|Cacturne, M|88\/281
|-damage|p1a: Dr. Crane|53\/281|[from] Stealth Rock
|-status|p1a: Dr. Crane|psn
|
|-heal|p2a: Gastrodon|359\/426|[from] item: Leftovers
|-damage|p1a: Dr. Crane|18\/281 psn|[from] psn
|turn|43
|
|switch|p2a: Crobat|Crobat, M|373\/373
|move|p1a: Dr. Crane|Seed Bomb|p2a: Crobat
|-resisted|p2a: Crobat
|-damage|p2a: Crobat|321\/373
|-damage|p1a: Dr. Crane|0 fnt|[from] item: Life Orb
|faint|p1a: Dr. Crane
|
|-heal|p2a: Crobat|344\/373|[from] item: Black Sludge
|
|switch|p1a: duck.exe|Porygon2|374\/374
|-damage|p1a: duck.exe|328\/374|[from] Stealth Rock
|-status|p1a: duck.exe|psn
|-boost|p1a: duck.exe|spa|1|[from] ability: Download
|turn|44
|
|switch|p2a: Blissey|Blissey, F|714\/714
|move|p1a: duck.exe|Tri Attack|p2a: Blissey
|-damage|p2a: Blissey|570\/714
|
|-heal|p2a: Blissey|614\/714|[from] item: Leftovers
|-damage|p1a: duck.exe|282\/374 psn|[from] psn
|turn|45
|
|move|p2a: Blissey|Seismic Toss|p1a: duck.exe
|-damage|p1a: duck.exe|182\/374 psn
|move|p1a: duck.exe|Trick Room|p1a: duck.exe
|-fieldstart|move: Trick Room|[of] p1a: duck.exe
|
|-heal|p2a: Blissey|658\/714|[from] item: Leftovers
|-damage|p1a: duck.exe|136\/374 psn|[from] psn
|turn|46
|
|move|p1a: duck.exe|Recover|p1a: duck.exe
|-heal|p1a: duck.exe|323\/374 psn
|move|p2a: Blissey|Seismic Toss|p1a: duck.exe
|-damage|p1a: duck.exe|223\/374 psn
|
|-heal|p2a: Blissey|702\/714|[from] item: Leftovers
|-damage|p1a: duck.exe|177\/374 psn|[from] psn
|turn|47
|
|move|p1a: duck.exe|Recover|p1a: duck.exe
|-heal|p1a: duck.exe|364\/374 psn
|move|p2a: Blissey|Wish|p2a: Blissey
|
|-heal|p2a: Blissey|714\/714|[from] item: Leftovers
|-damage|p1a: duck.exe|318\/374 psn|[from] psn
|turn|48
|
|switch|p1a: Alexandria|Ampharos-Mega, F|184\/384
|-status|p1a: Alexandria|psn
|-damage|p1a: Alexandria|136\/384 psn|[from] Stealth Rock
|-ability|p1a: Alexandria|Mold Breaker
|switch|p2a: Gastrodon|Gastrodon, M|359\/426
|
|-heal|p2a: Gastrodon|426\/426|[from] move: Wish|[wisher] Blissey
|-damage|p1a: Alexandria|88\/384 psn|[from] psn
|turn|49
|
|move|p2a: Gastrodon|Curse|p2a: Gastrodon
|-boost|p2a: Gastrodon|atk|1
|-boost|p2a: Gastrodon|def|1
|-unboost|p2a: Gastrodon|spe|1
|move|p1a: Alexandria|Dragon Pulse|p2a: Gastrodon
|-damage|p2a: Gastrodon|216\/426
|
|-heal|p2a: Gastrodon|242\/426|[from] item: Leftovers
|-damage|p1a: Alexandria|40\/384 psn|[from] psn
|-fieldend|move: Trick Room
|turn|50
|
|move|p1a: Alexandria|Dragon Pulse|p2a: Gastrodon
|-damage|p2a: Gastrodon|56\/426
|move|p2a: Gastrodon|Recover|p2a: Gastrodon
|-heal|p2a: Gastrodon|269\/426
|
|-heal|p2a: Gastrodon|295\/426|[from] item: Leftovers
|-damage|p1a: Alexandria|0 fnt|[from] psn
|faint|p1a: Alexandria
|-message|Rubicon forfeited.
|
|win|EvilExperiments
|raw|Ladder updating...
|leave|Rubicon
|player|p1
|raw|Rubicon's rating: 1537 &rarr; <strong>1522<\/strong><br \/>(-15 for losing)
|raw|EvilExperiments's rating: 1632 &rarr; <strong>1646<\/strong><br \/>(+14 for winning)