|join|easygg
|join|Rubicon
|player|p1|easygg|225
|player|p2|Rubicon|129
|gametype|singles
|gen|6
|tier|UU
|rated
|rule|Sleep Clause Mod: Limit one foe put to sleep
|rule|Species Clause: Limit one of each Pokémon
|rule|OHKO Clause: OHKO moves are banned
|rule|Moody Clause: Moody is banned
|rule|Evasion Moves Clause: Evasion moves are banned
|rule|Endless Battle Clause: Forcing endless battles is banned
|rule|HP Percentage Mod: HP is shown in percentages
|clearpoke
|poke|p1|Quagsire, M
|poke|p1|Donphan, F
|poke|p1|Toxicroak, F
|poke|p1|Cloyster, M
|poke|p1|Chesnaught, M
|poke|p1|Krookodile, F
|poke|p2|Cobalion
|poke|p2|Sableye, M
|poke|p2|Alomomola, M
|poke|p2|Roserade, M
|poke|p2|Aerodactyl, M
|poke|p2|Raikou, shiny
|rule|Swagger Clause: Swagger is banned
|rule|Baton Pass Clause: Limit one Pokémon knowing Baton Pass
|teampreview
|
|start
|switch|p1a: Donphan|Donphan, F|364\/364
|switch|p2a: Boom lay boom|Sableye, M|304\/304
|turn|1
|
|move|p2a: Boom lay boom|Will-O-Wisp|p1a: Donphan
|-status|p1a: Donphan|brn
|move|p1a: Donphan|Stealth Rock|p2a: Boom lay boom
|-sidestart|p2: Rubicon|move: Stealth Rock
|
|-damage|p1a: Donphan|319\/364 brn|[from] brn
|turn|2
|
|move|p1a: Donphan|Knock Off|p2a: Boom lay boom
|-damage|p2a: Boom lay boom|227\/304
|-enditem|p2a: Boom lay boom|Leftovers|[from] move: Knock Off|[of] p1a: Donphan
|move|p2a: Boom lay boom|Foul Play|p1a: Donphan
|-damage|p1a: Donphan|160\/364 brn
|
|-heal|p1a: Donphan|182\/364 brn|[from] item: Leftovers
|-damage|p1a: Donphan|137\/364 brn|[from] brn
|turn|3
|
|move|p2a: Boom lay boom|Will-O-Wisp|p1a: Donphan|[miss]
|-miss|p2a: Boom lay boom|p1a: Donphan
|move|p1a: Donphan|Earthquake|p2a: Boom lay boom
|-damage|p2a: Boom lay boom|103\/304
|
|-heal|p1a: Donphan|159\/364 brn|[from] item: Leftovers
|-damage|p1a: Donphan|114\/364 brn|[from] brn
|turn|4
|
|move|p2a: Boom lay boom|Recover|p2a: Boom lay boom
|-heal|p2a: Boom lay boom|255\/304
|move|p1a: Donphan|Earthquake|p2a: Boom lay boom
|-damage|p2a: Boom lay boom|132\/304
|
|-heal|p1a: Donphan|136\/364 brn|[from] item: Leftovers
|-damage|p1a: Donphan|91\/364 brn|[from] brn
|turn|5
|
|move|p2a: Boom lay boom|Recover|p2a: Boom lay boom
|-heal|p2a: Boom lay boom|284\/304
|move|p1a: Donphan|Earthquake|p2a: Boom lay boom
|-damage|p2a: Boom lay boom|160\/304
|
|-heal|p1a: Donphan|113\/364 brn|[from] item: Leftovers
|-damage|p1a: Donphan|68\/364 brn|[from] brn
|turn|6
|
|move|p2a: Boom lay boom|Recover|p2a: Boom lay boom
|-heal|p2a: Boom lay boom|304\/304
|move|p1a: Donphan|Earthquake|p2a: Boom lay boom
|-damage|p2a: Boom lay boom|186\/304
|
|-heal|p1a: Donphan|90\/364 brn|[from] item: Leftovers
|-damage|p1a: Donphan|45\/364 brn|[from] brn
|turn|7
|
|switch|p2a: Aeroga|Aerodactyl, M|301\/301
|-damage|p2a: Aeroga|226\/301|[from] Stealth Rock
|-ability|p2a: Aeroga|Pressure
|move|p1a: Donphan|Earthquake|p2a: Aeroga
|-immune|p2a: Aeroga|[msg]
|
|-heal|p1a: Donphan|67\/364 brn|[from] item: Leftovers
|-damage|p1a: Donphan|22\/364 brn|[from] brn
|turn|8
|
|switch|p1a: Quagsire|Quagsire, M|394\/394
|detailschange|p2a: Aeroga|Aerodactyl-Mega, M
|message|Aerodactyl has Mega Evolved into Mega Aerodactyl!
|move|p2a: Aeroga|Stealth Rock|p1a: Quagsire
|-sidestart|p1: easygg|move: Stealth Rock
|
|turn|9
|
|switch|p2a: Bo K.|Roserade, M|324\/324
|-damage|p2a: Bo K.|284\/324|[from] Stealth Rock
|move|p1a: Quagsire|Scald|p2a: Bo K.
|-resisted|p2a: Bo K.
|-damage|p2a: Bo K.|260\/324
|
|-heal|p2a: Bo K.|280\/324|[from] item: Black Sludge
|turn|10
|
|switch|p1a: Donphan|Donphan, F|22\/364 brn
|-damage|p1a: Donphan|0 fnt|[from] Stealth Rock
|faint|p1a: Donphan
|move|p2a: Bo K.|Spikes|p1: Donphan
|-sidestart|p1: easygg|Spikes
|
|-heal|p2a: Bo K.|300\/324|[from] item: Black Sludge
|
|switch|p1a: Chesnaught|Chesnaught, M|380\/380
|-damage|p1a: Chesnaught|357\/380|[from] Stealth Rock
|-damage|p1a: Chesnaught|310\/380|[from] Spikes
|turn|11
|
|switch|p2a: Aeroga|Aerodactyl-Mega, M|226\/301
|-damage|p2a: Aeroga|151\/301|[from] Stealth Rock
|move|p1a: Chesnaught|Spikes|p2a: Aeroga
|-sidestart|p2: Rubicon|Spikes
|
|-heal|p1a: Chesnaught|333\/380|[from] item: Leftovers
|turn|12
|
|move|p2a: Aeroga|Hone Claws|p2a: Aeroga
|-boost|p2a: Aeroga|atk|1
|-boost|p2a: Aeroga|accuracy|1
|move|p1a: Chesnaught|Leech Seed|p2a: Aeroga
|-start|p2a: Aeroga|move: Leech Seed
|
|-heal|p1a: Chesnaught|356\/380|[from] item: Leftovers
|-damage|p2a: Aeroga|114\/301|[from] Leech Seed|[of] p1a: Chesnaught
|-heal|p1a: Chesnaught|380\/380|[silent]
|turn|13
|
|move|p1a: Chesnaught|Spiky Shield|p1a: Chesnaught
|-singleturn|p1a: Chesnaught|move: Protect
|move|p2a: Aeroga|Aerial Ace|p1a: Chesnaught
|-activate|p1a: Chesnaught|move: Protect
|-damage|p2a: Aeroga|77\/301|[from] Spiky Shield|[of] p1a: Chesnaught
|
|-damage|p2a: Aeroga|40\/301|[from] Leech Seed|[of] p1a: Chesnaught
|turn|14
|
|switch|p1a: Quagsire|Quagsire, M|394\/394
|-damage|p1a: Quagsire|370\/394|[from] Stealth Rock
|-damage|p1a: Quagsire|321\/394|[from] Spikes
|move|p2a: Aeroga|Aerial Ace|p1a: Quagsire
|-damage|p1a: Quagsire|191\/394
|-damage|p2a: Aeroga|0 fnt|[from] item: Rocky Helmet|[of] p1a: Quagsire
|faint|p2a: Aeroga
|
|
|switch|p2a: Bo K.|Roserade, M|300\/324
|-damage|p2a: Bo K.|260\/324|[from] Stealth Rock
|-damage|p2a: Bo K.|220\/324|[from] Spikes
|turn|15
|
|move|p2a: Bo K.|Spikes|p1a: Quagsire
|-sidestart|p1: easygg|Spikes
|move|p1a: Quagsire|Scald|p2a: Bo K.
|-resisted|p2a: Bo K.
|-damage|p2a: Bo K.|198\/324
|-status|p2a: Bo K.|brn
|
|-heal|p2a: Bo K.|218\/324 brn|[from] item: Black Sludge
|-damage|p2a: Bo K.|178\/324 brn|[from] brn
|turn|16
|
|switch|p1a: Chesnaught|Chesnaught, M|380\/380
|-damage|p1a: Chesnaught|317\/380|[from] Spikes
|-damage|p1a: Chesnaught|294\/380|[from] Stealth Rock
|move|p2a: Bo K.|Giga Drain|p1a: Chesnaught
|-resisted|p1a: Chesnaught
|-damage|p1a: Chesnaught|232\/380
|-heal|p2a: Bo K.|209\/324 brn|[from] drain|[of] p1a: Chesnaught
|
|-heal|p2a: Bo K.|229\/324 brn|[from] item: Black Sludge
|-heal|p1a: Chesnaught|255\/380|[from] item: Leftovers
|-damage|p2a: Bo K.|189\/324 brn|[from] brn
|turn|17
|
|move|p2a: Bo K.|Hidden Power|p1a: Chesnaught
|-supereffective|p1a: Chesnaught
|-damage|p1a: Chesnaught|123\/380
|move|p1a: Chesnaught|Spikes|p2a: Bo K.
|-sidestart|p2: Rubicon|Spikes
|
|-heal|p2a: Bo K.|209\/324 brn|[from] item: Black Sludge
|-heal|p1a: Chesnaught|146\/380|[from] item: Leftovers
|-damage|p2a: Bo K.|169\/324 brn|[from] brn
|turn|18
|
|move|p1a: Chesnaught|Spiky Shield|p1a: Chesnaught
|-singleturn|p1a: Chesnaught|move: Protect
|move|p2a: Bo K.|Spikes|p1a: Chesnaught
|-sidestart|p1: easygg|Spikes
|
|-heal|p2a: Bo K.|189\/324 brn|[from] item: Black Sludge
|-heal|p1a: Chesnaught|169\/380|[from] item: Leftovers
|-damage|p2a: Bo K.|149\/324 brn|[from] brn
|turn|19
|
|switch|p1a: Toxicroak|Toxicroak, F|308\/308
|-damage|p1a: Toxicroak|231\/308|[from] Spikes
|-damage|p1a: Toxicroak|212\/308|[from] Stealth Rock
|move|p2a: Bo K.|Hidden Power|p1a: Toxicroak
|-damage|p1a: Toxicroak|109\/308
|
|-heal|p1a: Toxicroak|128\/308|[from] item: Black Sludge
|-heal|p2a: Bo K.|169\/324 brn|[from] item: Black Sludge
|-damage|p2a: Bo K.|129\/324 brn|[from] brn
|turn|20
|
|move|p1a: Toxicroak|Substitute|p1a: Toxicroak
|-start|p1a: Toxicroak|Substitute
|-damage|p1a: Toxicroak|51\/308
|move|p2a: Bo K.|Hidden Power|p1a: Toxicroak
|-end|p1a: Toxicroak|Substitute
|
|-heal|p1a: Toxicroak|70\/308|[from] item: Black Sludge
|-heal|p2a: Bo K.|149\/324 brn|[from] item: Black Sludge
|-damage|p2a: Bo K.|109\/324 brn|[from] brn
|turn|21
|
|move|p1a: Toxicroak|Poison Jab|p2a: Bo K.
|-damage|p2a: Bo K.|0 fnt
|faint|p2a: Bo K.
|
|-heal|p1a: Toxicroak|89\/308|[from] item: Black Sludge
|
|switch|p2a: Centurion|Cobalion|324\/324
|-damage|p2a: Centurion|314\/324|[from] Stealth Rock
|-damage|p2a: Centurion|260\/324|[from] Spikes
|turn|22
|
|switch|p1a: Quagsire|Quagsire, M|191\/394
|-damage|p1a: Quagsire|167\/394|[from] Stealth Rock
|-damage|p1a: Quagsire|69\/394|[from] Spikes
|move|p2a: Centurion|Iron Head|p1a: Quagsire
|-resisted|p1a: Quagsire
|-damage|p1a: Quagsire|27\/394
|-damage|p2a: Centurion|206\/324|[from] item: Rocky Helmet|[of] p1a: Quagsire
|
|turn|23
|
|move|p2a: Centurion|Iron Head|p1a: Quagsire
|-resisted|p1a: Quagsire
|-damage|p1a: Quagsire|0 fnt
|-damage|p2a: Centurion|152\/324|[from] item: Rocky Helmet|[of] p1a: Quagsire
|faint|p1a: Quagsire
|
|
|switch|p1a: Krookodile|Krookodile, F|332\/332
|-damage|p1a: Krookodile|312\/332|[from] Stealth Rock
|-damage|p1a: Krookodile|229\/332|[from] Spikes
|turn|24
|
|switch|p2a: Lonely Heart|Alomomola, M|534\/534
|-damage|p2a: Lonely Heart|445\/534|[from] Spikes
|-damage|p2a: Lonely Heart|379\/534|[from] Stealth Rock
|move|p1a: Krookodile|Earthquake|p2a: Lonely Heart
|-damage|p2a: Lonely Heart|231\/534
|
|turn|25
|
|move|p1a: Krookodile|Earthquake|p2a: Lonely Heart
|-damage|p2a: Lonely Heart|72\/534
|move|p2a: Lonely Heart|Wish|p2a: Lonely Heart
|
|turn|26
|
|switch|p1a: Cloyster|Cloyster, M|242\/242
|-damage|p1a: Cloyster|182\/242|[from] Spikes
|-damage|p1a: Cloyster|122\/242|[from] Stealth Rock
|move|p2a: Lonely Heart|Protect|p2a: Lonely Heart
|-fail|p2a: Lonely Heart
|
|-heal|p2a: Lonely Heart|339\/534|[from] move: Wish|[wisher] Lonely Heart
|turn|27
|
|switch|p2a: Boom lay boom|Sableye, M|186\/304
|-damage|p2a: Boom lay boom|148\/304|[from] Stealth Rock
|-damage|p2a: Boom lay boom|98\/304|[from] Spikes
|move|p1a: Cloyster|Shell Smash|p1a: Cloyster
|-boost|p1a: Cloyster|atk|2
|-boost|p1a: Cloyster|spa|2
|-boost|p1a: Cloyster|spe|2
|-unboost|p1a: Cloyster|def|1
|-unboost|p1a: Cloyster|spd|1
|
|turn|28
|
|move|p1a: Cloyster|Ice Shard|p2a: Boom lay boom
|-damage|p2a: Boom lay boom|0 fnt
|faint|p2a: Boom lay boom
|
|
|switch|p2a: Lonely Heart|Alomomola, M|517\/534
|-damage|p2a: Lonely Heart|451\/534|[from] Stealth Rock
|-damage|p2a: Lonely Heart|362\/534|[from] Spikes
|turn|29
|
|move|p1a: Cloyster|Rock Blast|p2a: Lonely Heart
|-damage|p2a: Lonely Heart|314\/534
|-damage|p2a: Lonely Heart|269\/534
|-damage|p2a: Lonely Heart|222\/534
|-damage|p2a: Lonely Heart|174\/534
|-damage|p2a: Lonely Heart|129\/534
|-hitcount|p2a: Lonely Heart|5
|move|p2a: Lonely Heart|Knock Off|p1a: Cloyster
|-damage|p1a: Cloyster|66\/242
|-enditem|p1a: Cloyster|Focus Sash|[from] move: Knock Off|[of] p2a: Lonely Heart
|
|turn|30
|
|move|p2a: Lonely Heart|Protect|p2a: Lonely Heart
|-singleturn|p2a: Lonely Heart|Protect
|move|p1a: Cloyster|Rock Blast|p2a: Lonely Heart
|-activate|p2a: Lonely Heart|Protect
|
|turn|31
|
|switch|p2a: Centurion|Cobalion|152\/324
|-damage|p2a: Centurion|142\/324|[from] Stealth Rock
|-damage|p2a: Centurion|88\/324|[from] Spikes
|move|p1a: Cloyster|Rock Blast|p2a: Centurion
|-resisted|p2a: Centurion
|-damage|p2a: Centurion|78\/324
|-resisted|p2a: Centurion
|-damage|p2a: Centurion|68\/324
|-resisted|p2a: Centurion
|-damage|p2a: Centurion|58\/324
|-resisted|p2a: Centurion
|-damage|p2a: Centurion|47\/324
|-resisted|p2a: Centurion
|-damage|p2a: Centurion|36\/324
|-hitcount|p2a: Centurion|5
|
|turn|32
|
|move|p2a: Centurion|Quick Attack|p1a: Cloyster
|-damage|p1a: Cloyster|32\/242
|move|p1a: Cloyster|Icicle Spear|p2a: Centurion
|-resisted|p2a: Centurion
|-damage|p2a: Centurion|3\/324
|-resisted|p2a: Centurion
|-damage|p2a: Centurion|0 fnt
|-hitcount|p2a: Centurion|2
|faint|p2a: Centurion
|
|
|switch|p2a: Tiger Shot|Raikou, shiny|322\/322
|-damage|p2a: Tiger Shot|282\/322|[from] Stealth Rock
|-damage|p2a: Tiger Shot|229\/322|[from] Spikes
|-ability|p2a: Tiger Shot|Pressure
|turn|33
|
|move|p2a: Tiger Shot|Aura Sphere|p1a: Cloyster
|-crit|p1a: Cloyster
|-supereffective|p1a: Cloyster
|-damage|p1a: Cloyster|0 fnt
|faint|p1a: Cloyster
|
|
|switch|p1a: Chesnaught|Chesnaught, M|169\/380
|-damage|p1a: Chesnaught|74\/380|[from] Spikes
|-damage|p1a: Chesnaught|51\/380|[from] Stealth Rock
|turn|34
|
|switch|p2a: Lonely Heart|Alomomola, M|307\/534
|-damage|p2a: Lonely Heart|241\/534|[from] Stealth Rock
|-damage|p2a: Lonely Heart|152\/534|[from] Spikes
|move|p1a: Chesnaught|Spiky Shield|p1a: Chesnaught
|-fail|p1a: Chesnaught
|
|-heal|p1a: Chesnaught|74\/380|[from] item: Leftovers
|turn|35
|
|move|p2a: Lonely Heart|Knock Off|p1a: Chesnaught
|-resisted|p1a: Chesnaught
|-damage|p1a: Chesnaught|54\/380
|-enditem|p1a: Chesnaught|Leftovers|[from] move: Knock Off|[of] p2a: Lonely Heart
|move|p1a: Chesnaught|Wood Hammer|p2a: Lonely Heart
|-supereffective|p2a: Lonely Heart
|-damage|p2a: Lonely Heart|0 fnt
|-damage|p1a: Chesnaught|0 fnt|[from] item: Rocky Helmet|[of] p2a: Lonely Heart
|faint|p1a: Chesnaught
|faint|p2a: Lonely Heart
|
|
|switch|p2a: Tiger Shot|Raikou, shiny|229\/322
|-damage|p2a: Tiger Shot|189\/322|[from] Stealth Rock
|-damage|p2a: Tiger Shot|136\/322|[from] Spikes
|switch|p1a: Krookodile|Krookodile, F|229\/332
|-damage|p1a: Krookodile|209\/332|[from] Stealth Rock
|-damage|p1a: Krookodile|126\/332|[from] Spikes
|-ability|p2a: Tiger Shot|Pressure
|turn|36
|
|move|p2a: Tiger Shot|Aura Sphere|p1a: Krookodile
|-supereffective|p1a: Krookodile
|-damage|p1a: Krookodile|0 fnt
|faint|p1a: Krookodile
|
|
|switch|p1a: Toxicroak|Toxicroak, F|89\/308
|-damage|p1a: Toxicroak|70\/308|[from] Stealth Rock
|-damage|p1a: Toxicroak|0 fnt|[from] Spikes
|faint|p1a: Toxicroak
|
|win|Rubicon
|raw|Ladder updating...
|raw|easygg's rating: 1419 &rarr; <strong>1401<\/strong><br \/>(-18 for losing)
|raw|Rubicon's rating: 1451 &rarr; <strong>1470<\/strong><br \/>(+19 for winning)
|leave|easygg
|player|p1