|join|Rubicon
|join|qwertyasdd
|player|p1|Rubicon|129
|player|p2|qwertyasdd|102
|gametype|singles
|gen|6
|tier|UU
|rated
|rule|Sleep Clause Mod: Limit one foe put to sleep
|rule|Species Clause: Limit one of each Pokémon
|rule|OHKO Clause: OHKO moves are banned
|rule|Moody Clause: Moody is banned
|rule|Evasion Moves Clause: Evasion moves are banned
|rule|Endless Battle Clause: Forcing endless battles is banned
|rule|HP Percentage Mod: HP is shown in percentages
|clearpoke
|poke|p1|Hydreigon, M
|poke|p1|Honchkrow, F
|poke|p1|Toxicroak, M
|poke|p1|Alomomola, F
|poke|p1|Jirachi
|poke|p1|Raikou
|poke|p2|Empoleon, M
|poke|p2|Chesnaught, F
|poke|p2|Machamp, F
|poke|p2|Hydreigon, F
|poke|p2|Nidoqueen, F
|poke|p2|Blastoise, F
|rule|Swagger Clause: Swagger is banned
|rule|Baton Pass Clause: Limit one Pokémon knowing Baton Pass
|teampreview
|
|start
|switch|p1a: Samson|Raikou|322\/322
|switch|p2a: Empoleon|Empoleon, M|372\/372
|-ability|p1a: Samson|Pressure
|turn|1
|
|move|p1a: Samson|Thunderbolt|p2a: Empoleon
|-supereffective|p2a: Empoleon
|-damage|p2a: Empoleon|174\/372
|move|p2a: Empoleon|Stealth Rock|p1a: Samson
|-sidestart|p1: Rubicon|move: Stealth Rock
|
|-heal|p2a: Empoleon|197\/372|[from] item: Leftovers
|turn|2
|
|switch|p2a: Nidoqueen|Nidoqueen, F|353\/353
|move|p1a: Samson|Extrasensory|p2a: Nidoqueen
|-supereffective|p2a: Nidoqueen
|-damage|p2a: Nidoqueen|153\/353
|
|turn|3
|
|move|p1a: Samson|Hidden Power|p2a: Nidoqueen
|-supereffective|p2a: Nidoqueen
|-damage|p2a: Nidoqueen|7\/353
|move|p2a: Nidoqueen|Earth Power|p1a: Samson
|-supereffective|p1a: Samson
|-damage|p1a: Samson|65\/322
|
|turn|4
|
|switch|p2a: Machamp|Machamp, F|364\/364
|move|p1a: Samson|Hidden Power|p2a: Machamp
|-damage|p2a: Machamp|317\/364
|
|turn|5
|
|move|p1a: Samson|Volt Switch|p2a: Machamp
|-damage|p2a: Machamp|235\/364
|
|switch|p1a: Magdalene|Alomomola, F|534\/534
|-damage|p1a: Magdalene|468\/534|[from] Stealth Rock
|move|p2a: Machamp|Knock Off|p1a: Magdalene
|-damage|p1a: Magdalene|368\/534
|-damage|p2a: Machamp|175\/364|[from] item: Rocky Helmet|[of] p1a: Magdalene
|-enditem|p1a: Magdalene|Rocky Helmet|[from] move: Knock Off|[of] p2a: Machamp
|
|turn|6
|
|move|p2a: Machamp|Dynamic Punch|p1a: Magdalene
|-damage|p1a: Magdalene|211\/534
|-start|p1a: Magdalene|confusion
|-activate|p1a: Magdalene|confusion
|-damage|p1a: Magdalene|190\/534|[from] confusion
|
|turn|7
|
|switch|p1a: Judas|Toxicroak, M|307\/307
|-damage|p1a: Judas|288\/307|[from] Stealth Rock
|move|p2a: Machamp|Dynamic Punch|p1a: Judas
|-resisted|p1a: Judas
|-damage|p1a: Judas|141\/307
|-start|p1a: Judas|confusion
|
|turn|8
|
|-activate|p1a: Judas|confusion
|-damage|p1a: Judas|63\/307|[from] confusion
|move|p2a: Machamp|Dynamic Punch|p1a: Judas
|-resisted|p1a: Judas
|-damage|p1a: Judas|0 fnt
|faint|p1a: Judas
|
|
|switch|p1a: Eve|Honchkrow, F|341\/341
|-damage|p1a: Eve|256\/341|[from] Stealth Rock
|turn|9
|
|move|p1a: Eve|Brave Bird|p2a: Machamp
|-supereffective|p2a: Machamp
|-damage|p2a: Machamp|0 fnt
|-damage|p1a: Eve|198\/341|[from] recoil|[of] p2a: Machamp
|-damage|p1a: Eve|164\/341|[from] item: Life Orb
|faint|p2a: Machamp
|-boost|p1a: Eve|atk|1|[from] ability: Moxie
|
|
|switch|p2a: Chesnaught|Chesnaught, F|380\/380
|turn|10
|
|move|p2a: Chesnaught|Spiky Shield|p2a: Chesnaught
|-singleturn|p2a: Chesnaught|move: Protect
|move|p1a: Eve|Substitute|p1a: Eve
|-start|p1a: Eve|Substitute
|-damage|p1a: Eve|79\/341
|
|turn|11
|
|move|p1a: Eve|Roost|p1a: Eve
|-heal|p1a: Eve|250\/341
|move|p2a: Chesnaught|Leech Seed|p1a: Eve
|
|turn|12
|
|move|p1a: Eve|Roost|p1a: Eve
|-heal|p1a: Eve|341\/341
|move|p2a: Chesnaught|Spikes|p1a: Eve
|-sidestart|p1: Rubicon|Spikes
|
|turn|13
|
|move|p1a: Eve|Brave Bird|p2a: Chesnaught
|-supereffective|p2a: Chesnaught
|-damage|p2a: Chesnaught|0 fnt
|-damage|p1a: Eve|216\/341|[from] recoil|[of] p2a: Chesnaught
|-damage|p1a: Eve|182\/341|[from] item: Life Orb
|faint|p2a: Chesnaught
|-boost|p1a: Eve|atk|1|[from] ability: Moxie
|
|
|switch|p2a: Blastoise|Blastoise, F|349\/349
|turn|14
|
|move|p1a: Eve|Brave Bird|p2a: Blastoise
|-damage|p2a: Blastoise|0 fnt
|-damage|p1a: Eve|67\/341|[from] recoil|[of] p2a: Blastoise
|-damage|p1a: Eve|33\/341|[from] item: Life Orb
|faint|p2a: Blastoise
|-boost|p1a: Eve|atk|1|[from] ability: Moxie
|
|
|switch|p2a: Empoleon|Empoleon, M|197\/372
|turn|15
|
|move|p1a: Eve|Roost|p1a: Eve
|-heal|p1a: Eve|204\/341
|move|p2a: Empoleon|Ice Beam|p1a: Eve
|-end|p1a: Eve|Substitute
|
|-heal|p2a: Empoleon|220\/372|[from] item: Leftovers
|turn|16
|
|move|p1a: Eve|Brave Bird|p2a: Empoleon
|-resisted|p2a: Empoleon
|-damage|p2a: Empoleon|0 fnt
|-damage|p1a: Eve|131\/341|[from] recoil|[of] p2a: Empoleon
|-damage|p1a: Eve|97\/341|[from] item: Life Orb
|faint|p2a: Empoleon
|-boost|p1a: Eve|atk|1|[from] ability: Moxie
|
|
|switch|p2a: Nidoqueen|Nidoqueen, F|7\/353
|turn|17
|
|move|p1a: Eve|Sucker Punch|p2a: Nidoqueen
|-damage|p2a: Nidoqueen|0 fnt
|-damage|p1a: Eve|63\/341|[from] item: Life Orb
|faint|p2a: Nidoqueen
|-boost|p1a: Eve|atk|1|[from] ability: Moxie
|
|
|switch|p2a: Hydreigon|Hydreigon, F|325\/325
|turn|18
|
|move|p1a: Eve|Sucker Punch|p2a: Hydreigon
|-resisted|p2a: Hydreigon
|-damage|p2a: Hydreigon|0 fnt
|-damage|p1a: Eve|29\/341|[from] item: Life Orb
|faint|p2a: Hydreigon
|-boost|p1a: Eve|atk|1|[from] ability: Moxie
|
|win|Rubicon
|raw|Ladder updating...
|raw|Rubicon's rating: 1450 &rarr; <strong>1462<\/strong><br \/>(+12 for winning)
|raw|qwertyasdd's rating: 1316 &rarr; <strong>1303<\/strong><br \/>(-13 for losing)
|leave|qwertyasdd
|player|p2