|join|Here to GG
|join|Professional 01
|player|p1|Here to GG|148
|player|p2|Professional 01|293
|gametype|singles
|gen|6
|tier|OU
|rated
|clearpoke
|poke|p1|Thundurus, M
|poke|p1|Landorus, M
|poke|p1|Tyranitar, F
|poke|p1|Skarmory, F
|poke|p1|Charizard, F
|poke|p1|Gothitelle, M
|poke|p2|Volcarona, F
|poke|p2|Slowbro, M
|poke|p2|Gyarados, F
|poke|p2|Mandibuzz, F
|poke|p2|Clefable, M
|poke|p2|Gengar, M
|rule|Swagger Clause: Swagger is banned
|rule|Baton Pass Clause: Limit one Pokémon knowing Baton Pass
|rule|Sleep Clause Mod: Limit one foe put to sleep
|rule|Species Clause: Limit one of each Pokémon
|rule|OHKO Clause: OHKO moves are banned
|rule|Moody Clause: Moody is banned
|rule|Evasion Moves Clause: Evasion moves are banned
|rule|Endless Battle Clause: Forcing endless battles is banned
|rule|HP Percentage Mod: HP is shown in percentages
|teampreview
|
|start
|switch|p1a: Thundurus|Thundurus, M|299\/299
|switch|p2a: Clefable|Clefable, M|393\/393
|turn|1
|
|move|p1a: Thundurus|Volt Switch|p2a: Clefable
|-crit|p2a: Clefable
|-damage|p2a: Clefable|225\/393
|
|switch|p1a: Gothitelle|Gothitelle, M|301\/301
|move|p2a: Clefable|Moonblast|p1a: Gothitelle
|-damage|p1a: Gothitelle|217\/301
|-unboost|p1a: Gothitelle|spa|1
|
|-heal|p2a: Clefable|249\/393|[from] item: Leftovers
|turn|2
|
|move|p1a: Gothitelle|Trick|p2a: Clefable
|-activate|p1a: Gothitelle|move: Trick|[of] p2a: Clefable
|-item|p2a: Clefable|Choice Scarf|[from] move: Trick
|-item|p1a: Gothitelle|Leftovers|[from] move: Trick
|move|p2a: Clefable|Thunder Wave|p1a: Gothitelle
|-status|p1a: Gothitelle|par
|
|-heal|p1a: Gothitelle|235\/301 par|[from] item: Leftovers
|turn|3
|
|move|p2a: Clefable|Thunder Wave|p1a: Gothitelle
|-fail|p1a: Gothitelle|par
|cant|p1a: Gothitelle|par
|
|-heal|p1a: Gothitelle|253\/301 par|[from] item: Leftovers
|turn|4
|
|move|p2a: Clefable|Thunder Wave|p1a: Gothitelle
|-fail|p1a: Gothitelle|par
|move|p1a: Gothitelle|Rest|p1a: Gothitelle
|-status|p1a: Gothitelle|slp
|-heal|p1a: Gothitelle|301\/301 slp|[silent]
|-status|p1a: Gothitelle|slp|[from] move: Rest
|
|turn|5
|
|cant|p1a: Gothitelle|slp
|move|p2a: Clefable|Thunder Wave|p1a: Gothitelle
|-fail|p1a: Gothitelle
|
|turn|6
|
|cant|p1a: Gothitelle|slp
|move|p2a: Clefable|Thunder Wave|p1a: Gothitelle
|-fail|p1a: Gothitelle
|
|turn|7
|
|-curestatus|p1a: Gothitelle|slp
|move|p1a: Gothitelle|Calm Mind|p1a: Gothitelle
|-boost|p1a: Gothitelle|spa|1
|-boost|p1a: Gothitelle|spd|1
|move|p2a: Clefable|Thunder Wave|p1a: Gothitelle
|-status|p1a: Gothitelle|par
|
|turn|8
|c|★Professional 01|yo man
|c|★Professional 01|can you please not
|c|★Here to GG|i wont
|
|move|p2a: Clefable|Thunder Wave|p1a: Gothitelle
|-fail|p1a: Gothitelle|par
|move|p1a: Gothitelle|Psychic|p2a: Clefable
|-damage|p2a: Clefable|153\/393
|
|turn|9
|c|★Professional 01|just switch to thund or lando
|c|★Here to GG|you have a dark type anyway
|c|★Professional 01|ok thnx
|
|move|p2a: Clefable|Thunder Wave|p1a: Gothitelle
|-fail|p1a: Gothitelle|par
|cant|p1a: Gothitelle|par
|
|turn|10
|
|move|p2a: Clefable|Thunder Wave|p1a: Gothitelle
|-fail|p1a: Gothitelle|par
|move|p1a: Gothitelle|Psychic|p2a: Clefable
|-damage|p2a: Clefable|54\/393
|
|turn|11
|
|move|p2a: Clefable|Thunder Wave|p1a: Gothitelle
|-fail|p1a: Gothitelle|par
|move|p1a: Gothitelle|Psychic|p2a: Clefable
|-damage|p2a: Clefable|0 fnt
|faint|p2a: Clefable
|
|
|switch|p2a: Gyarados|Gyarados, F|331\/331
|turn|12
|
|switch|p1a: Skarmory|Skarmory, F|333\/333
|move|p2a: Gyarados|Dragon Dance|p2a: Gyarados
|-boost|p2a: Gyarados|atk|1
|-boost|p2a: Gyarados|spe|1
|
|turn|13
|
|move|p2a: Gyarados|Waterfall|p1a: Skarmory
|-damage|p1a: Skarmory|204\/333
|cant|p1a: Skarmory|flinch
|
|turn|14
|
|move|p2a: Gyarados|Dragon Dance|p2a: Gyarados
|-boost|p2a: Gyarados|atk|1
|-boost|p2a: Gyarados|spe|1
|move|p1a: Skarmory|Whirlwind|p2a: Gyarados
|drag|p2a: Gengar|Gengar, M|261\/261
|
|turn|15
|
|switch|p2a: Slowbro|Slowbro, M|393\/393
|switch|p1a: Tyranitar|Tyranitar, F|341\/341
|-weather|Sandstorm
|
|-weather|Sandstorm|[upkeep]
|-damage|p2a: Slowbro|369\/393|[from] sandstorm
|turn|16
|
|switch|p1a: Skarmory|Skarmory, F|204\/333
|detailschange|p2a: Slowbro|Slowbro-Mega, M
|-mega|p2a: Slowbro|Slowbro|Slowbronite
|move|p2a: Slowbro|Calm Mind|p2a: Slowbro
|-boost|p2a: Slowbro|spa|1
|-boost|p2a: Slowbro|spd|1
|
|-weather|Sandstorm|[upkeep]
|-damage|p2a: Slowbro|345\/393|[from] sandstorm
|turn|17
|
|move|p1a: Skarmory|Stealth Rock|p2a: Slowbro
|-sidestart|p2: Professional 01|move: Stealth Rock
|move|p2a: Slowbro|Scald|p1a: Skarmory
|-damage|p1a: Skarmory|0 fnt
|faint|p1a: Skarmory
|
|-weather|Sandstorm|[upkeep]
|-damage|p2a: Slowbro|321\/393|[from] sandstorm
|
|switch|p1a: Charizard|Charizard, F|297\/297
|turn|18
|
|detailschange|p1a: Charizard|Charizard-Mega-Y, F
|-mega|p1a: Charizard|Charizard|Charizardite Y
|-weather|SunnyDay
|move|p1a: Charizard|Solar Beam|p2a: Slowbro|[still]
|-prepare|p1a: Charizard|Solar Beam|p2a: Slowbro
|-anim|p1a: Charizard|Solar Beam|p2a: Slowbro
|-supereffective|p2a: Slowbro
|-damage|p2a: Slowbro|83\/393
|move|p2a: Slowbro|Psyshock|p1a: Charizard
|-damage|p1a: Charizard|98\/297
|
|-weather|SunnyDay|[upkeep]
|turn|19
|
|move|p1a: Charizard|Solar Beam|p2a: Slowbro|[still]
|-prepare|p1a: Charizard|Solar Beam|p2a: Slowbro
|-anim|p1a: Charizard|Solar Beam|p2a: Slowbro
|-supereffective|p2a: Slowbro
|-damage|p2a: Slowbro|0 fnt
|faint|p2a: Slowbro
|
|-weather|SunnyDay|[upkeep]
|
|switch|p2a: Gengar|Gengar, M|261\/261
|-damage|p2a: Gengar|229\/261|[from] Stealth Rock
|turn|20
|
|move|p2a: Gengar|Sludge Wave|p1a: Charizard
|-damage|p1a: Charizard|0 fnt
|-damage|p2a: Gengar|203\/261|[from] item: Life Orb
|faint|p1a: Charizard
|
|-weather|SunnyDay|[upkeep]
|
|switch|p1a: Thundurus|Thundurus, M|299\/299
|turn|21
|
|move|p1a: Thundurus|Volt Switch|p2a: Gengar
|-damage|p2a: Gengar|43\/261
|
|switch|p1a: Gothitelle|Gothitelle, M|301\/301 par
|move|p2a: Gengar|Sludge Wave|p1a: Gothitelle
|-damage|p1a: Gothitelle|105\/301 par
|-damage|p2a: Gengar|17\/261|[from] item: Life Orb
|
|-weather|SunnyDay|[upkeep]
|-heal|p1a: Gothitelle|123\/301 par|[from] item: Leftovers
|turn|22
|
|switch|p2a: Mandibuzz|Mandibuzz, F|423\/423
|-damage|p2a: Mandibuzz|318\/423|[from] Stealth Rock
|move|p1a: Gothitelle|Psychic|p2a: Mandibuzz
|-immune|p2a: Mandibuzz|[msg]
|
|-weather|none
|-heal|p2a: Mandibuzz|344\/423|[from] item: Leftovers
|-heal|p1a: Gothitelle|141\/301 par|[from] item: Leftovers
|turn|23
|c|★Here to GG|wish i had tbolt right now
|
|switch|p1a: Thundurus|Thundurus, M|299\/299
|move|p2a: Mandibuzz|Defog|p1a: Thundurus
|-unboost|p1a: Thundurus|evasion|1
|-sideend|p2: Professional 01|Stealth Rock|[from] move: Defog|[of] p2a: Mandibuzz
|
|-heal|p2a: Mandibuzz|370\/423|[from] item: Leftovers
|turn|24
|
|move|p1a: Thundurus|Thunder Wave|p2a: Mandibuzz
|-status|p2a: Mandibuzz|par
|move|p2a: Mandibuzz|Roost|p2a: Mandibuzz
|-heal|p2a: Mandibuzz|423\/423 par
|
|turn|25
|
|move|p1a: Thundurus|Volt Switch|p2a: Mandibuzz
|-supereffective|p2a: Mandibuzz
|-damage|p2a: Mandibuzz|201\/423 par
|
|switch|p1a: Tyranitar|Tyranitar, F|341\/341
|-weather|Sandstorm
|move|p2a: Mandibuzz|Knock Off|p1a: Tyranitar
|-resisted|p1a: Tyranitar
|-damage|p1a: Tyranitar|305\/341
|-enditem|p1a: Tyranitar|Choice Scarf|[from] move: Knock Off|[of] p2a: Mandibuzz
|
|-weather|Sandstorm|[upkeep]
|-heal|p2a: Mandibuzz|227\/423 par|[from] item: Leftovers
|turn|26
|
|move|p1a: Tyranitar|Stone Edge|p2a: Mandibuzz
|-supereffective|p2a: Mandibuzz
|-damage|p2a: Mandibuzz|0 fnt
|faint|p2a: Mandibuzz
|
|-weather|Sandstorm|[upkeep]
|
|switch|p2a: Gengar|Gengar, M|17\/261
|turn|27
|
|switch|p1a: Gothitelle|Gothitelle, M|141\/301 par
|move|p2a: Gengar|Pain Split|p1a: Gothitelle
|-sethp|p1a: Gothitelle|79\/301 par|p2a: Gengar|79\/261|[from] move: Pain Split
|
|-weather|Sandstorm|[upkeep]
|-damage|p2a: Gengar|63\/261|[from] sandstorm
|-damage|p1a: Gothitelle|61\/301 par|[from] sandstorm
|-heal|p1a: Gothitelle|79\/301 par|[from] item: Leftovers
|turn|28
|
|switch|p2a: Volcarona|Volcarona, F|329\/329
|move|p1a: Gothitelle|Psychic|p2a: Volcarona
|-crit|p2a: Volcarona
|-damage|p2a: Volcarona|176\/329
|
|-weather|Sandstorm|[upkeep]
|-damage|p2a: Volcarona|156\/329|[from] sandstorm
|-damage|p1a: Gothitelle|61\/301 par|[from] sandstorm
|-heal|p1a: Gothitelle|79\/301 par|[from] item: Leftovers
|turn|29
|
|switch|p1a: Landorus|Landorus, M|319\/319
|move|p2a: Volcarona|Quiver Dance|p2a: Volcarona
|-boost|p2a: Volcarona|spa|1
|-boost|p2a: Volcarona|spd|1
|-boost|p2a: Volcarona|spe|1
|
|-weather|none
|turn|30
|
|move|p2a: Volcarona|Fire Blast|p1a: Landorus
|-damage|p1a: Landorus|0 fnt
|faint|p1a: Landorus
|
|
|switch|p1a: Tyranitar|Tyranitar, F|305\/341
|-weather|Sandstorm
|turn|31
|
|move|p2a: Volcarona|Bug Buzz|p1a: Tyranitar
|-supereffective|p1a: Tyranitar
|-damage|p1a: Tyranitar|0 fnt
|faint|p1a: Tyranitar
|
|-weather|Sandstorm|[upkeep]
|-damage|p2a: Volcarona|136\/329|[from] sandstorm
|
|switch|p1a: Thundurus|Thundurus, M|299\/299
|turn|32
|
|move|p1a: Thundurus|Thunder Wave|p2a: Volcarona
|-status|p2a: Volcarona|par
|-enditem|p2a: Volcarona|Lum Berry|[eat]
|-curestatus|p2a: Volcarona|par
|move|p2a: Volcarona|Fire Blast|p1a: Thundurus
|-damage|p1a: Thundurus|0 fnt
|faint|p1a: Thundurus
|
|-weather|Sandstorm|[upkeep]
|-damage|p2a: Volcarona|116\/329|[from] sandstorm
|-message|Here to GG forfeited.
|leave|Here to GG
|
|win|Professional 01
|raw|Ladder updating...
|player|p1
|raw|Here to GG's rating: 1725 &rarr; <strong>1704<\/strong><br \/>(-21 for losing)
|raw|Professional 01's rating: 1699 &rarr; <strong>1720<\/strong><br \/>(+21 for winning)