|join|Reverb
|join|elwind
|player|p1|Reverb|#reverbxmas
|player|p2|elwind|266
|gametype|singles
|gen|6
|tier|OU
|rated
|clearpoke
|poke|p1|Landorus, M
|poke|p1|Celebi
|poke|p1|Talonflame, M
|poke|p1|Empoleon, F
|poke|p1|Azumarill, F
|poke|p1|Metagross
|poke|p2|Garchomp, F
|poke|p2|Honchkrow, M
|poke|p2|Charizard, M
|poke|p2|Latias, F
|poke|p2|Conkeldurr, M
|poke|p2|Clefable, M
|rule|Swagger Clause: Swagger is banned
|rule|Baton Pass Clause: Limit one Pokémon knowing Baton Pass
|rule|Sleep Clause Mod: Limit one foe put to sleep
|rule|Species Clause: Limit one of each Pokémon
|rule|OHKO Clause: OHKO moves are banned
|rule|Moody Clause: Moody is banned
|rule|Evasion Moves Clause: Evasion moves are banned
|rule|Endless Battle Clause: Forcing endless battles is banned
|rule|HP Percentage Mod: HP is shown in percentages
|teampreview
|join|jake5
|
|start
|switch|p1a: Azumarill|Azumarill, F|372\/372
|switch|p2a: Charizard|Charizard, M|297\/297
|turn|1
|
|detailschange|p2a: Charizard|Charizard-Mega-Y, M
|-mega|p2a: Charizard|Charizard|Charizardite Y
|-weather|SunnyDay
|move|p2a: Charizard|Solar Beam|p1a: Azumarill|[still]
|-prepare|p2a: Charizard|Solar Beam|p1a: Azumarill
|-anim|p2a: Charizard|Solar Beam|p1a: Azumarill
|-supereffective|p1a: Azumarill
|-damage|p1a: Azumarill|110\/372
|move|p1a: Azumarill|Waterfall|p2a: Charizard
|-supereffective|p2a: Charizard
|-damage|p2a: Charizard|111\/297
|
|-weather|SunnyDay|[upkeep]
|turn|2
|
|move|p2a: Charizard|Roost|p2a: Charizard
|-heal|p2a: Charizard|260\/297
|move|p1a: Azumarill|Waterfall|p2a: Charizard
|-supereffective|p2a: Charizard
|-damage|p2a: Charizard|50\/297
|
|-weather|SunnyDay|[upkeep]
|turn|3
|
|move|p1a: Azumarill|Aqua Jet|p2a: Charizard
|-crit|p2a: Charizard
|-supereffective|p2a: Charizard
|-damage|p2a: Charizard|0 fnt
|faint|p2a: Charizard
|
|-weather|SunnyDay|[upkeep]
|c| jake5|dat powah
|
|switch|p2a: Garchomp|Garchomp, F|420\/420
|turn|4
|
|move|p2a: Garchomp|Stealth Rock|p1a: Azumarill
|-sidestart|p1: Reverb|move: Stealth Rock
|move|p1a: Azumarill|Play Rough|p2a: Garchomp
|-supereffective|p2a: Garchomp
|-damage|p2a: Garchomp|114\/420
|-damage|p1a: Azumarill|64\/372|[from] ability: Rough Skin|[of] p2a: Garchomp
|-damage|p1a: Azumarill|2\/372|[from] item: Rocky Helmet|[of] p2a: Garchomp
|
|-weather|SunnyDay|[upkeep]
|turn|5
|
|move|p1a: Azumarill|Aqua Jet|p2a: Garchomp
|-damage|p2a: Garchomp|80\/420
|-damage|p1a: Azumarill|0 fnt|[from] ability: Rough Skin|[of] p2a: Garchomp
|faint|p1a: Azumarill
|move|p2a: Garchomp|Earthquake|p1: Azumarill|[notarget]
|-notarget
|
|-weather|none
|
|switch|p1a: Celebi|Celebi|404\/404
|-damage|p1a: Celebi|354\/404|[from] Stealth Rock
|turn|6
|
|switch|p2a: Honchkrow|Honchkrow, M|341\/341
|move|p1a: Celebi|Giga Drain|p2a: Honchkrow
|-resisted|p2a: Honchkrow
|-damage|p2a: Honchkrow|262\/341
|-heal|p1a: Celebi|394\/404|[from] drain|[of] p2a: Honchkrow
|
|-heal|p1a: Celebi|404\/404|[from] item: Leftovers
|turn|7
|
|move|p1a: Celebi|Baton Pass|p1a: Celebi
|
|switch|p1a: Empoleon|Empoleon, F|371\/371
|-damage|p1a: Empoleon|348\/371|[from] Stealth Rock
|move|p2a: Honchkrow|Substitute|p2a: Honchkrow
|-start|p2a: Honchkrow|Substitute
|-damage|p2a: Honchkrow|177\/341
|
|-heal|p1a: Empoleon|371\/371|[from] item: Leftovers
|turn|8
|
|move|p2a: Honchkrow|Superpower|p1a: Empoleon
|-supereffective|p1a: Empoleon
|-damage|p1a: Empoleon|69\/371
|-unboost|p2a: Honchkrow|atk|1
|-unboost|p2a: Honchkrow|def|1
|-damage|p2a: Honchkrow|143\/341|[from] item: Life Orb
|move|p1a: Empoleon|Defog|p2a: Honchkrow
|-sideend|p1: Reverb|Stealth Rock|[from] move: Defog|[of] p1a: Empoleon
|
|-heal|p1a: Empoleon|92\/371|[from] item: Leftovers
|turn|9
|
|move|p2a: Honchkrow|Superpower|p1a: Empoleon
|-supereffective|p1a: Empoleon
|-damage|p1a: Empoleon|0 fnt
|-unboost|p2a: Honchkrow|atk|1
|-unboost|p2a: Honchkrow|def|1
|-damage|p2a: Honchkrow|109\/341|[from] item: Life Orb
|faint|p1a: Empoleon
|-boost|p2a: Honchkrow|atk|1|[from] ability: Moxie
|
|
|switch|p1a: Landorus|Landorus, M|319\/319
|turn|10
|c| jake5|ddat moxie
|
|move|p1a: Landorus|Knock Off|p2a: Honchkrow
|-resisted|p2a: Honchkrow
|-end|p2a: Honchkrow|Substitute
|-damage|p1a: Landorus|288\/319|[from] item: Life Orb
|move|p2a: Honchkrow|Brave Bird|p1a: Landorus
|-damage|p1a: Landorus|77\/319
|-damage|p2a: Honchkrow|39\/341|[from] recoil|[of] p1a: Landorus
|-damage|p2a: Honchkrow|5\/341|[from] item: Life Orb
|
|turn|11
|
|move|p1a: Landorus|Knock Off|p2a: Honchkrow
|-resisted|p2a: Honchkrow
|-damage|p2a: Honchkrow|0 fnt
|-enditem|p2a: Honchkrow|Life Orb|[from] move: Knock Off|[of] p1a: Landorus
|-damage|p1a: Landorus|46\/319|[from] item: Life Orb
|faint|p2a: Honchkrow
|
|
|switch|p2a: Latias|Latias, F|334\/334
|turn|12
|
|switch|p1a: Celebi|Celebi|404\/404
|move|p2a: Latias|Psyshock|p1a: Celebi
|-resisted|p1a: Celebi
|-damage|p1a: Celebi|352\/404
|
|-heal|p1a: Celebi|377\/404|[from] item: Leftovers
|turn|13
|
|move|p2a: Latias|Draco Meteor|p1a: Celebi
|-damage|p1a: Celebi|247\/404
|-unboost|p2a: Latias|spa|2
|move|p1a: Celebi|Giga Drain|p2a: Latias
|-resisted|p2a: Latias
|-damage|p2a: Latias|304\/334
|-heal|p1a: Celebi|262\/404|[from] drain|[of] p2a: Latias
|
|-heal|p2a: Latias|324\/334|[from] item: Leftovers
|-heal|p1a: Celebi|287\/404|[from] item: Leftovers
|turn|14
|leave|jake5
|
|switch|p2a: Garchomp|Garchomp, F|80\/420
|move|p1a: Celebi|Baton Pass|p1a: Celebi
|
|switch|p1a: Talonflame|Talonflame, M|297\/297
|
|turn|15
|
|move|p1a: Talonflame|Brave Bird|p2a: Garchomp
|-damage|p2a: Garchomp|0 fnt
|-damage|p1a: Talonflame|260\/297|[from] ability: Rough Skin|[of] p2a: Garchomp
|-damage|p1a: Talonflame|211\/297|[from] item: Rocky Helmet|[of] p2a: Garchomp
|-damage|p1a: Talonflame|185\/297|[from] recoil|[of] p2a: Garchomp
|faint|p2a: Garchomp
|
|
|switch|p2a: Latias|Latias, F|324\/334
|turn|16
|
|switch|p1a: Celebi|Celebi|287\/404
|switch|p2a: Conkeldurr|Conkeldurr, M|413\/413
|
|-heal|p1a: Celebi|312\/404|[from] item: Leftovers
|turn|17
|
|move|p1a: Celebi|Baton Pass|p1a: Celebi
|
|switch|p1a: Landorus|Landorus, M|46\/319
|move|p2a: Conkeldurr|Knock Off|p1a: Landorus
|-damage|p1a: Landorus|0 fnt
|-enditem|p1a: Landorus|Life Orb|[from] move: Knock Off|[of] p2a: Conkeldurr
|faint|p1a: Landorus
|
|
|switch|p1a: Talonflame|Talonflame, M|185\/297
|turn|18
|
|switch|p2a: Latias|Latias, F|324\/334
|move|p1a: Talonflame|Brave Bird|p2a: Latias
|-damage|p2a: Latias|41\/334
|-damage|p1a: Talonflame|92\/297|[from] recoil|[of] p2a: Latias
|
|-heal|p2a: Latias|61\/334|[from] item: Leftovers
|turn|19
|
|move|p1a: Talonflame|Brave Bird|p2a: Latias
|-damage|p2a: Latias|0 fnt
|-damage|p1a: Talonflame|72\/297|[from] recoil|[of] p2a: Latias
|faint|p2a: Latias
|
|
|switch|p2a: Clefable|Clefable, M|394\/394
|turn|20
|
|switch|p1a: Metagross|Metagross|301\/301
|move|p2a: Clefable|Soft-Boiled|p2a: Clefable
|-fail|p2a: Clefable
|
|turn|21
|
|detailschange|p1a: Metagross|Metagross-Mega
|-mega|p1a: Metagross|Metagross|Metagrossite
|move|p1a: Metagross|Meteor Mash|p2a: Clefable
|-supereffective|p2a: Clefable
|-damage|p2a: Clefable|0 fnt
|faint|p2a: Clefable
|
|c|★elwind|g
|c|★Reverb|gg
|-message|elwind forfeited.
|
|win|Reverb
|raw|Ladder updating...
|leave|elwind
|player|p2
|raw|Reverb's rating: 1693 &rarr; <strong>1707<\/strong><br \/>(+14 for winning)
|raw|elwind's rating: 1585 &rarr; <strong>1571<\/strong><br \/>(-14 for losing)