|join|Handiman
|join|Oldmanbrian
|player|p1|Handiman|266
|player|p2|Oldmanbrian|244
|gametype|singles
|gen|6
|tier|OU
|rated
|clearpoke
|poke|p1|Landorus-Therian, M
|poke|p1|Scizor, M
|poke|p1|Talonflame, M
|poke|p1|Rotom-Wash
|poke|p1|Latios, M
|poke|p1|Garchomp, M
|poke|p2|Sylveon, F
|poke|p2|Aerodactyl, F
|poke|p2|Starmie
|poke|p2|Scizor, F
|poke|p2|Garchomp, F
|poke|p2|Raikou
|rule|Swagger Clause: Swagger is banned
|rule|Baton Pass Clause: Limit one Pokémon knowing Baton Pass
|rule|Sleep Clause Mod: Limit one foe put to sleep
|rule|Species Clause: Limit one of each Pokémon
|rule|OHKO Clause: OHKO moves are banned
|rule|Moody Clause: Moody is banned
|rule|Evasion Moves Clause: Evasion moves are banned
|rule|Endless Battle Clause: Forcing endless battles is banned
|rule|HP Percentage Mod: HP is shown in percentages
|teampreview
|
|start
|switch|p1a: Rotom-Wash|Rotom-Wash|303\/303
|switch|p2a: Garchomp|Garchomp, F|420\/420
|turn|1
|
|move|p2a: Garchomp|Stealth Rock|p1a: Rotom-Wash
|-sidestart|p1: Handiman|move: Stealth Rock
|move|p1a: Rotom-Wash|Will-O-Wisp|p2a: Garchomp
|-status|p2a: Garchomp|brn
|
|-damage|p2a: Garchomp|368\/420 brn|[from] brn
|turn|2
|
|move|p2a: Garchomp|Toxic|p1a: Rotom-Wash|[miss]
|-miss|p2a: Garchomp|p1a: Rotom-Wash
|move|p1a: Rotom-Wash|Hydro Pump|p2a: Garchomp
|-crit|p2a: Garchomp
|-damage|p2a: Garchomp|148\/420 brn
|
|-damage|p2a: Garchomp|96\/420 brn|[from] brn
|turn|3
|
|move|p2a: Garchomp|Toxic|p1a: Rotom-Wash
|-status|p1a: Rotom-Wash|tox
|move|p1a: Rotom-Wash|Hydro Pump|p2a: Garchomp
|-damage|p2a: Garchomp|0 fnt
|faint|p2a: Garchomp
|
|-damage|p1a: Rotom-Wash|285\/303 tox|[from] psn
|
|switch|p2a: Sylveon|Sylveon, F|392\/392
|turn|4
|
|move|p1a: Rotom-Wash|Pain Split|p2a: Sylveon
|-sethp|p2a: Sylveon|338\/392|p1a: Rotom-Wash|303\/303 tox|[from] move: Pain Split
|move|p2a: Sylveon|Hyper Voice|p1a: Rotom-Wash
|-damage|p1a: Rotom-Wash|81\/303 tox
|
|-heal|p1a: Rotom-Wash|99\/303 tox|[from] item: Leftovers
|-damage|p1a: Rotom-Wash|63\/303 tox|[from] psn
|turn|5
|
|move|p1a: Rotom-Wash|Pain Split|p2a: Sylveon
|-sethp|p2a: Sylveon|200\/392|p1a: Rotom-Wash|200\/303 tox|[from] move: Pain Split
|move|p2a: Sylveon|Hyper Voice|p1a: Rotom-Wash
|-damage|p1a: Rotom-Wash|0 fnt
|faint|p1a: Rotom-Wash
|
|
|switch|p1a: Scizor|Scizor, M|281\/281
|-damage|p1a: Scizor|246\/281|[from] Stealth Rock
|turn|6
|
|switch|p2a: Raikou|Raikou|321\/321
|-ability|p2a: Raikou|Pressure
|move|p1a: Scizor|Bullet Punch|p2a: Raikou
|-resisted|p2a: Raikou
|-damage|p2a: Raikou|222\/321
|-damage|p1a: Scizor|218\/281|[from] item: Life Orb
|
|turn|7
|
|move|p2a: Raikou|Volt Switch|p1a: Scizor
|-damage|p1a: Scizor|85\/281
|
|switch|p2a: Scizor|Scizor, F|343\/343
|move|p1a: Scizor|Defog|p2a: Scizor
|-unboost|p2a: Scizor|evasion|1
|-sideend|p1: Handiman|Stealth Rock|[from] move: Defog|[of] p1a: Scizor
|
|turn|8
|
|move|p1a: Scizor|Superpower|p2a: Scizor
|-damage|p2a: Scizor|136\/343
|-unboost|p1a: Scizor|atk|1
|-unboost|p1a: Scizor|def|1
|-damage|p1a: Scizor|57\/281|[from] item: Life Orb
|move|p2a: Scizor|Superpower|p1a: Scizor
|-damage|p1a: Scizor|0 fnt
|-unboost|p2a: Scizor|atk|1
|-unboost|p2a: Scizor|def|1
|faint|p1a: Scizor
|
|
|switch|p1a: Landorus-Therian|Landorus-Therian, M|382\/382
|-ability|p1a: Landorus-Therian|Intimidate|[of] p2a: Scizor
|-unboost|p2a: Scizor|atk|1
|turn|9
|
|switch|p2a: Starmie|Starmie|261\/261
|move|p1a: Landorus-Therian|Earthquake|p2a: Starmie
|-damage|p2a: Starmie|81\/261
|
|turn|10
|
|switch|p1a: Latios|Latios, M|302\/302
|move|p2a: Starmie|Ice Beam|p1a: Latios
|-supereffective|p1a: Latios
|-damage|p1a: Latios|0 fnt
|-damage|p2a: Starmie|55\/261|[from] item: Life Orb
|faint|p1a: Latios
|
|
|switch|p1a: Talonflame|Talonflame, M|298\/298
|turn|11
|
|switch|p2a: Scizor|Scizor, F|136\/343
|move|p1a: Talonflame|U-turn|p2a: Scizor
|-resisted|p2a: Scizor
|-damage|p2a: Scizor|103\/343
|
|switch|p1a: Landorus-Therian|Landorus-Therian, M|382\/382
|-ability|p1a: Landorus-Therian|Intimidate|[of] p2a: Scizor
|-unboost|p2a: Scizor|atk|1
|
|turn|12
|
|move|p2a: Scizor|Bullet Punch|p1a: Landorus-Therian
|-damage|p1a: Landorus-Therian|294\/382
|move|p1a: Landorus-Therian|Stealth Rock|p2a: Scizor
|-sidestart|p2: Oldmanbrian|move: Stealth Rock
|
|-heal|p1a: Landorus-Therian|317\/382|[from] item: Leftovers
|turn|13
|
|move|p2a: Scizor|Bullet Punch|p1a: Landorus-Therian
|-damage|p1a: Landorus-Therian|227\/382
|move|p1a: Landorus-Therian|U-turn|p2a: Scizor
|-resisted|p2a: Scizor
|-damage|p2a: Scizor|63\/343
|
|switch|p1a: Talonflame|Talonflame, M|298\/298
|
|turn|14
|
|switch|p2a: Sylveon|Sylveon, F|200\/392
|-damage|p2a: Sylveon|151\/392|[from] Stealth Rock
|move|p1a: Talonflame|Brave Bird|p2a: Sylveon
|-damage|p2a: Sylveon|0 fnt
|-damage|p1a: Talonflame|248\/298|[from] recoil|[of] p2a: Sylveon
|faint|p2a: Sylveon
|
|
|switch|p2a: Raikou|Raikou|222\/321
|-damage|p2a: Raikou|182\/321|[from] Stealth Rock
|-ability|p2a: Raikou|Pressure
|turn|15
|
|move|p2a: Raikou|Thunderbolt|p1a: Talonflame
|-supereffective|p1a: Talonflame
|-damage|p1a: Talonflame|0 fnt
|faint|p1a: Talonflame
|
|-message|Handiman forfeited.
|
|win|Oldmanbrian
|raw|Ladder updating...
|leave|Handiman
|player|p1
|raw|Handiman's rating: 1530 &rarr; <strong>1512<\/strong><br \/>(-18 for losing)
|raw|Oldmanbrian's rating: 1557 &rarr; <strong>1576<\/strong><br \/>(+19 for winning)