|join|Handiman
|join|TheSkyAboveUs
|player|p1|Handiman|253
|player|p2|TheSkyAboveUs|2
|gametype|singles
|gen|6
|tier|OU
|rated
|clearpoke
|poke|p1|Landorus-Therian, M
|poke|p1|Rotom-Wash
|poke|p1|Talonflame, M
|poke|p1|Sableye, M
|poke|p1|Azumarill, F
|poke|p1|Serperior, F
|poke|p2|Sableye, M, shiny
|poke|p2|Chansey, F, shiny
|poke|p2|Quagsire, F, shiny
|poke|p2|Skarmory, M, shiny
|poke|p2|Gliscor, M, shiny
|poke|p2|Cresselia, F, shiny
|rule|Swagger Clause: Swagger is banned
|rule|Baton Pass Clause: Limit one Pokémon knowing Baton Pass
|rule|Sleep Clause Mod: Limit one foe put to sleep
|rule|Species Clause: Limit one of each Pokémon
|rule|OHKO Clause: OHKO moves are banned
|rule|Moody Clause: Moody is banned
|rule|Evasion Moves Clause: Evasion moves are banned
|rule|Endless Battle Clause: Forcing endless battles is banned
|rule|HP Percentage Mod: HP is shown in percentages
|teampreview
|
|start
|switch|p1a: Sableye|Sableye, M|304\/304
|switch|p2a: Sableye|Sableye, M, shiny|301\/301
|turn|1
|
|detailschange|p2a: Sableye|Sableye-Mega, M, shiny
|-mega|p2a: Sableye|Sableye|Sablenite
|detailschange|p1a: Sableye|Sableye-Mega, M
|-mega|p1a: Sableye|Sableye|Sablenite
|move|p1a: Sableye|Protect|p1a: Sableye
|-singleturn|p1a: Sableye|Protect
|move|p2a: Sableye|Calm Mind|p2a: Sableye
|-boost|p2a: Sableye|spa|1
|-boost|p2a: Sableye|spd|1
|
|turn|2
|
|switch|p1a: Talonflame|Talonflame, M|360\/360
|move|p2a: Sableye|Will-O-Wisp|p1a: Talonflame
|-fail|p1a: Talonflame
|
|turn|3
|
|switch|p2a: Quagsire|Quagsire, F, shiny|394\/394
|move|p1a: Talonflame|Brave Bird|p2a: Quagsire
|-damage|p2a: Quagsire|265\/394
|-damage|p1a: Talonflame|317\/360|[from] recoil|[of] p2a: Quagsire
|
|-heal|p1a: Talonflame|339\/360|[from] item: Leftovers
|-heal|p2a: Quagsire|289\/394|[from] item: Leftovers
|turn|4
|
|switch|p1a: Rotom-Wash|Rotom-Wash|304\/304
|switch|p2a: Sableye|Sableye-Mega, M, shiny|301\/301
|
|turn|5
|
|move|p1a: Rotom-Wash|Volt Switch|p2a: Sableye
|-damage|p2a: Sableye|219\/301
|
|switch|p1a: Sableye|Sableye-Mega, M|304\/304
|move|p2a: Sableye|Recover|p2a: Sableye
|-heal|p2a: Sableye|301\/301
|
|turn|6
|
|switch|p1a: Talonflame|Talonflame, M|339\/360
|move|p2a: Sableye|Calm Mind|p2a: Sableye
|-boost|p2a: Sableye|spa|1
|-boost|p2a: Sableye|spd|1
|
|-heal|p1a: Talonflame|360\/360|[from] item: Leftovers
|turn|7
|
|move|p1a: Talonflame|Brave Bird|p2a: Sableye
|-damage|p2a: Sableye|187\/301
|-damage|p1a: Talonflame|322\/360|[from] recoil|[of] p2a: Sableye
|move|p2a: Sableye|Dark Pulse|p1a: Talonflame
|-damage|p1a: Talonflame|148\/360
|
|-heal|p1a: Talonflame|170\/360|[from] item: Leftovers
|turn|8
|
|move|p1a: Talonflame|Swords Dance|p1a: Talonflame
|-boost|p1a: Talonflame|atk|2
|move|p2a: Sableye|Recover|p2a: Sableye
|-heal|p2a: Sableye|301\/301
|
|-heal|p1a: Talonflame|192\/360|[from] item: Leftovers
|turn|9
|
|switch|p2a: Quagsire|Quagsire, F, shiny|289\/394
|move|p1a: Talonflame|Brave Bird|p2a: Quagsire
|-damage|p2a: Quagsire|151\/394
|-damage|p1a: Talonflame|146\/360|[from] recoil|[of] p2a: Quagsire
|
|-heal|p1a: Talonflame|168\/360|[from] item: Leftovers
|-heal|p2a: Quagsire|175\/394|[from] item: Leftovers
|turn|10
|
|move|p1a: Talonflame|Taunt|p2a: Quagsire
|-start|p2a: Quagsire|move: Taunt
|cant|p2a: Quagsire|move: Taunt|Recover
|
|-heal|p1a: Talonflame|190\/360|[from] item: Leftovers
|-heal|p2a: Quagsire|199\/394|[from] item: Leftovers
|turn|11
|
|switch|p1a: Serperior|Serperior, F|291\/291
|move|p2a: Quagsire|Scald|p1a: Serperior
|-resisted|p1a: Serperior
|-damage|p1a: Serperior|262\/291
|
|-heal|p1a: Serperior|280\/291|[from] item: Leftovers
|-heal|p2a: Quagsire|223\/394|[from] item: Leftovers
|turn|12
|
|switch|p1a: Landorus-Therian|Landorus-Therian, M|382\/382
|-ability|p1a: Landorus-Therian|Intimidate|[of] p2a: Quagsire
|-unboost|p2a: Quagsire|atk|1
|switch|p2a: Chansey|Chansey, F, shiny|703\/703
|
|turn|13
|
|switch|p2a: Sableye|Sableye-Mega, M, shiny|301\/301
|move|p1a: Landorus-Therian|U-turn|p2a: Sableye
|-damage|p2a: Sableye|255\/301
|
|switch|p1a: Azumarill|Azumarill, F|364\/364
|
|turn|14
|
|switch|p2a: Skarmory|Skarmory, M, shiny|333\/333
|move|p1a: Azumarill|Play Rough|p2a: Skarmory
|-resisted|p2a: Skarmory
|-damage|p2a: Skarmory|279\/333
|
|turn|15
|
|switch|p1a: Serperior|Serperior, F|280\/291
|switch|p2a: Quagsire|Quagsire, F, shiny|223\/394
|
|-heal|p1a: Serperior|291\/291|[from] item: Leftovers
|-heal|p2a: Quagsire|247\/394|[from] item: Leftovers
|turn|16
|
|switch|p2a: Chansey|Chansey, F, shiny|703\/703
|move|p1a: Serperior|Leaf Storm|p2a: Chansey
|-damage|p2a: Chansey|610\/703
|-boost|p1a: Serperior|spa|2
|
|turn|17
|
|switch|p1a: Sableye|Sableye-Mega, M|304\/304
|move|p2a: Chansey|Thunder Wave|p1a: Sableye
|move|p1a: Sableye|Thunder Wave|p2a: Chansey|[from]Magic Bounce
|-status|p2a: Chansey|par
|
|turn|18
|
|switch|p2a: Sableye|Sableye-Mega, M, shiny|255\/301
|move|p1a: Sableye|Knock Off|p2a: Sableye
|-damage|p2a: Sableye|213\/301
|
|turn|19
|
|switch|p1a: Talonflame|Talonflame, M|190\/360
|move|p2a: Sableye|Recover|p2a: Sableye
|-heal|p2a: Sableye|301\/301
|
|-heal|p1a: Talonflame|212\/360|[from] item: Leftovers
|turn|20
|
|switch|p2a: Quagsire|Quagsire, F, shiny|247\/394
|move|p1a: Talonflame|Roost|p1a: Talonflame
|-heal|p1a: Talonflame|360\/360
|
|-heal|p2a: Quagsire|271\/394|[from] item: Leftovers
|turn|21
|
|switch|p1a: Rotom-Wash|Rotom-Wash|304\/304
|move|p2a: Quagsire|Scald|p1a: Rotom-Wash
|-resisted|p1a: Rotom-Wash
|-damage|p1a: Rotom-Wash|284\/304
|
|-heal|p1a: Rotom-Wash|303\/304|[from] item: Leftovers
|-heal|p2a: Quagsire|295\/394|[from] item: Leftovers
|turn|22
|
|switch|p2a: Chansey|Chansey, F, shiny|610\/703
|move|p1a: Rotom-Wash|Hydro Pump|p2a: Chansey
|-damage|p2a: Chansey|519\/703
|
|-heal|p1a: Rotom-Wash|304\/304|[from] item: Leftovers
|turn|23
|
|move|p1a: Rotom-Wash|Volt Switch|p2a: Chansey
|-damage|p2a: Chansey|465\/703
|
|switch|p1a: Sableye|Sableye-Mega, M|304\/304
|move|p2a: Chansey|Thunder Wave|p1a: Sableye
|move|p1a: Sableye|Thunder Wave|p2a: Chansey|[from]Magic Bounce
|-status|p2a: Chansey|par
|
|turn|24
|
|switch|p1a: Landorus-Therian|Landorus-Therian, M|382\/382
|-ability|p1a: Landorus-Therian|Intimidate|[of] p2a: Chansey
|-unboost|p2a: Chansey|atk|1
|switch|p2a: Sableye|Sableye-Mega, M, shiny|301\/301
|
|turn|25
|
|move|p1a: Landorus-Therian|Earthquake|p2a: Sableye
|-damage|p2a: Sableye|204\/301
|move|p2a: Sableye|Dark Pulse|p1a: Landorus-Therian
|-damage|p1a: Landorus-Therian|280\/382
|
|-heal|p1a: Landorus-Therian|303\/382|[from] item: Leftovers
|turn|26
|
|move|p1a: Landorus-Therian|U-turn|p2a: Sableye
|-damage|p2a: Sableye|160\/301
|
|switch|p1a: Azumarill|Azumarill, F|364\/364
|move|p2a: Sableye|Recover|p2a: Sableye
|-heal|p2a: Sableye|301\/301
|
|turn|27
|
|switch|p1a: Rotom-Wash|Rotom-Wash|304\/304
|switch|p2a: Skarmory|Skarmory, M, shiny|279\/333
|
|turn|28
|
|switch|p2a: Chansey|Chansey, F, shiny|465\/703
|move|p1a: Rotom-Wash|Volt Switch|p2a: Chansey
|-damage|p2a: Chansey|413\/703
|
|switch|p1a: Talonflame|Talonflame, M|360\/360
|
|turn|29
|
|switch|p2a: Quagsire|Quagsire, F, shiny|295\/394
|move|p1a: Talonflame|Taunt|p2a: Quagsire
|-start|p2a: Quagsire|move: Taunt
|
|-heal|p2a: Quagsire|319\/394|[from] item: Leftovers
|turn|30
|
|switch|p1a: Serperior|Serperior, F|291\/291
|move|p2a: Quagsire|Scald|p1a: Serperior
|-crit|p1a: Serperior
|-resisted|p1a: Serperior
|-damage|p1a: Serperior|241\/291
|
|-heal|p1a: Serperior|259\/291|[from] item: Leftovers
|-heal|p2a: Quagsire|343\/394|[from] item: Leftovers
|turn|31
|
|switch|p2a: Chansey|Chansey, F, shiny|413\/703
|move|p1a: Serperior|Leaf Storm|p2a: Chansey
|-damage|p2a: Chansey|316\/703
|-boost|p1a: Serperior|spa|2
|
|-heal|p1a: Serperior|277\/291|[from] item: Leftovers
|turn|32
|
|switch|p1a: Landorus-Therian|Landorus-Therian, M|303\/382
|-ability|p1a: Landorus-Therian|Intimidate|[of] p2a: Chansey
|-unboost|p2a: Chansey|atk|1
|move|p2a: Chansey|Soft-Boiled|p2a: Chansey
|-heal|p2a: Chansey|668\/703
|
|-heal|p1a: Landorus-Therian|326\/382|[from] item: Leftovers
|turn|33
|
|switch|p2a: Sableye|Sableye-Mega, M, shiny|301\/301
|move|p1a: Landorus-Therian|U-turn|p2a: Sableye
|-damage|p2a: Sableye|256\/301
|
|switch|p1a: Azumarill|Azumarill, F|364\/364
|
|turn|34
|
|switch|p2a: Skarmory|Skarmory, M, shiny|279\/333
|move|p1a: Azumarill|Play Rough|p2a: Skarmory
|-resisted|p2a: Skarmory
|-damage|p2a: Skarmory|224\/333
|
|turn|35
|
|move|p1a: Azumarill|Belly Drum|p1a: Azumarill
|-damage|p1a: Azumarill|182\/364
|-setboost|p1a: Azumarill|atk|6|[from] move: Belly Drum
|-enditem|p1a: Azumarill|Sitrus Berry|[eat]
|-heal|p1a: Azumarill|273\/364|[from] item: Sitrus Berry
|move|p2a: Skarmory|Roost|p2a: Skarmory
|-heal|p2a: Skarmory|333\/333
|
|turn|36
|
|switch|p2a: Quagsire|Quagsire, F, shiny|343\/394
|move|p1a: Azumarill|Knock Off|p2a: Quagsire
|-damage|p2a: Quagsire|223\/394
|-enditem|p2a: Quagsire|Leftovers|[from] move: Knock Off|[of] p1a: Azumarill
|
|turn|37
|
|move|p1a: Azumarill|Play Rough|p2a: Quagsire
|-damage|p2a: Quagsire|72\/394
|move|p2a: Quagsire|Recover|p2a: Quagsire
|-heal|p2a: Quagsire|269\/394
|
|turn|38
|
|move|p1a: Azumarill|Play Rough|p2a: Quagsire
|-damage|p2a: Quagsire|110\/394
|move|p2a: Quagsire|Recover|p2a: Quagsire
|-heal|p2a: Quagsire|307\/394
|
|turn|39
|
|move|p1a: Azumarill|Play Rough|p2a: Quagsire
|-damage|p2a: Quagsire|162\/394
|move|p2a: Quagsire|Recover|p2a: Quagsire
|-heal|p2a: Quagsire|359\/394
|
|turn|40
|
|switch|p1a: Rotom-Wash|Rotom-Wash|304\/304
|move|p2a: Quagsire|Toxic|p1a: Rotom-Wash
|-status|p1a: Rotom-Wash|tox
|
|-damage|p1a: Rotom-Wash|285\/304 tox|[from] psn
|turn|41
|
|switch|p2a: Sableye|Sableye-Mega, M, shiny|256\/301
|move|p1a: Rotom-Wash|Hydro Pump|p2a: Sableye
|-damage|p2a: Sableye|138\/301
|
|-heal|p1a: Rotom-Wash|304\/304 tox|[from] item: Leftovers
|-damage|p1a: Rotom-Wash|266\/304 tox|[from] psn
|turn|42
|
|move|p1a: Rotom-Wash|Volt Switch|p2a: Sableye
|-damage|p2a: Sableye|68\/301
|
|switch|p1a: Azumarill|Azumarill, F|273\/364
|move|p2a: Sableye|Recover|p2a: Sableye
|-heal|p2a: Sableye|219\/301
|
|turn|43
|
|switch|p1a: Landorus-Therian|Landorus-Therian, M|326\/382
|-ability|p1a: Landorus-Therian|Intimidate|[of] p2a: Sableye
|-unboost|p2a: Sableye|atk|1
|switch|p2a: Skarmory|Skarmory, M, shiny|333\/333
|
|-heal|p1a: Landorus-Therian|349\/382|[from] item: Leftovers
|turn|44
|
|switch|p2a: Sableye|Sableye-Mega, M, shiny|219\/301
|move|p1a: Landorus-Therian|U-turn|p2a: Sableye
|-damage|p2a: Sableye|175\/301
|
|switch|p1a: Azumarill|Azumarill, F|273\/364
|
|turn|45
|
|switch|p1a: Landorus-Therian|Landorus-Therian, M|349\/382
|-ability|p1a: Landorus-Therian|Intimidate|[of] p2a: Sableye
|-unboost|p2a: Sableye|atk|1
|switch|p2a: Skarmory|Skarmory, M, shiny|333\/333
|
|-heal|p1a: Landorus-Therian|372\/382|[from] item: Leftovers
|turn|46
|
|switch|p2a: Gliscor|Gliscor, M, shiny|352\/352
|move|p1a: Landorus-Therian|U-turn|p2a: Gliscor
|-resisted|p2a: Gliscor
|-damage|p2a: Gliscor|320\/352
|
|switch|p1a: Rotom-Wash|Rotom-Wash|266\/304 tox
|
|-heal|p1a: Rotom-Wash|285\/304 tox|[from] item: Leftovers
|-damage|p1a: Rotom-Wash|266\/304 tox|[from] psn
|-status|p2a: Gliscor|tox|[from] item: Toxic Orb
|turn|47
|
|switch|p2a: Cresselia|Cresselia, F, shiny|443\/443
|move|p1a: Rotom-Wash|Hydro Pump|p2a: Cresselia
|-damage|p2a: Cresselia|353\/443
|
|-heal|p1a: Rotom-Wash|285\/304 tox|[from] item: Leftovers
|-heal|p2a: Cresselia|380\/443|[from] item: Leftovers
|-damage|p1a: Rotom-Wash|247\/304 tox|[from] psn
|turn|48
|
|switch|p2a: Gliscor|Gliscor, M, shiny|320\/352 tox
|move|p1a: Rotom-Wash|Volt Switch|p2a: Gliscor
|-immune|p2a: Gliscor|[msg]
|
|-heal|p1a: Rotom-Wash|266\/304 tox|[from] item: Leftovers
|-heal|p2a: Gliscor|352\/352 tox|[from] ability: Poison Heal
|-damage|p1a: Rotom-Wash|209\/304 tox|[from] psn
|turn|49
|
|move|p2a: Gliscor|Knock Off|p1a: Rotom-Wash
|-damage|p1a: Rotom-Wash|141\/304 tox
|-enditem|p1a: Rotom-Wash|Leftovers|[from] move: Knock Off|[of] p2a: Gliscor
|move|p1a: Rotom-Wash|Hydro Pump|p2a: Gliscor
|-supereffective|p2a: Gliscor
|-damage|p2a: Gliscor|98\/352 tox
|
|-heal|p2a: Gliscor|142\/352 tox|[from] ability: Poison Heal
|-damage|p1a: Rotom-Wash|65\/304 tox|[from] psn
|turn|50
|
|switch|p1a: Landorus-Therian|Landorus-Therian, M|372\/382
|-ability|p1a: Landorus-Therian|Intimidate|[of] p2a: Gliscor
|-unboost|p2a: Gliscor|atk|1
|move|p2a: Gliscor|Roost|p2a: Gliscor
|-heal|p2a: Gliscor|318\/352 tox
|
|-heal|p1a: Landorus-Therian|382\/382|[from] item: Leftovers
|-heal|p2a: Gliscor|352\/352 tox|[from] ability: Poison Heal
|turn|51
|
|switch|p2a: Sableye|Sableye-Mega, M, shiny|175\/301
|move|p1a: Landorus-Therian|U-turn|p2a: Sableye
|-damage|p2a: Sableye|126\/301
|
|switch|p1a: Azumarill|Azumarill, F|273\/364
|
|turn|52
|
|switch|p2a: Skarmory|Skarmory, M, shiny|333\/333
|move|p1a: Azumarill|Play Rough|p2a: Skarmory
|-resisted|p2a: Skarmory
|-damage|p2a: Skarmory|273\/333
|
|turn|53
|
|move|p1a: Azumarill|Knock Off|p2a: Skarmory
|-damage|p2a: Skarmory|200\/333
|-enditem|p2a: Skarmory|Shed Shell|[from] move: Knock Off|[of] p1a: Azumarill
|move|p2a: Skarmory|Whirlwind|p1a: Azumarill
|drag|p1a: Landorus-Therian|Landorus-Therian, M|382\/382
|-ability|p1a: Landorus-Therian|Intimidate|[of] p2a: Skarmory
|-unboost|p2a: Skarmory|atk|1
|
|turn|54
|
|switch|p2a: Sableye|Sableye-Mega, M, shiny|126\/301
|move|p1a: Landorus-Therian|U-turn|p2a: Sableye
|-damage|p2a: Sableye|82\/301
|
|switch|p1a: Azumarill|Azumarill, F|273\/364
|
|turn|55
|
|switch|p1a: Rotom-Wash|Rotom-Wash|65\/304 tox
|move|p2a: Sableye|Recover|p2a: Sableye
|-heal|p2a: Sableye|233\/301
|
|-damage|p1a: Rotom-Wash|46\/304 tox|[from] psn
|turn|56
|
|move|p1a: Rotom-Wash|Pain Split|p2a: Sableye
|-sethp|p2a: Sableye|139\/301|p1a: Rotom-Wash|139\/304 tox|[from] move: Pain Split
|move|p2a: Sableye|Will-O-Wisp|p1a: Rotom-Wash
|-fail|p1a: Rotom-Wash
|
|-damage|p1a: Rotom-Wash|101\/304 tox|[from] psn
|turn|57
|
|move|p1a: Rotom-Wash|Hydro Pump|p2a: Sableye
|-damage|p2a: Sableye|16\/301
|move|p2a: Sableye|Recover|p2a: Sableye
|-heal|p2a: Sableye|167\/301
|
|-damage|p1a: Rotom-Wash|44\/304 tox|[from] psn
|turn|58
|
|switch|p2a: Chansey|Chansey, F, shiny|668\/703
|move|p1a: Rotom-Wash|Volt Switch|p2a: Chansey
|-damage|p2a: Chansey|616\/703
|
|switch|p1a: Landorus-Therian|Landorus-Therian, M|382\/382
|-ability|p1a: Landorus-Therian|Intimidate|[of] p2a: Chansey
|-unboost|p2a: Chansey|atk|1
|
|turn|59
|
|switch|p2a: Skarmory|Skarmory, M, shiny|200\/333
|move|p1a: Landorus-Therian|U-turn|p2a: Skarmory
|-resisted|p2a: Skarmory
|-damage|p2a: Skarmory|190\/333
|
|switch|p1a: Rotom-Wash|Rotom-Wash|44\/304 tox
|
|-damage|p1a: Rotom-Wash|25\/304 tox|[from] psn
|turn|60
|
|switch|p2a: Chansey|Chansey, F, shiny|616\/703
|move|p1a: Rotom-Wash|Hydro Pump|p2a: Chansey
|-damage|p2a: Chansey|529\/703
|
|-damage|p1a: Rotom-Wash|0 fnt|[from] psn
|faint|p1a: Rotom-Wash
|
|switch|p1a: Landorus-Therian|Landorus-Therian, M|382\/382
|-ability|p1a: Landorus-Therian|Intimidate|[of] p2a: Chansey
|-unboost|p2a: Chansey|atk|1
|turn|61
|
|switch|p2a: Sableye|Sableye-Mega, M, shiny|167\/301
|move|p1a: Landorus-Therian|U-turn|p2a: Sableye
|-damage|p2a: Sableye|121\/301
|
|switch|p1a: Azumarill|Azumarill, F|273\/364
|
|turn|62
|
|switch|p1a: Landorus-Therian|Landorus-Therian, M|382\/382
|-ability|p1a: Landorus-Therian|Intimidate|[of] p2a: Sableye
|-unboost|p2a: Sableye|atk|1
|switch|p2a: Skarmory|Skarmory, M, shiny|190\/333
|
|turn|63
|
|move|p1a: Landorus-Therian|U-turn|p2a: Skarmory
|-resisted|p2a: Skarmory
|-damage|p2a: Skarmory|179\/333
|
|switch|p1a: Sableye|Sableye-Mega, M|304\/304
|move|p2a: Skarmory|Roost|p2a: Skarmory
|-heal|p2a: Skarmory|333\/333
|
|turn|64
|
|switch|p2a: Sableye|Sableye-Mega, M, shiny|121\/301
|switch|p1a: Azumarill|Azumarill, F|273\/364
|
|turn|65
|
|switch|p2a: Skarmory|Skarmory, M, shiny|333\/333
|move|p1a: Azumarill|Play Rough|p2a: Skarmory
|-resisted|p2a: Skarmory
|-damage|p2a: Skarmory|280\/333
|
|turn|66
|
|switch|p1a: Sableye|Sableye-Mega, M|304\/304
|move|p2a: Skarmory|Brave Bird|p1a: Sableye
|-damage|p1a: Sableye|228\/304
|-damage|p2a: Skarmory|255\/333|[from] recoil|[of] p1a: Sableye
|
|turn|67
|
|switch|p2a: Sableye|Sableye-Mega, M, shiny|121\/301
|switch|p1a: Talonflame|Talonflame, M|360\/360
|
|turn|68
|
|switch|p2a: Quagsire|Quagsire, F, shiny|359\/394
|move|p1a: Talonflame|Brave Bird|p2a: Quagsire
|-damage|p2a: Quagsire|209\/394
|-damage|p1a: Talonflame|310\/360|[from] recoil|[of] p2a: Quagsire
|
|-heal|p1a: Talonflame|332\/360|[from] item: Leftovers
|turn|69
|
|move|p1a: Talonflame|Brave Bird|p2a: Quagsire
|-damage|p2a: Quagsire|71\/394
|-damage|p1a: Talonflame|286\/360|[from] recoil|[of] p2a: Quagsire
|move|p2a: Quagsire|Scald|p1a: Talonflame
|-supereffective|p1a: Talonflame
|-damage|p1a: Talonflame|124\/360
|
|-heal|p1a: Talonflame|146\/360|[from] item: Leftovers
|turn|70
|
|switch|p2a: Cresselia|Cresselia, F, shiny|380\/443
|move|p1a: Talonflame|Brave Bird|p2a: Cresselia
|-damage|p2a: Cresselia|247\/443
|-damage|p1a: Talonflame|102\/360|[from] recoil|[of] p2a: Cresselia
|
|-heal|p1a: Talonflame|124\/360|[from] item: Leftovers
|-heal|p2a: Cresselia|274\/443|[from] item: Leftovers
|turn|71
|
|switch|p1a: Sableye|Sableye-Mega, M|228\/304
|switch|p2a: Quagsire|Quagsire, F, shiny|71\/394
|
|turn|72
|
|move|p2a: Quagsire|Recover|p2a: Quagsire
|-heal|p2a: Quagsire|268\/394
|move|p1a: Sableye|Will-O-Wisp|p2a: Quagsire
|-status|p2a: Quagsire|brn
|
|-damage|p2a: Quagsire|219\/394 brn|[from] brn
|turn|73
|
|switch|p1a: Azumarill|Azumarill, F|273\/364
|move|p2a: Quagsire|Recover|p2a: Quagsire
|-heal|p2a: Quagsire|394\/394 brn
|
|-damage|p2a: Quagsire|345\/394 brn|[from] brn
|turn|74
|
|switch|p1a: Sableye|Sableye-Mega, M|228\/304
|move|p2a: Quagsire|Toxic|p1a: Sableye
|move|p1a: Sableye|Toxic|p2a: Quagsire|[from]Magic Bounce
|-fail|p2a: Quagsire
|
|-damage|p2a: Quagsire|296\/394 brn|[from] brn
|turn|75
|
|switch|p1a: Landorus-Therian|Landorus-Therian, M|382\/382
|-ability|p1a: Landorus-Therian|Intimidate|[of] p2a: Quagsire
|-unboost|p2a: Quagsire|atk|1
|move|p2a: Quagsire|Scald|p1a: Landorus-Therian
|-supereffective|p1a: Landorus-Therian
|-damage|p1a: Landorus-Therian|244\/382
|
|-heal|p1a: Landorus-Therian|267\/382|[from] item: Leftovers
|-damage|p2a: Quagsire|247\/394 brn|[from] brn
|turn|76
|
|switch|p2a: Sableye|Sableye-Mega, M, shiny|121\/301
|move|p1a: Landorus-Therian|Earthquake|p2a: Sableye
|-damage|p2a: Sableye|15\/301
|
|-heal|p1a: Landorus-Therian|290\/382|[from] item: Leftovers
|turn|77
|
|move|p1a: Landorus-Therian|U-turn|p2a: Sableye
|-damage|p2a: Sableye|0 fnt
|faint|p2a: Sableye
|
|switch|p1a: Talonflame|Talonflame, M|124\/360
|
|-heal|p1a: Talonflame|146\/360|[from] item: Leftovers
|
|switch|p2a: Gliscor|Gliscor, M, shiny|352\/352 tox
|turn|78
|
|switch|p1a: Landorus-Therian|Landorus-Therian, M|290\/382
|-ability|p1a: Landorus-Therian|Intimidate|[of] p2a: Gliscor
|-unboost|p2a: Gliscor|atk|1
|move|p2a: Gliscor|Earthquake|p1a: Landorus-Therian
|-immune|p1a: Landorus-Therian|[msg]
|
|-heal|p1a: Landorus-Therian|313\/382|[from] item: Leftovers
|turn|79
|
|move|p2a: Gliscor|Swords Dance|p2a: Gliscor
|-boost|p2a: Gliscor|atk|2
|move|p1a: Landorus-Therian|Stealth Rock|p2a: Gliscor
|-sidestart|p2: TheSkyAboveUs|move: Stealth Rock
|
|-heal|p1a: Landorus-Therian|336\/382|[from] item: Leftovers
|turn|80
|
|move|p2a: Gliscor|Earthquake|p1a: Landorus-Therian
|-immune|p1a: Landorus-Therian|[msg]
|move|p1a: Landorus-Therian|U-turn|p2a: Gliscor
|-resisted|p2a: Gliscor
|-damage|p2a: Gliscor|320\/352 tox
|
|switch|p1a: Serperior|Serperior, F|277\/291
|
|-heal|p1a: Serperior|291\/291|[from] item: Leftovers
|-heal|p2a: Gliscor|352\/352 tox|[from] ability: Poison Heal
|turn|81
|
|switch|p2a: Chansey|Chansey, F, shiny|529\/703
|-damage|p2a: Chansey|442\/703|[from] Stealth Rock
|move|p1a: Serperior|Leaf Storm|p2a: Chansey
|-damage|p2a: Chansey|346\/703
|-boost|p1a: Serperior|spa|2
|
|turn|82
|
|switch|p1a: Talonflame|Talonflame, M|146\/360
|move|p2a: Chansey|Soft-Boiled|p2a: Chansey
|-heal|p2a: Chansey|698\/703
|
|-heal|p1a: Talonflame|168\/360|[from] item: Leftovers
|turn|83
|
|move|p1a: Talonflame|Taunt|p2a: Chansey
|-start|p2a: Chansey|move: Taunt
|cant|p2a: Chansey|move: Taunt|Stealth Rock
|
|-heal|p1a: Talonflame|190\/360|[from] item: Leftovers
|turn|84
|
|switch|p2a: Gliscor|Gliscor, M, shiny|352\/352 tox
|-damage|p2a: Gliscor|308\/352 tox|[from] Stealth Rock
|move|p1a: Talonflame|Roost|p1a: Talonflame
|-heal|p1a: Talonflame|360\/360
|
|-heal|p2a: Gliscor|352\/352 tox|[from] ability: Poison Heal
|turn|85
|
|move|p1a: Talonflame|Swords Dance|p1a: Talonflame
|-boost|p1a: Talonflame|atk|2
|move|p2a: Gliscor|Swords Dance|p2a: Gliscor
|-boost|p2a: Gliscor|atk|2
|
|turn|86
|
|move|p1a: Talonflame|Brave Bird|p2a: Gliscor
|-damage|p2a: Gliscor|54\/352 tox
|-damage|p1a: Talonflame|262\/360|[from] recoil|[of] p2a: Gliscor
|move|p2a: Gliscor|Knock Off|p1a: Talonflame
|-damage|p1a: Talonflame|77\/360
|-enditem|p1a: Talonflame|Leftovers|[from] move: Knock Off|[of] p2a: Gliscor
|
|-heal|p2a: Gliscor|98\/352 tox|[from] ability: Poison Heal
|turn|87
|
|move|p1a: Talonflame|Brave Bird|p2a: Gliscor
|-damage|p2a: Gliscor|0 fnt
|-damage|p1a: Talonflame|45\/360|[from] recoil|[of] p2a: Gliscor
|faint|p2a: Gliscor
|
|
|switch|p2a: Chansey|Chansey, F, shiny|698\/703
|-damage|p2a: Chansey|611\/703|[from] Stealth Rock
|turn|88
|
|switch|p1a: Sableye|Sableye-Mega, M|228\/304
|switch|p2a: Cresselia|Cresselia, F, shiny|274\/443
|-damage|p2a: Cresselia|219\/443|[from] Stealth Rock
|
|-heal|p2a: Cresselia|246\/443|[from] item: Leftovers
|turn|89
|
|move|p2a: Cresselia|Skill Swap|p1a: Sableye
|-activate|p2a: Cresselia|move: Skill Swap|Magic Bounce|Levitate|[of] p1a: Sableye
|move|p1a: Sableye|Knock Off|p2a: Cresselia
|-supereffective|p2a: Cresselia
|-damage|p2a: Cresselia|108\/443
|-enditem|p2a: Cresselia|Leftovers|[from] move: Knock Off|[of] p1a: Sableye
|
|turn|90
|
|switch|p1a: Serperior|Serperior, F|291\/291
|move|p2a: Cresselia|Moonlight|p2a: Cresselia
|-heal|p2a: Cresselia|329\/443
|
|turn|91
|
|switch|p1a: Talonflame|Talonflame, M|45\/360
|move|p2a: Cresselia|Toxic|p1a: Talonflame
|-status|p1a: Talonflame|tox
|
|-damage|p1a: Talonflame|23\/360 tox|[from] psn
|turn|92
|
|move|p1a: Talonflame|Roost|p1a: Talonflame
|-heal|p1a: Talonflame|203\/360 tox
|move|p2a: Cresselia|Psychic|p1a: Talonflame
|-damage|p1a: Talonflame|88\/360 tox
|
|-damage|p1a: Talonflame|44\/360 tox|[from] psn
|turn|93
|
|switch|p1a: Sableye|Sableye-Mega, M|228\/304
|move|p2a: Cresselia|Psychic|p1a: Sableye
|-immune|p1a: Sableye|[msg]
|
|turn|94
|
|switch|p2a: Skarmory|Skarmory, M, shiny|255\/333
|-damage|p2a: Skarmory|214\/333|[from] Stealth Rock
|switch|p1a: Serperior|Serperior, F|291\/291
|
|turn|95
|
|switch|p1a: Landorus-Therian|Landorus-Therian, M|336\/382
|-ability|p1a: Landorus-Therian|Intimidate|[of] p2a: Skarmory
|-unboost|p2a: Skarmory|atk|1
|switch|p2a: Chansey|Chansey, F, shiny|611\/703
|-damage|p2a: Chansey|524\/703|[from] Stealth Rock
|
|-heal|p1a: Landorus-Therian|359\/382|[from] item: Leftovers
|turn|96
|
|switch|p2a: Skarmory|Skarmory, M, shiny|214\/333
|-damage|p2a: Skarmory|173\/333|[from] Stealth Rock
|move|p1a: Landorus-Therian|U-turn|p2a: Skarmory
|-resisted|p2a: Skarmory
|-damage|p2a: Skarmory|162\/333
|
|switch|p1a: Azumarill|Azumarill, F|273\/364
|
|turn|97
|
|move|p1a: Azumarill|Belly Drum|p1a: Azumarill
|-damage|p1a: Azumarill|91\/364
|-setboost|p1a: Azumarill|atk|6|[from] move: Belly Drum
|move|p2a: Skarmory|Whirlwind|p1a: Azumarill
|drag|p1a: Sableye|Sableye-Mega, M|228\/304
|
|turn|98
|
|switch|p2a: Quagsire|Quagsire, F, shiny|247\/394 brn
|-damage|p2a: Quagsire|223\/394 brn|[from] Stealth Rock
|move|p1a: Sableye|Will-O-Wisp|p2a: Quagsire
|-fail|p2a: Quagsire|brn
|
|-damage|p2a: Quagsire|174\/394 brn|[from] brn
|turn|99
|
|switch|p1a: Serperior|Serperior, F|291\/291
|move|p2a: Quagsire|Recover|p2a: Quagsire
|-heal|p2a: Quagsire|371\/394 brn
|
|-damage|p2a: Quagsire|322\/394 brn|[from] brn
|turn|100
|
|switch|p1a: Azumarill|Azumarill, F|91\/364
|switch|p2a: Chansey|Chansey, F, shiny|524\/703
|-damage|p2a: Chansey|437\/703|[from] Stealth Rock
|
|turn|101
|
|switch|p1a: Serperior|Serperior, F|291\/291
|switch|p2a: Quagsire|Quagsire, F, shiny|322\/394 brn
|-damage|p2a: Quagsire|298\/394 brn|[from] Stealth Rock
|
|-damage|p2a: Quagsire|249\/394 brn|[from] brn
|turn|102
|
|switch|p1a: Azumarill|Azumarill, F|91\/364
|switch|p2a: Chansey|Chansey, F, shiny|437\/703
|-damage|p2a: Chansey|350\/703|[from] Stealth Rock
|
|turn|103
|
|switch|p2a: Quagsire|Quagsire, F, shiny|249\/394 brn
|-damage|p2a: Quagsire|225\/394 brn|[from] Stealth Rock
|move|p1a: Azumarill|Knock Off|p2a: Quagsire
|-damage|p2a: Quagsire|148\/394 brn
|
|-damage|p2a: Quagsire|99\/394 brn|[from] brn
|turn|104
|
|move|p1a: Azumarill|Play Rough|p2a: Quagsire
|-damage|p2a: Quagsire|0 fnt
|faint|p2a: Quagsire
|
|
|switch|p2a: Cresselia|Cresselia, F, shiny|329\/443
|-damage|p2a: Cresselia|274\/443|[from] Stealth Rock
|turn|105
|
|switch|p2a: Chansey|Chansey, F, shiny|350\/703
|-damage|p2a: Chansey|263\/703|[from] Stealth Rock
|move|p1a: Azumarill|Play Rough|p2a: Chansey
|-damage|p2a: Chansey|0 fnt
|faint|p2a: Chansey
|
|
|switch|p2a: Cresselia|Cresselia, F, shiny|274\/443
|-damage|p2a: Cresselia|219\/443|[from] Stealth Rock
|turn|106
|
|move|p2a: Cresselia|Psychic|p1a: Azumarill
|-damage|p1a: Azumarill|0 fnt
|faint|p1a: Azumarill
|
|
|switch|p1a: Talonflame|Talonflame, M|44\/360 tox
|turn|107
|
|move|p1a: Talonflame|Taunt|p2a: Cresselia
|-start|p2a: Cresselia|move: Taunt
|move|p2a: Cresselia|Psychic|p1a: Talonflame
|-damage|p1a: Talonflame|0 fnt
|faint|p1a: Talonflame
|
|
|switch|p1a: Serperior|Serperior, F|291\/291
|turn|108
|
|move|p1a: Serperior|Leaf Storm|p2a: Cresselia|[miss]
|-miss|p1a: Serperior|p2a: Cresselia
|move|p2a: Cresselia|Psychic|p1a: Serperior
|-damage|p1a: Serperior|203\/291
|
|-heal|p1a: Serperior|221\/291|[from] item: Leftovers
|turn|109
|
|move|p1a: Serperior|Leaf Storm|p2a: Cresselia
|-damage|p2a: Cresselia|111\/443
|-boost|p1a: Serperior|spa|2
|move|p2a: Cresselia|Psychic|p1a: Serperior
|-crit|p1a: Serperior
|-damage|p1a: Serperior|91\/291
|
|-heal|p1a: Serperior|109\/291|[from] item: Leftovers
|-end|p2a: Cresselia|move: Taunt
|turn|110
|
|move|p1a: Serperior|Leaf Storm|p2a: Cresselia
|-damage|p2a: Cresselia|0 fnt
|-boost|p1a: Serperior|spa|2
|faint|p2a: Cresselia
|
|-heal|p1a: Serperior|127\/291|[from] item: Leftovers
|c|★TheSkyAboveUs|gg
|c|★Handiman|gg
|-message|TheSkyAboveUs forfeited.
|
|win|Handiman
|raw|Ladder updating...
|raw|Handiman's rating: 1695 &rarr; <strong>1709<\/strong><br \/>(+14 for winning)
|raw|TheSkyAboveUs's rating: 1585 &rarr; <strong>1571<\/strong><br \/>(-14 for losing)