|join|Here to GG
|join|Bin Ladder
|player|p1|Here to GG|148
|player|p2|Bin Ladder|76
|gametype|singles
|gen|6
|tier|OU
|rated
|clearpoke
|poke|p1|Crawdaunt, F
|poke|p1|Metagross
|poke|p1|Latios, M
|poke|p1|Talonflame, F
|poke|p1|Bisharp, F
|poke|p1|Clefable, F
|poke|p2|Gliscor, F
|poke|p2|Keldeo
|poke|p2|Celebi
|poke|p2|Excadrill, F
|poke|p2|Hippowdon, F
|poke|p2|Metagross
|rule|Swagger Clause: Swagger is banned
|rule|Baton Pass Clause: Limit one Pokémon knowing Baton Pass
|rule|Sleep Clause Mod: Limit one foe put to sleep
|rule|Species Clause: Limit one of each Pokémon
|rule|OHKO Clause: OHKO moves are banned
|rule|Moody Clause: Moody is banned
|rule|Evasion Moves Clause: Evasion moves are banned
|rule|Endless Battle Clause: Forcing endless battles is banned
|rule|HP Percentage Mod: HP is shown in percentages
|teampreview
Bin Ladder turned on modjoin.
|raw|<div class="broadcast-red"><b>Moderated chat was set to +!<\/b><br \/>Only users of rank + and higher can talk.<\/div>
Bin Ladder made this room hidden.
|
|start
|switch|p1a: Talonflame|Talonflame, F|297\/297
|switch|p2a: Keldeo|Keldeo|323\/323
|turn|1
|
|switch|p2a: Hippowdon|Hippowdon, F|419\/419
|-weather|Sandstorm
|move|p1a: Talonflame|Brave Bird|p2a: Hippowdon
|-damage|p2a: Hippowdon|248\/419
|-damage|p1a: Talonflame|241\/297|[from] recoil|[of] p2a: Hippowdon
|
|-weather|Sandstorm|[upkeep]
|-damage|p1a: Talonflame|223\/297|[from] sandstorm
|turn|2
|
|switch|p1a: Crawdaunt|Crawdaunt, F|267\/267
|move|p2a: Hippowdon|Slack Off|p2a: Hippowdon
|-heal|p2a: Hippowdon|419\/419
|
|-weather|Sandstorm|[upkeep]
|-damage|p1a: Crawdaunt|251\/267|[from] sandstorm
|turn|3
|
|switch|p2a: Keldeo|Keldeo|323\/323
|move|p1a: Crawdaunt|Superpower|p2a: Keldeo
|-damage|p2a: Keldeo|60\/323
|-unboost|p1a: Crawdaunt|atk|1
|-unboost|p1a: Crawdaunt|def|1
|
|-weather|Sandstorm|[upkeep]
|-damage|p2a: Keldeo|40\/323|[from] sandstorm
|-damage|p1a: Crawdaunt|235\/267|[from] sandstorm
|turn|4
|
|switch|p2a: Hippowdon|Hippowdon, F|419\/419
|switch|p1a: Clefable|Clefable, F|388\/388
|
|-weather|Sandstorm|[upkeep]
|-damage|p1a: Clefable|364\/388|[from] sandstorm
|-heal|p1a: Clefable|388\/388|[from] item: Leftovers
|turn|5
|
|switch|p1a: Crawdaunt|Crawdaunt, F|235\/267
|move|p2a: Hippowdon|Stealth Rock|p1a: Crawdaunt
|-sidestart|p1: Here to GG|move: Stealth Rock
|
|-weather|Sandstorm|[upkeep]
|-damage|p1a: Crawdaunt|219\/267|[from] sandstorm
|turn|6
|
|switch|p2a: Keldeo|Keldeo|40\/323
|move|p1a: Crawdaunt|Knock Off|p2a: Keldeo
|-resisted|p2a: Keldeo
|-damage|p2a: Keldeo|0 fnt
|-enditem|p2a: Keldeo|Choice Specs|[from] move: Knock Off|[of] p1a: Crawdaunt
|faint|p2a: Keldeo
|
|-weather|Sandstorm|[upkeep]
|-damage|p1a: Crawdaunt|203\/267|[from] sandstorm
|
|switch|p2a: Metagross|Metagross|301\/301
|turn|7
|
|detailschange|p2a: Metagross|Metagross-Mega
|-mega|p2a: Metagross|Metagross|Metagrossite
|move|p2a: Metagross|Hammer Arm|p1a: Crawdaunt
|-supereffective|p1a: Crawdaunt
|-damage|p1a: Crawdaunt|0 fnt
|-unboost|p2a: Metagross|spe|1
|faint|p1a: Crawdaunt
|
|-weather|Sandstorm|[upkeep]
|
|switch|p1a: Bisharp|Bisharp, F|271\/271
|-damage|p1a: Bisharp|255\/271|[from] Stealth Rock
|turn|8
|
|move|p1a: Bisharp|Pursuit|p2a: Metagross|[from]Pursuit
|-supereffective|p2a: Metagross
|-damage|p2a: Metagross|101\/301
|switch|p2a: Hippowdon|Hippowdon, F|419\/419
|
|-weather|none
|turn|9
|
|switch|p1a: Latios|Latios, M|301\/301
|-damage|p1a: Latios|264\/301|[from] Stealth Rock
|switch|p2a: Metagross|Metagross-Mega|101\/301
|
|turn|10
|
|switch|p1a: Bisharp|Bisharp, F|255\/271
|-damage|p1a: Bisharp|239\/271|[from] Stealth Rock
|move|p2a: Metagross|Meteor Mash|p1a: Bisharp
|-resisted|p1a: Bisharp
|-damage|p1a: Bisharp|119\/271
|
|turn|11
|
|move|p1a: Bisharp|Pursuit|p2a: Metagross|[from]Pursuit
|-crit|p2a: Metagross
|-supereffective|p2a: Metagross
|-damage|p2a: Metagross|0 fnt
|faint|p2a: Metagross
|
|
|switch|p2a: Hippowdon|Hippowdon, F|419\/419
|-weather|Sandstorm
|turn|12
|
|switch|p2a: Excadrill|Excadrill, F|361\/361
|move|p1a: Bisharp|Low Kick|p2a: Excadrill
|-supereffective|p2a: Excadrill
|-damage|p2a: Excadrill|121\/361
|
|-weather|Sandstorm|[upkeep]
|turn|13
|
|switch|p2a: Gliscor|Gliscor, F|349\/349
|move|p1a: Bisharp|Sucker Punch|p2a: Gliscor
|-fail|p2a: Gliscor
|
|-weather|Sandstorm|[upkeep]
|-status|p2a: Gliscor|tox|[from] item: Toxic Orb
|turn|14
|
|switch|p1a: Latios|Latios, M|264\/301
|-damage|p1a: Latios|227\/301|[from] Stealth Rock
|move|p2a: Gliscor|Knock Off|p1a: Latios
|-crit|p1a: Latios
|-supereffective|p1a: Latios
|-damage|p1a: Latios|0 fnt
|-enditem|p1a: Latios|Life Orb|[from] move: Knock Off|[of] p2a: Gliscor
|faint|p1a: Latios
|
|-weather|Sandstorm|[upkeep]
|c|★Here to GG|NO
|c|★Here to GG|so fucking classic
|c|★Bin Ladder|:[
|c|★Bin Ladder|sry
|
|switch|p1a: Metagross|Metagross|301\/301
|-damage|p1a: Metagross|283\/301|[from] Stealth Rock
|turn|15
|
|switch|p2a: Hippowdon|Hippowdon, F|419\/419
|detailschange|p1a: Metagross|Metagross-Mega
|-mega|p1a: Metagross|Metagross|Metagrossite
|move|p1a: Metagross|Ice Punch|p2a: Hippowdon
|-supereffective|p2a: Hippowdon
|-damage|p2a: Hippowdon|249\/419
|
|-weather|Sandstorm|[upkeep]
|turn|16
|
|move|p1a: Metagross|Ice Punch|p2a: Hippowdon
|-supereffective|p2a: Hippowdon
|-damage|p2a: Hippowdon|83\/419
|move|p2a: Hippowdon|Slack Off|p2a: Hippowdon
|-heal|p2a: Hippowdon|293\/419
|
|-weather|Sandstorm|[upkeep]
|turn|17
|
|move|p1a: Metagross|Meteor Mash|p2a: Hippowdon
|-damage|p2a: Hippowdon|119\/419
|move|p2a: Hippowdon|Slack Off|p2a: Hippowdon
|-heal|p2a: Hippowdon|329\/419
|
|-weather|Sandstorm|[upkeep]
|turn|18
|
|move|p1a: Metagross|Meteor Mash|p2a: Hippowdon
|-damage|p2a: Hippowdon|155\/419
|move|p2a: Hippowdon|Earthquake|p1a: Metagross
|-supereffective|p1a: Metagross
|-damage|p1a: Metagross|83\/301
|
|-weather|Sandstorm|[upkeep]
|turn|19
|
|switch|p2a: Celebi|Celebi|381\/381
|move|p1a: Metagross|Ice Punch|p2a: Celebi
|-supereffective|p2a: Celebi
|-damage|p2a: Celebi|187\/381
|
|-weather|none
|-heal|p2a: Celebi|210\/381|[from] item: Leftovers
|turn|20
|
|switch|p2a: Hippowdon|Hippowdon, F|155\/419
|-weather|Sandstorm
|move|p1a: Metagross|Ice Punch|p2a: Hippowdon
|-supereffective|p2a: Hippowdon
|-damage|p2a: Hippowdon|0 fnt
|faint|p2a: Hippowdon
|
|-weather|Sandstorm|[upkeep]
|
|switch|p2a: Excadrill|Excadrill, F|121\/361
|turn|21
|
|switch|p1a: Clefable|Clefable, F|388\/388
|-damage|p1a: Clefable|340\/388|[from] Stealth Rock
|move|p2a: Excadrill|Iron Head|p1a: Clefable
|-supereffective|p1a: Clefable
|-damage|p1a: Clefable|0 fnt
|-damage|p2a: Excadrill|85\/361|[from] item: Life Orb
|faint|p1a: Clefable
|
|-weather|Sandstorm|[upkeep]
|
|switch|p1a: Talonflame|Talonflame, F|223\/297
|-damage|p1a: Talonflame|75\/297|[from] Stealth Rock
|turn|22
|
|switch|p2a: Gliscor|Gliscor, F|349\/349 tox
|move|p1a: Talonflame|Brave Bird|p2a: Gliscor
|-damage|p2a: Gliscor|148\/349 tox
|-damage|p1a: Talonflame|9\/297|[from] recoil|[of] p2a: Gliscor
|
|-weather|Sandstorm|[upkeep]
|-damage|p1a: Talonflame|0 fnt|[from] sandstorm
|-heal|p2a: Gliscor|191\/349 tox|[from] ability: Poison Heal
|faint|p1a: Talonflame
|
|switch|p1a: Bisharp|Bisharp, F|119\/271
|-damage|p1a: Bisharp|103\/271|[from] Stealth Rock
|turn|23
|
|move|p2a: Gliscor|Earthquake|p1a: Bisharp
|-supereffective|p1a: Bisharp
|-damage|p1a: Bisharp|0 fnt
|faint|p1a: Bisharp
|
|-weather|Sandstorm|[upkeep]
|-heal|p2a: Gliscor|234\/349 tox|[from] ability: Poison Heal
|c|★Here to GG|oh
|c|★Here to GG|damn speed
|
|switch|p1a: Metagross|Metagross-Mega|83\/301
|-damage|p1a: Metagross|65\/301|[from] Stealth Rock
|turn|24
|
|move|p1a: Metagross|Ice Punch|p2a: Gliscor
|-supereffective|p2a: Gliscor
|-damage|p2a: Gliscor|0 fnt
|faint|p2a: Gliscor
|
|-weather|Sandstorm|[upkeep]
|
|switch|p2a: Excadrill|Excadrill, F|85\/361
|turn|25
|-message|Here to GG forfeited.
|leave|Here to GG
|
|move|p2a: Excadrill|Earthquake|p1a: Metagross
|-supereffective|p1a: Metagross
|-damage|p1a: Metagross|0 fnt
|-damage|p2a: Excadrill|49\/361|[from] item: Life Orb
|faint|p1a: Metagross
|
|win|Bin Ladder
|raw|Ladder updating...
|raw|Here to GG's rating: 1737 &rarr; <strong>1711<\/strong><br \/>(-26 for losing)
|raw|Bin Ladder's rating: 1633 &rarr; <strong>1659<\/strong><br \/>(+26 for winning)
|player|p1