|join|CheckmateWeee
|join|Bulbasawr
|player|p1|CheckmateWeee|266
|player|p2|Bulbasawr|265
|gametype|singles
|gen|6
|tier|OU
|rated
|clearpoke
|poke|p1|Gyarados, M
|poke|p1|Talonflame, M
|poke|p1|Zapdos
|poke|p1|Gliscor, F
|poke|p1|Jirachi
|poke|p1|Kyurem-Black
|poke|p2|Scolipede, M
|poke|p2|Pinsir, M
|poke|p2|Excadrill, M
|poke|p2|Talonflame, M
|poke|p2|Greninja, F
|poke|p2|Keldeo-Resolute
|rule|Swagger Clause: Swagger is banned
|rule|Baton Pass Clause: Limit one Pokémon knowing Baton Pass
|rule|Sleep Clause Mod: Limit one foe put to sleep
|rule|Species Clause: Limit one of each Pokémon
|rule|OHKO Clause: OHKO moves are banned
|rule|Moody Clause: Moody is banned
|rule|Evasion Moves Clause: Evasion moves are banned
|rule|Endless Battle Clause: Forcing endless battles is banned
|rule|HP Percentage Mod: HP is shown in percentages
|teampreview
|
|start
|switch|p1a: Talonflame|Talonflame, M|345\/345
|switch|p2a: Scolipede|Scolipede, M|262\/262
|turn|1
|
|switch|p2a: Excadrill|Excadrill, M|361\/361
|-ability|p2a: Excadrill|Mold Breaker
|-item|p2a: Excadrill|Air Balloon
|move|p1a: Talonflame|Brave Bird|p2a: Excadrill
|-resisted|p2a: Excadrill
|-damage|p2a: Excadrill|214\/361
|-enditem|p2a: Excadrill|Air Balloon
|-damage|p1a: Talonflame|296\/345|[from] recoil|[of] p2a: Excadrill
|
|turn|2
|
|move|p1a: Talonflame|Flare Blitz|p2a: Excadrill
|-crit|p2a: Excadrill
|-supereffective|p2a: Excadrill
|-damage|p2a: Excadrill|0 fnt
|-damage|p1a: Talonflame|225\/345|[from] recoil|[of] p2a: Excadrill
|faint|p2a: Excadrill
|
|
|switch|p2a: Talonflame|Talonflame, M|298\/298
|turn|3
|
|switch|p1a: Zapdos|Zapdos|384\/384
|-ability|p1a: Zapdos|Pressure
|move|p2a: Talonflame|U-turn|p1a: Zapdos
|-resisted|p1a: Zapdos
|-damage|p1a: Zapdos|343\/384
|
|switch|p2a: Scolipede|Scolipede, M|262\/262
|
|-heal|p1a: Zapdos|367\/384|[from] item: Leftovers
|turn|4
|
|switch|p1a: Talonflame|Talonflame, M|225\/345
|move|p2a: Scolipede|Swords Dance|p2a: Scolipede
|-boost|p2a: Scolipede|atk|2
|
|-boost|p2a: Scolipede|spe|1|[from] ability: Speed Boost
|turn|5
|
|move|p1a: Talonflame|Brave Bird|p2a: Scolipede
|-supereffective|p2a: Scolipede
|-enditem|p2a: Scolipede|Focus Sash
|-damage|p2a: Scolipede|1\/262
|-damage|p1a: Talonflame|139\/345|[from] recoil|[of] p2a: Scolipede
|move|p2a: Scolipede|Baton Pass|p2a: Scolipede
|
|switch|p2a: Talonflame|Talonflame, M|298\/298
|
|turn|6
|
|switch|p1a: Jirachi|Jirachi|341\/341
|move|p2a: Talonflame|Brave Bird|p1a: Jirachi
|-crit|p1a: Jirachi
|-resisted|p1a: Jirachi
|-damage|p1a: Jirachi|0 fnt
|-damage|p2a: Talonflame|185\/298|[from] recoil|[of] p1a: Jirachi
|faint|p1a: Jirachi
|
|
|switch|p1a: Gyarados|Gyarados, M|331\/331
|-ability|p1a: Gyarados|Intimidate|[of] p2a: Talonflame
|-unboost|p2a: Talonflame|atk|1
|turn|7
|
|detailschange|p1a: Gyarados|Gyarados-Mega, M
|message|Gyarados has Mega Evolved into Mega Gyarados!
|-ability|p1a: Gyarados|Mold Breaker
|move|p2a: Talonflame|Brave Bird|p1a: Gyarados
|-damage|p1a: Gyarados|31\/331
|-damage|p2a: Talonflame|86\/298|[from] recoil|[of] p1a: Gyarados
|move|p1a: Gyarados|Waterfall|p2a: Talonflame
|-supereffective|p2a: Talonflame
|-damage|p2a: Talonflame|0 fnt
|faint|p2a: Talonflame
|
|
|switch|p2a: Scolipede|Scolipede, M|1\/262
|turn|8
|
|move|p2a: Scolipede|X-Scissor|p1a: Gyarados
|-crit|p1a: Gyarados
|-supereffective|p1a: Gyarados
|-damage|p1a: Gyarados|0 fnt
|faint|p1a: Gyarados
|
|-boost|p2a: Scolipede|spe|1|[from] ability: Speed Boost
|
|switch|p1a: Talonflame|Talonflame, M|139\/345
|turn|9
|
|move|p1a: Talonflame|Brave Bird|p2a: Scolipede
|-crit|p2a: Scolipede
|-supereffective|p2a: Scolipede
|-damage|p2a: Scolipede|0 fnt
|-damage|p1a: Talonflame|138\/345|[from] recoil|[of] p2a: Scolipede
|faint|p2a: Scolipede
|
|
|switch|p2a: Keldeo-Resolute|Keldeo-Resolute|323\/323
|turn|10
|
|move|p1a: Talonflame|Brave Bird|p2a: Keldeo-Resolute
|-supereffective|p2a: Keldeo-Resolute
|-damage|p2a: Keldeo-Resolute|0 fnt
|-damage|p1a: Talonflame|31\/345|[from] recoil|[of] p2a: Keldeo-Resolute
|faint|p2a: Keldeo-Resolute
|
|
|switch|p2a: Greninja|Greninja, F|286\/286
|turn|11
|
|move|p1a: Talonflame|Brave Bird|p2a: Greninja
|-damage|p2a: Greninja|3\/286
|-damage|p1a: Talonflame|0 fnt|[from] recoil|[of] p2a: Greninja
|faint|p1a: Talonflame
|move|p2a: Greninja|Gunk Shot|p1: Talonflame|[notarget]
|-notarget
|
|
|switch|p1a: Kyurem-Black|Kyurem-Black|413\/413
|-ability|p1a: Kyurem-Black|Teravolt
|turn|12
|
|move|p2a: Greninja|Low Kick|p1a: Kyurem-Black
|-start|p2a: Greninja|typechange|Fighting|[from] Protean
|-supereffective|p1a: Kyurem-Black
|-damage|p1a: Kyurem-Black|0 fnt
|-damage|p2a: Greninja|0 fnt|[from] item: Life Orb
|faint|p1a: Kyurem-Black
|faint|p2a: Greninja
|
|
|switch|p1a: Zapdos|Zapdos|367\/384
|switch|p2a: Pinsir|Pinsir, M|334\/334
|-ability|p1a: Zapdos|Pressure
|turn|13
|
|move|p1a: Zapdos|Heat Wave|p2a: Pinsir
|-supereffective|p2a: Pinsir
|-damage|p2a: Pinsir|78\/334
|move|p2a: Pinsir|Swords Dance|p2a: Pinsir
|-boost|p2a: Pinsir|atk|2
|
|-heal|p1a: Zapdos|384\/384|[from] item: Leftovers
|turn|14
|
|detailschange|p2a: Pinsir|Pinsir-Mega, M
|message|Pinsir has Mega Evolved into Mega Pinsir!
|move|p2a: Pinsir|Quick Attack|p1a: Zapdos
|-resisted|p1a: Zapdos
|-damage|p1a: Zapdos|279\/384
|move|p1a: Zapdos|Thunderbolt|p2a: Pinsir
|-crit|p2a: Pinsir
|-supereffective|p2a: Pinsir
|-damage|p2a: Pinsir|0 fnt
|faint|p2a: Pinsir
|
|win|CheckmateWeee
|raw|Ladder updating...
|raw|CheckmateWeee's rating: 1506 &rarr; <strong>1529<\/strong><br \/>(+23 for winning)
|raw|Bulbasawr's rating: 1557 &rarr; <strong>1534<\/strong><br \/>(-23 for losing)
|leave|Bulbasawr
|player|p2