|join|Bulbasawr
|join|Richizen
|player|p1|Bulbasawr|155
|player|p2|Richizen|1
|gametype|singles
|gen|6
|tier|OU
|rated
|clearpoke
|poke|p1|Scolipede, F
|poke|p1|Marowak, M
|poke|p2|Beedrill, F
|poke|p2|Magnezone
|poke|p2|Garchomp, F
|poke|p2|Diggersby, F
|poke|p2|Latias, F
|poke|p2|Azumarill, F
|rule|Swagger Clause: Swagger is banned
|rule|Baton Pass Clause: Limit one Pokémon knowing Baton Pass
|rule|Sleep Clause Mod: Limit one foe put to sleep
|rule|Species Clause: Limit one of each Pokémon
|rule|OHKO Clause: OHKO moves are banned
|rule|Moody Clause: Moody is banned
|rule|Evasion Moves Clause: Evasion moves are banned
|rule|Endless Battle Clause: Forcing endless battles is banned
|rule|HP Percentage Mod: HP is shown in percentages
|teampreview
|
|start
|switch|p1a: Scolipede|Scolipede, F|324\/324
|switch|p2a: WHY|Diggersby, F|309\/309
|turn|1
|
|move|p1a: Scolipede|Protect|p1a: Scolipede
|-singleturn|p1a: Scolipede|Protect
|move|p2a: WHY|Earthquake|p1a: Scolipede
|-activate|p1a: Scolipede|Protect
|
|-boost|p1a: Scolipede|spe|1|[from] ability: Speed Boost
|turn|2
|
|move|p1a: Scolipede|Iron Defense|p1a: Scolipede
|-boost|p1a: Scolipede|def|2
|move|p2a: WHY|Earthquake|p1a: Scolipede
|-damage|p1a: Scolipede|214\/324
|-damage|p2a: WHY|279\/309|[from] item: Life Orb
|
|-heal|p1a: Scolipede|234\/324|[from] item: Leftovers
|-boost|p1a: Scolipede|spe|1|[from] ability: Speed Boost
|turn|3
|
|move|p1a: Scolipede|Swords Dance|p1a: Scolipede
|-boost|p1a: Scolipede|atk|2
|move|p2a: WHY|Knock Off|p1a: Scolipede
|-damage|p1a: Scolipede|163\/324
|-enditem|p1a: Scolipede|Leftovers|[from] move: Knock Off|[of] p2a: WHY
|-damage|p2a: WHY|249\/309|[from] item: Life Orb
|
|-boost|p1a: Scolipede|spe|1|[from] ability: Speed Boost
|turn|4
|
|move|p1a: Scolipede|Iron Defense|p1a: Scolipede
|-boost|p1a: Scolipede|def|2
|move|p2a: WHY|Frustration|p1a: Scolipede
|-damage|p1a: Scolipede|85\/324
|-damage|p2a: WHY|219\/309|[from] item: Life Orb
|
|-boost|p1a: Scolipede|spe|1|[from] ability: Speed Boost
|turn|5
|
|move|p1a: Scolipede|Protect|p1a: Scolipede
|-singleturn|p1a: Scolipede|Protect
|move|p2a: WHY|Frustration|p1a: Scolipede
|-activate|p1a: Scolipede|Protect
|
|-boost|p1a: Scolipede|spe|1|[from] ability: Speed Boost
|turn|6
|
|move|p1a: Scolipede|Baton Pass|p1a: Scolipede
|
|switch|p1a: Marowak|Marowak, M|261\/261
|move|p2a: WHY|Frustration|p1a: Marowak
|-damage|p1a: Marowak|178\/261
|-damage|p2a: WHY|189\/309|[from] item: Life Orb
|
|turn|7
|
|move|p1a: Marowak|Bonemerang|p2a: WHY
|-damage|p2a: WHY|0 fnt
|-hitcount|p2a: WHY|1
|faint|p2a: WHY
|
|
|switch|p2a: OK|Latias, F|309\/309
|turn|8
|
|move|p1a: Marowak|Knock Off|p2a: OK
|-supereffective|p2a: OK
|-damage|p2a: OK|0 fnt
|-enditem|p2a: OK|Life Orb|[from] move: Knock Off|[of] p1a: Marowak
|faint|p2a: OK
|
|
|switch|p2a: WAT|Garchomp, F|357\/357
|turn|9
|
|move|p1a: Marowak|Bonemerang|p2a: WAT
|-damage|p2a: WAT|57\/357
|-damage|p2a: WAT|0 fnt
|-hitcount|p2a: WAT|2
|faint|p2a: WAT
|
|
|switch|p2a: EUGH|Azumarill, F|401\/401
|turn|10
|
|move|p2a: EUGH|Aqua Jet|p1a: Marowak
|-supereffective|p1a: Marowak
|-damage|p1a: Marowak|122\/261
|move|p1a: Marowak|Bonemerang|p2a: EUGH|[miss]
|-miss|p1a: Marowak|p2a: EUGH
|
|turn|11
|
|move|p2a: EUGH|Aqua Jet|p1a: Marowak
|-supereffective|p1a: Marowak
|-damage|p1a: Marowak|72\/261
|move|p1a: Marowak|Bonemerang|p2a: EUGH
|-damage|p2a: EUGH|64\/401
|-damage|p2a: EUGH|0 fnt
|-hitcount|p2a: EUGH|2
|faint|p2a: EUGH
|
|
|switch|p2a: FUK|Beedrill, F|271\/271
|turn|12
|
|detailschange|p2a: FUK|Beedrill-Mega, F
|message|Beedrill has Mega Evolved into Mega Beedrill!
|move|p2a: FUK|Protect|p2a: FUK
|-singleturn|p2a: FUK|Protect
|move|p1a: Marowak|Rock Slide|p2a: FUK
|-activate|p2a: FUK|Protect
|
|turn|13
|
|move|p1a: Marowak|Bonemerang|p2a: FUK|[miss]
|-miss|p1a: Marowak|p2a: FUK
|move|p2a: FUK|Knock Off|p1a: Marowak
|-damage|p1a: Marowak|29\/261
|-enditem|p1a: Marowak|Thick Club|[from] move: Knock Off|[of] p2a: FUK
|
|turn|14
|
|move|p2a: FUK|Protect|p2a: FUK
|-singleturn|p2a: FUK|Protect
|move|p1a: Marowak|Bonemerang|p2a: FUK
|-activate|p2a: FUK|Protect
|
|turn|15
|
|move|p1a: Marowak|Bonemerang|p2a: FUK
|-damage|p2a: FUK|7\/271
|-damage|p2a: FUK|0 fnt
|-hitcount|p2a: FUK|2
|faint|p2a: FUK
|
|
|switch|p2a: NO|Magnezone|281\/281
|turn|16
|
|move|p1a: Marowak|Bonemerang|p2a: NO|[miss]
|-miss|p1a: Marowak|p2a: NO
|move|p2a: NO|Hidden Power|p1a: Marowak
|-damage|p1a: Marowak|0 fnt
|faint|p1a: Marowak
|
|c|★Richizen|lol.
|-message|Bulbasawr forfeited.
|
|win|Richizen
|raw|Ladder updating...
|leave|Bulbasawr
|player|p1