|join|Don't Get Swept
|join|MegaSpyro
|player|p1|Don't Get Swept|293
|player|p2|MegaSpyro|101
|gametype|singles
|gen|6
|tier|OU
|rated
|clearpoke
|poke|p1|Venusaur, F
|poke|p1|Landorus, M, shiny
|poke|p1|Lucario, M
|poke|p1|Azumarill, M
|poke|p1|Tyranitar, M
|poke|p1|Magnezone
|poke|p2|Tornadus-Therian, M
|poke|p2|Slowbro, M, shiny
|poke|p2|Flygon, M, shiny
|poke|p2|Empoleon, M
|poke|p2|Greninja, M
|poke|p2|Excadrill, F
|rule|Swagger Clause: Swagger is banned
|rule|Baton Pass Clause: Limit one Pokémon knowing Baton Pass
|rule|Sleep Clause Mod: Limit one foe put to sleep
|rule|Species Clause: Limit one of each Pokémon
|rule|OHKO Clause: OHKO moves are banned
|rule|Moody Clause: Moody is banned
|rule|Evasion Moves Clause: Evasion moves are banned
|rule|Endless Battle Clause: Forcing endless battles is banned
|rule|HP Percentage Mod: HP is shown in percentages
|teampreview
|
|start
|switch|p1a: Landorus|Landorus, M, shiny|319\/319
|switch|p2a: Empoleon|Empoleon, M|371\/371
|turn|1
|join|Senhor Anseio
|
|move|p1a: Landorus|Earth Power|p2a: Empoleon
|-supereffective|p2a: Empoleon
|-damage|p2a: Empoleon|0 fnt
|faint|p2a: Empoleon
|
|
|switch|p2a: Tornadus-Therian|Tornadus-Therian, M|332\/332
|turn|2
|
|move|p2a: Tornadus-Therian|Knock Off|p1a: Landorus
|-damage|p1a: Landorus|243\/319
|-enditem|p1a: Landorus|Life Orb|[from] move: Knock Off|[of] p2a: Tornadus-Therian
|move|p1a: Landorus|Psychic|p2a: Tornadus-Therian
|-damage|p2a: Tornadus-Therian|237\/332
|
|turn|3
|
|move|p2a: Tornadus-Therian|Hurricane|p1a: Landorus|[miss]
|-miss|p2a: Tornadus-Therian|p1a: Landorus
|move|p1a: Landorus|Psychic|p2a: Tornadus-Therian
|-damage|p2a: Tornadus-Therian|136\/332
|
|turn|4
|
|move|p2a: Tornadus-Therian|Hurricane|p1a: Landorus|[miss]
|-miss|p2a: Tornadus-Therian|p1a: Landorus
|move|p1a: Landorus|Stealth Rock|p2a: Tornadus-Therian
|-sidestart|p2: MegaSpyro|move: Stealth Rock
|
|turn|5
|c|★MegaSpyro|wowww
|
|switch|p1a: Magnezone|Magnezone|300\/300
|move|p2a: Tornadus-Therian|Hurricane|p1a: Magnezone
|-resisted|p1a: Magnezone
|-damage|p1a: Magnezone|252\/300
|
|turn|6
|c|★Don't Get Swept|that hurricane bro
|c|★Don't Get Swept|nothing but misses.
|
|switch|p2a: Flygon|Flygon, M, shiny|301\/301
|-damage|p2a: Flygon|283\/301|[from] Stealth Rock
|switch|p1a: Landorus|Landorus, M, shiny|243\/319
|
|turn|7
|
|move|p2a: Flygon|U-turn|p1a: Landorus
|-resisted|p1a: Landorus
|-damage|p1a: Landorus|203\/319
|
|switch|p2a: Slowbro|Slowbro, M, shiny|394\/394
|-damage|p2a: Slowbro|345\/394|[from] Stealth Rock
|move|p1a: Landorus|Psychic|p2a: Slowbro
|-resisted|p2a: Slowbro
|-damage|p2a: Slowbro|263\/394
|
|turn|8
|
|detailschange|p2a: Slowbro|Slowbro-Mega, M, shiny
|-mega|p2a: Slowbro|Slowbro|Slowbronite
|move|p1a: Landorus|Earth Power|p2a: Slowbro
|-damage|p2a: Slowbro|22\/394
|move|p2a: Slowbro|Scald|p1a: Landorus
|-supereffective|p1a: Landorus
|-damage|p1a: Landorus|0 fnt
|faint|p1a: Landorus
|
|
|switch|p1a: Cannabis|Venusaur, F|356\/356
|turn|9
|
|detailschange|p1a: Cannabis|Venusaur-Mega, F
|-mega|p1a: Cannabis|Venusaur|Venusaurite
|move|p1a: Cannabis|Giga Drain|p2a: Slowbro
|-supereffective|p2a: Slowbro
|-damage|p2a: Slowbro|0 fnt
|faint|p2a: Slowbro
|
|
|switch|p2a: Tornadus-Therian|Tornadus-Therian, M|246\/332
|-damage|p2a: Tornadus-Therian|163\/332|[from] Stealth Rock
|turn|10
|
|switch|p1a: Tyranitar|Tyranitar, M|382\/382
|-weather|Sandstorm
|move|p2a: Tornadus-Therian|Hurricane|p1a: Tyranitar|[miss]
|-miss|p2a: Tornadus-Therian|p1a: Tyranitar
|
|-weather|Sandstorm|[upkeep]
|-damage|p2a: Tornadus-Therian|143\/332|[from] sandstorm
|turn|11
|
|move|p2a: Tornadus-Therian|U-turn|p1a: Tyranitar
|-supereffective|p1a: Tyranitar
|-damage|p1a: Tyranitar|290\/382
|
|move|p1a: Tyranitar|Pursuit|p2a: Tornadus-Therian|[from]Pursuit
|-damage|p2a: Tornadus-Therian|0 fnt
|faint|p2a: Tornadus-Therian
|
|-weather|Sandstorm|[upkeep]
|
|switch|p2a: Flygon|Flygon, M, shiny|283\/301
|-damage|p2a: Flygon|265\/301|[from] Stealth Rock
|turn|12
|
|move|p2a: Flygon|Earthquake|p1a: Tyranitar
|-supereffective|p1a: Tyranitar
|-damage|p1a: Tyranitar|0 fnt
|faint|p1a: Tyranitar
|
|-weather|Sandstorm|[upkeep]
|
|switch|p1a: Cannabis|Venusaur-Mega, F|356\/356
|turn|13
|
|move|p2a: Flygon|Earthquake|p1a: Cannabis
|-damage|p1a: Cannabis|229\/356
|move|p1a: Cannabis|Giga Drain|p2a: Flygon
|-damage|p2a: Flygon|72\/301
|-heal|p1a: Cannabis|326\/356|[from] drain|[of] p2a: Flygon
|
|-weather|Sandstorm|[upkeep]
|-damage|p1a: Cannabis|304\/356|[from] sandstorm
|turn|14
|c|★Don't Get Swept|that must be choice band
|c|★Don't Get Swept|is it?
|c|★MegaSpyro|no
|c|★Don't Get Swept|holy fuck
|c|★MegaSpyro|jolly
|c|★Don't Get Swept|flygon does big damage.
|c|★MegaSpyro|scarf
|
|move|p2a: Flygon|Earthquake|p1a: Cannabis
|-damage|p1a: Cannabis|169\/356
|move|p1a: Cannabis|Giga Drain|p2a: Flygon
|-damage|p2a: Flygon|0 fnt
|-heal|p1a: Cannabis|205\/356|[from] drain|[of] p2a: Flygon
|faint|p2a: Flygon
|
|-weather|none
|
|switch|p2a: Greninja|Greninja, M|285\/285
|-damage|p2a: Greninja|250\/285|[from] Stealth Rock
|turn|15
|
|move|p2a: Greninja|Gunk Shot|p1a: Cannabis|[miss]
|-start|p2a: Greninja|typechange|Poison|[from] Protean
|-miss|p2a: Greninja|p1a: Cannabis
|move|p1a: Cannabis|Giga Drain|p2a: Greninja
|-resisted|p2a: Greninja
|-damage|p2a: Greninja|138\/285
|-heal|p1a: Cannabis|261\/356|[from] drain|[of] p2a: Greninja
|
|turn|16
|
|move|p2a: Greninja|Gunk Shot|p1a: Cannabis
|-damage|p1a: Cannabis|93\/356
|-damage|p2a: Greninja|110\/285|[from] item: Life Orb
|move|p1a: Cannabis|Giga Drain|p2a: Greninja
|-resisted|p2a: Greninja
|-damage|p2a: Greninja|15\/285
|-heal|p1a: Cannabis|141\/356|[from] drain|[of] p2a: Greninja
|
|turn|17
|
|move|p2a: Greninja|Ice Beam|p1a: Cannabis
|-start|p2a: Greninja|typechange|Ice|[from] Protean
|-supereffective|p1a: Cannabis
|-damage|p1a: Cannabis|14\/356
|-damage|p2a: Greninja|0 fnt|[from] item: Life Orb
|faint|p2a: Greninja
|move|p1a: Cannabis|Synthesis|p1a: Cannabis
|-heal|p1a: Cannabis|192\/356
|
|
|switch|p2a: Excadrill|Excadrill, F|363\/363
|-damage|p2a: Excadrill|352\/363|[from] Stealth Rock
|-ability|p2a: Excadrill|Mold Breaker
|-item|p2a: Excadrill|Air Balloon
|turn|18
|c|★Don't Get Swept|gg
|
|move|p2a: Excadrill|Earthquake|p1a: Cannabis
|-damage|p1a: Cannabis|29\/356
|move|p1a: Cannabis|Giga Drain|p2a: Excadrill
|-damage|p2a: Excadrill|144\/363
|-heal|p1a: Cannabis|133\/356|[from] drain|[of] p2a: Excadrill
|-enditem|p2a: Excadrill|Air Balloon
|
|turn|19
|
|move|p2a: Excadrill|Earthquake|p1a: Cannabis
|-damage|p1a: Cannabis|0 fnt
|faint|p1a: Cannabis
|
|
|switch|p1a: Azumarill|Azumarill, M|364\/364
|turn|20
|c|★MegaSpyro|gg
|
|move|p1a: Azumarill|Aqua Jet|p2a: Excadrill
|-supereffective|p2a: Excadrill
|-damage|p2a: Excadrill|0 fnt
|faint|p2a: Excadrill
|
|win|Don't Get Swept
|raw|Ladder updating...
|raw|Don&apos;t Get Swept's rating: 1448 &rarr; <strong>1463<\/strong><br \/>(+15 for winning)
|raw|MegaSpyro's rating: 1367 &rarr; <strong>1352<\/strong><br \/>(-15 for losing)
|leave|Don't Get Swept
|player|p1
|leave|Senhor Anseio