|join|jb champ
|join|uphaze
|player|p1|jb champ|150
|player|p2|uphaze|87
|gametype|singles
|gen|6
|tier|OU
|rated
|clearpoke
|poke|p1|Tyranitar, M
|poke|p1|Heracross, M
|poke|p1|Blastoise, M
|poke|p1|Sylveon, F
|poke|p1|Landorus-Therian, M
|poke|p1|Latias, F
|poke|p2|Cobalion
|poke|p2|Gengar, M
|poke|p2|Kyurem-Black
|poke|p2|Alomomola, M
|poke|p2|Raikou
|poke|p2|Talonflame, F
|rule|Swagger Clause: Swagger is banned
|rule|Baton Pass Clause: Limit one Pokémon knowing Baton Pass
|rule|Sleep Clause Mod: Limit one foe put to sleep
|rule|Species Clause: Limit one of each Pokémon
|rule|OHKO Clause: OHKO moves are banned
|rule|Moody Clause: Moody is banned
|rule|Evasion Moves Clause: Evasion moves are banned
|rule|Endless Battle Clause: Forcing endless battles is banned
|rule|HP Percentage Mod: HP is shown in percentages
|teampreview
|
|start
|switch|p1a: Heracross|Heracross, M|301\/301
|switch|p2a: Cobalion|Cobalion|324\/324
|turn|1
|
|detailschange|p1a: Heracross|Heracross-Mega, M
|message|Heracross has Mega Evolved into Mega Heracross!
|move|p2a: Cobalion|Stealth Rock|p1a: Heracross
|-sidestart|p1: jb champ|move: Stealth Rock
|move|p1a: Heracross|Close Combat|p2a: Cobalion
|-supereffective|p2a: Cobalion
|-enditem|p2a: Cobalion|Focus Sash
|-damage|p2a: Cobalion|1\/324
|-unboost|p1a: Heracross|def|1
|-unboost|p1a: Heracross|spd|1
|
|turn|2
|
|switch|p1a: Blastoise|Blastoise, M|362\/362
|-damage|p1a: Blastoise|317\/362|[from] Stealth Rock
|move|p2a: Cobalion|Volt Switch|p1a: Blastoise
|-supereffective|p1a: Blastoise
|-damage|p1a: Blastoise|199\/362
|
|switch|p2a: Raikou|Raikou|322\/322
|-ability|p2a: Raikou|Pressure
|
|-heal|p1a: Blastoise|221\/362|[from] item: Leftovers
|turn|3
|
|switch|p1a: Landorus-Therian|Landorus-Therian, M|382\/382
|-damage|p1a: Landorus-Therian|335\/382|[from] Stealth Rock
|-ability|p1a: Landorus-Therian|Intimidate|[of] p2a: Raikou
|-unboost|p2a: Raikou|atk|1
|move|p2a: Raikou|Hidden Power|p1a: Landorus-Therian
|-supereffective|p1a: Landorus-Therian
|-damage|p1a: Landorus-Therian|39\/382
|
|-heal|p1a: Landorus-Therian|62\/382|[from] item: Leftovers
|turn|4
|
|switch|p1a: Sylveon|Sylveon, F|394\/394
|-damage|p1a: Sylveon|345\/394|[from] Stealth Rock
|move|p2a: Raikou|Shadow Ball|p1a: Sylveon
|-damage|p1a: Sylveon|283\/394
|
|-heal|p1a: Sylveon|307\/394|[from] item: Leftovers
|turn|5
|
|move|p2a: Raikou|Shadow Ball|p1a: Sylveon
|-damage|p1a: Sylveon|244\/394
|move|p1a: Sylveon|Hyper Voice|p2a: Raikou
|-damage|p2a: Raikou|220\/322
|
|-heal|p1a: Sylveon|268\/394|[from] item: Leftovers
|turn|6
|
|move|p2a: Raikou|Shadow Ball|p1a: Sylveon
|-damage|p1a: Sylveon|201\/394
|move|p1a: Sylveon|Wish|p1a: Sylveon
|
|-heal|p1a: Sylveon|225\/394|[from] item: Leftovers
|turn|7
|
|move|p2a: Raikou|Hidden Power|p1a: Sylveon
|-damage|p1a: Sylveon|178\/394
|move|p1a: Sylveon|Hyper Voice|p2a: Raikou
|-crit|p2a: Raikou
|-damage|p2a: Raikou|61\/322
|
|-heal|p1a: Sylveon|375\/394|[from] move: Wish|[wisher] Sylveon
|-heal|p1a: Sylveon|394\/394|[from] item: Leftovers
|turn|8
|
|switch|p2a: Cobalion|Cobalion|1\/324
|move|p1a: Sylveon|Hyper Voice|p2a: Cobalion
|-damage|p2a: Cobalion|0 fnt
|faint|p2a: Cobalion
|
|
|switch|p2a: Talonflame|Talonflame, F|298\/298
|turn|9
|
|move|p1a: Sylveon|Protect|p1a: Sylveon
|-singleturn|p1a: Sylveon|Protect
|move|p2a: Talonflame|U-turn|p1a: Sylveon
|-activate|p1a: Sylveon|Protect
|
|turn|10
|
|move|p2a: Talonflame|U-turn|p1a: Sylveon
|-resisted|p1a: Sylveon
|-damage|p1a: Sylveon|347\/394
|
|switch|p2a: Raikou|Raikou|61\/322
|-ability|p2a: Raikou|Pressure
|move|p1a: Sylveon|Wish|p1a: Sylveon
|
|-heal|p1a: Sylveon|371\/394|[from] item: Leftovers
|turn|11
|
|move|p2a: Raikou|Hidden Power|p1a: Sylveon
|-damage|p1a: Sylveon|319\/394
|move|p1a: Sylveon|Hyper Voice|p2a: Raikou
|-damage|p2a: Raikou|0 fnt
|faint|p2a: Raikou
|
|-heal|p1a: Sylveon|394\/394|[from] move: Wish|[wisher] Sylveon
|
|switch|p2a: Gengar|Gengar, M|262\/262
|turn|12
|
|switch|p1a: Tyranitar|Tyranitar, M|404\/404
|-damage|p1a: Tyranitar|354\/404|[from] Stealth Rock
|-weather|Sandstorm
|move|p2a: Gengar|Shadow Ball|p1a: Tyranitar
|-resisted|p1a: Tyranitar
|-damage|p1a: Tyranitar|311\/404
|-damage|p2a: Gengar|236\/262|[from] item: Life Orb
|
|-weather|Sandstorm|[upkeep]
|-damage|p2a: Gengar|220\/262|[from] sandstorm
|turn|13
|
|move|p2a: Gengar|Will-O-Wisp|p1a: Tyranitar
|-status|p1a: Tyranitar|brn
|move|p1a: Tyranitar|Pursuit|p2a: Gengar
|-supereffective|p2a: Gengar
|-damage|p2a: Gengar|98\/262
|
|-weather|Sandstorm|[upkeep]
|-damage|p2a: Gengar|82\/262|[from] sandstorm
|-damage|p1a: Tyranitar|261\/404 brn|[from] brn
|turn|14
|
|move|p2a: Gengar|Giga Drain|p1a: Tyranitar
|-supereffective|p1a: Tyranitar
|-damage|p1a: Tyranitar|149\/404 brn
|-heal|p2a: Gengar|138\/262|[from] drain|[of] p1a: Tyranitar
|-damage|p2a: Gengar|112\/262|[from] item: Life Orb
|move|p1a: Tyranitar|Pursuit|p2a: Gengar
|-supereffective|p2a: Gengar
|-damage|p2a: Gengar|0 fnt
|faint|p2a: Gengar
|
|-weather|Sandstorm|[upkeep]
|-damage|p1a: Tyranitar|99\/404 brn|[from] brn
|
|switch|p2a: Talonflame|Talonflame, F|298\/298
|turn|15
|
|move|p2a: Talonflame|U-turn|p1a: Tyranitar
|-supereffective|p1a: Tyranitar
|-damage|p1a: Tyranitar|0 fnt
|faint|p1a: Tyranitar
|
|switch|p2a: Kyurem-Black|Kyurem-Black|391\/391
|-ability|p2a: Kyurem-Black|Teravolt
|
|-weather|Sandstorm|[upkeep]
|-damage|p2a: Kyurem-Black|367\/391|[from] sandstorm
|
|switch|p1a: Sylveon|Sylveon, F|394\/394
|-damage|p1a: Sylveon|345\/394|[from] Stealth Rock
|turn|16
|
|move|p2a: Kyurem-Black|Fusion Bolt|p1a: Sylveon
|-damage|p1a: Sylveon|170\/394
|-damage|p2a: Kyurem-Black|328\/391|[from] item: Life Orb
|move|p1a: Sylveon|Hyper Voice|p2a: Kyurem-Black
|-supereffective|p2a: Kyurem-Black
|-damage|p2a: Kyurem-Black|10\/391
|
|-weather|none
|-heal|p1a: Sylveon|194\/394|[from] item: Leftovers
|turn|17
|
|move|p2a: Kyurem-Black|Fusion Bolt|p1a: Sylveon
|-damage|p1a: Sylveon|33\/394
|-damage|p2a: Kyurem-Black|0 fnt|[from] item: Life Orb
|faint|p2a: Kyurem-Black
|move|p1a: Sylveon|Wish|p1a: Sylveon
|
|-heal|p1a: Sylveon|57\/394|[from] item: Leftovers
|
|switch|p2a: Talonflame|Talonflame, F|298\/298
|turn|18
|
|switch|p1a: Blastoise|Blastoise, M|221\/362
|-damage|p1a: Blastoise|176\/362|[from] Stealth Rock
|move|p2a: Talonflame|Brave Bird|p1a: Blastoise
|-damage|p1a: Blastoise|0 fnt
|-damage|p2a: Talonflame|240\/298|[from] recoil|[of] p1a: Blastoise
|faint|p1a: Blastoise
|
|
|switch|p1a: Landorus-Therian|Landorus-Therian, M|62\/382
|-damage|p1a: Landorus-Therian|15\/382|[from] Stealth Rock
|-ability|p1a: Landorus-Therian|Intimidate|[of] p2a: Talonflame
|-unboost|p2a: Talonflame|atk|1
|turn|19
|
|switch|p2a: Alomomola|Alomomola, M|513\/513
|move|p1a: Landorus-Therian|Stealth Rock|p2a: Alomomola
|-sidestart|p2: uphaze|move: Stealth Rock
|
|-heal|p1a: Landorus-Therian|38\/382|[from] item: Leftovers
|turn|20
|
|move|p1a: Landorus-Therian|Earthquake|p2a: Alomomola
|-crit|p2a: Alomomola
|-damage|p2a: Alomomola|263\/513
|move|p2a: Alomomola|Toxic|p1a: Landorus-Therian
|-status|p1a: Landorus-Therian|tox
|
|-heal|p1a: Landorus-Therian|61\/382 tox|[from] item: Leftovers
|-damage|p1a: Landorus-Therian|38\/382 tox|[from] psn
|turn|21
|
|move|p1a: Landorus-Therian|Stone Edge|p2a: Alomomola
|-damage|p2a: Alomomola|150\/513
|move|p2a: Alomomola|Wish|p2a: Alomomola
|
|-heal|p1a: Landorus-Therian|61\/382 tox|[from] item: Leftovers
|-damage|p1a: Landorus-Therian|15\/382 tox|[from] psn
|turn|22
|
|switch|p2a: Talonflame|Talonflame, F|240\/298
|-damage|p2a: Talonflame|91\/298|[from] Stealth Rock
|move|p1a: Landorus-Therian|Earthquake|p2a: Talonflame
|-immune|p2a: Talonflame|[msg]
|
|-heal|p2a: Talonflame|298\/298|[from] move: Wish|[wisher] Alomomola
|-heal|p1a: Landorus-Therian|38\/382 tox|[from] item: Leftovers
|-damage|p1a: Landorus-Therian|0 fnt|[from] psn
|faint|p1a: Landorus-Therian
|
|switch|p1a: Latias|Latias, F|302\/302
|-damage|p1a: Latias|265\/302|[from] Stealth Rock
|turn|23
|
|move|p2a: Talonflame|Brave Bird|p1a: Latias
|-damage|p1a: Latias|0 fnt
|-damage|p2a: Talonflame|211\/298|[from] recoil|[of] p1a: Latias
|faint|p1a: Latias
|
|
|switch|p1a: Heracross|Heracross-Mega, M|301\/301
|-damage|p1a: Heracross|264\/301|[from] Stealth Rock
|turn|24
|
|move|p2a: Talonflame|Brave Bird|p1a: Heracross
|-supereffective|p1a: Heracross
|-damage|p1a: Heracross|0 fnt
|-damage|p2a: Talonflame|124\/298|[from] recoil|[of] p1a: Heracross
|faint|p1a: Heracross
|
|
|switch|p1a: Sylveon|Sylveon, F|57\/394
|-damage|p1a: Sylveon|8\/394|[from] Stealth Rock
|turn|25
|
|move|p2a: Talonflame|Brave Bird|p1a: Sylveon
|-damage|p1a: Sylveon|0 fnt
|-damage|p2a: Talonflame|121\/298|[from] recoil|[of] p1a: Sylveon
|faint|p1a: Sylveon
|
|win|uphaze
|raw|Ladder updating...
|raw|jb champ's rating: 1683 &rarr; <strong>1666<\/strong><br \/>(-17 for losing)
|raw|uphaze's rating: 1736 &rarr; <strong>1753<\/strong><br \/>(+17 for winning)
|leave|jb champ
|player|p1