|join|Matt3333
|join|uphaze
|player|p1|Matt3333|265
|player|p2|uphaze|87
|gametype|singles
|gen|6
|tier|OU
|rated
|clearpoke
|poke|p1|Skarmory, F
|poke|p1|Sableye, M
|poke|p1|Jirachi
|poke|p1|Tyranitar, F
|poke|p1|Charizard, F
|poke|p1|Magnezone
|poke|p2|Diancie
|poke|p2|Gengar, M
|poke|p2|Kyurem-Black
|poke|p2|Scizor, M
|poke|p2|Gliscor, M
|poke|p2|Raikou
|rule|Swagger Clause: Swagger is banned
|rule|Baton Pass Clause: Limit one Pokémon knowing Baton Pass
|rule|Sleep Clause Mod: Limit one foe put to sleep
|rule|Species Clause: Limit one of each Pokémon
|rule|OHKO Clause: OHKO moves are banned
|rule|Moody Clause: Moody is banned
|rule|Evasion Moves Clause: Evasion moves are banned
|rule|Endless Battle Clause: Forcing endless battles is banned
|rule|HP Percentage Mod: HP is shown in percentages
|teampreview
|
|start
|switch|p1a: Sableye|Sableye, M|303\/303
|switch|p2a: Diancie|Diancie|241\/241
|turn|1
|
|switch|p1a: Magnezone|Magnezone|281\/281
|detailschange|p2a: Diancie|Diancie-Mega
|message|Diancie has Mega Evolved into Mega Diancie!
|move|p2a: Diancie|Earth Power|p1a: Magnezone
|-supereffective|p1a: Magnezone
|-damage|p1a: Magnezone|0 fnt
|faint|p1a: Magnezone
|
|
|switch|p1a: Jirachi|Jirachi|341\/341
|turn|2
|
|switch|p2a: Gliscor|Gliscor, M|346\/346
|move|p1a: Jirachi|Iron Head|p2a: Gliscor
|-damage|p2a: Gliscor|255\/346
|
|-status|p2a: Gliscor|tox|[from] item: Toxic Orb
|turn|3
|
|switch|p2a: Scizor|Scizor, M|344\/344
|move|p1a: Jirachi|Iron Head|p2a: Scizor
|-resisted|p2a: Scizor
|-damage|p2a: Scizor|286\/344
|
|turn|4
|
|switch|p1a: Charizard|Charizard, F|332\/332
|move|p2a: Scizor|U-turn|p1a: Charizard
|-resisted|p1a: Charizard
|-damage|p1a: Charizard|266\/332
|
|switch|p2a: Diancie|Diancie-Mega|241\/241
|
|turn|5
|
|switch|p1a: Skarmory|Skarmory, F|334\/334
|move|p2a: Diancie|Diamond Storm|p1a: Skarmory
|-damage|p1a: Skarmory|240\/334
|-boost|p2a: Diancie|def|1
|
|turn|6
|
|move|p2a: Diancie|Moonblast|p1a: Skarmory
|-resisted|p1a: Skarmory
|-damage|p1a: Skarmory|99\/334
|-unboost|p1a: Skarmory|spa|1
|move|p1a: Skarmory|Stealth Rock|p2a: Diancie
|move|p2a: Diancie|Stealth Rock|p1a: Skarmory|[from]Magic Bounce
|-sidestart|p1: Matt3333|move: Stealth Rock
|
|turn|7
|-message|Matt3333 forfeited.
|
|win|uphaze
|raw|Ladder updating...
|leave|Matt3333
|player|p1
|raw|Matt3333's rating: 1335 &rarr; <strong>1316<\/strong><br \/>(-19 for losing)
|raw|uphaze's rating: 1354 &rarr; <strong>1373<\/strong><br \/>(+19 for winning)