|join|uphaze
|join|Hime4Daze
|player|p1|uphaze|87
|player|p2|Hime4Daze|34
|gametype|singles
|gen|6
|tier|OU
|rated
|clearpoke
|poke|p1|Diancie
|poke|p1|Gengar, F
|poke|p1|Kyurem-Black
|poke|p1|Scizor, M
|poke|p1|Gliscor, F
|poke|p1|Raikou
|poke|p2|Garchomp, F
|poke|p2|Greninja, F
|poke|p2|Metagross
|poke|p2|Bisharp, F
|poke|p2|Thundurus-Therian, M
|poke|p2|Landorus-Therian, M
|rule|Swagger Clause: Swagger is banned
|rule|Baton Pass Clause: Limit one Pokémon knowing Baton Pass
|rule|Sleep Clause Mod: Limit one foe put to sleep
|rule|Species Clause: Limit one of each Pokémon
|rule|OHKO Clause: OHKO moves are banned
|rule|Moody Clause: Moody is banned
|rule|Evasion Moves Clause: Evasion moves are banned
|rule|Endless Battle Clause: Forcing endless battles is banned
|rule|HP Percentage Mod: HP is shown in percentages
|teampreview
|
|start
|switch|p1a: Diancie|Diancie|241\/241
|switch|p2a: Garchomp|Garchomp, F|357\/357
|turn|1
|
|switch|p2a: Metagross|Metagross|301\/301
|detailschange|p1a: Diancie|Diancie-Mega
|message|Diancie has Mega Evolved into Mega Diancie!
|move|p1a: Diancie|Protect|p1a: Diancie
|-fail|p1a: Diancie
|
|turn|2
|
|switch|p1a: Scizor|Scizor, M|344\/344
|detailschange|p2a: Metagross|Metagross-Mega
|message|Metagross has Mega Evolved into Mega Metagross!
|move|p2a: Metagross|Meteor Mash|p1a: Scizor
|-resisted|p1a: Scizor
|-damage|p1a: Scizor|227\/344
|
|turn|3
|
|switch|p2a: Thundurus-Therian|Thundurus-Therian, M|300\/300
|move|p1a: Scizor|U-turn|p2a: Thundurus-Therian
|-resisted|p2a: Thundurus-Therian
|-damage|p2a: Thundurus-Therian|158\/300
|
|switch|p1a: Raikou|Raikou|322\/322
|-ability|p1a: Raikou|Pressure
|
|turn|4
|
|switch|p2a: Metagross|Metagross-Mega|301\/301
|move|p1a: Raikou|Hidden Power|p2a: Metagross
|-resisted|p2a: Metagross
|-damage|p2a: Metagross|269\/301
|
|turn|5
|
|move|p1a: Raikou|Shadow Ball|p2a: Metagross
|-supereffective|p2a: Metagross
|-damage|p2a: Metagross|113\/301
|move|p2a: Metagross|Meteor Mash|p1a: Raikou
|-resisted|p1a: Raikou
|-damage|p1a: Raikou|179\/322
|
|turn|6
|
|switch|p2a: Landorus-Therian|Landorus-Therian, M|325\/325
|-ability|p2a: Landorus-Therian|Intimidate|[of] p1a: Raikou
|-unboost|p1a: Raikou|atk|1
|move|p1a: Raikou|Volt Switch|p2a: Landorus-Therian
|-immune|p2a: Landorus-Therian|[msg]
|
|turn|7
|
|move|p2a: Landorus-Therian|U-turn|p1a: Raikou
|-damage|p1a: Raikou|63\/322
|
|switch|p2a: Thundurus-Therian|Thundurus-Therian, M|158\/300
|move|p1a: Raikou|Volt Switch|p2a: Thundurus-Therian
|-heal|p2a: Thundurus-Therian|233\/300|[from] ability: Volt Absorb|[of] p1a: Raikou
|
|turn|8
|c|★uphaze|LOLZ
|
|move|p2a: Thundurus-Therian|Focus Blast|p1a: Raikou|[miss]
|-miss|p2a: Thundurus-Therian|p1a: Raikou
|move|p1a: Raikou|Volt Switch|p2a: Thundurus-Therian
|-heal|p2a: Thundurus-Therian|300\/300|[from] ability: Volt Absorb|[of] p1a: Raikou
|
|turn|9
|
|move|p2a: Thundurus-Therian|Focus Blast|p1a: Raikou
|-damage|p1a: Raikou|0 fnt
|faint|p1a: Raikou
|
|
|switch|p1a: Gliscor|Gliscor, F|343\/343
|turn|10
|
|switch|p2a: Bisharp|Bisharp, F|271\/271
|move|p1a: Gliscor|Stealth Rock|p2a: Bisharp
|-sidestart|p2: Hime4Daze|move: Stealth Rock
|
|-status|p1a: Gliscor|tox|[from] item: Toxic Orb
|turn|11
|
|switch|p2a: Thundurus-Therian|Thundurus-Therian, M|300\/300
|-damage|p2a: Thundurus-Therian|225\/300|[from] Stealth Rock
|move|p1a: Gliscor|Earthquake|p2a: Thundurus-Therian
|-immune|p2a: Thundurus-Therian|[msg]
|
|turn|12
|
|switch|p1a: Scizor|Scizor, M|227\/344
|move|p2a: Thundurus-Therian|Volt Switch|p1a: Scizor
|-damage|p1a: Scizor|74\/344
|
|switch|p2a: Garchomp|Garchomp, F|357\/357
|-damage|p2a: Garchomp|335\/357|[from] Stealth Rock
|
|turn|13
|
|switch|p1a: Diancie|Diancie-Mega|241\/241
|move|p2a: Garchomp|Stealth Rock|p1a: Diancie
|move|p1a: Diancie|Stealth Rock|p2a: Garchomp|[from]Magic Bounce
|-fail|p2a: Garchomp
|
|turn|14
|
|move|p1a: Diancie|Moonblast|p2a: Garchomp
|-supereffective|p2a: Garchomp
|-damage|p2a: Garchomp|0 fnt
|faint|p2a: Garchomp
|
|
|switch|p2a: Greninja|Greninja, F|286\/286
|-damage|p2a: Greninja|251\/286|[from] Stealth Rock
|turn|15
|
|switch|p1a: Scizor|Scizor, M|74\/344
|move|p2a: Greninja|Hydro Pump|p1a: Scizor
|-start|p2a: Greninja|typechange|Water|[from] Protean
|-damage|p1a: Scizor|0 fnt
|-damage|p2a: Greninja|223\/286|[from] item: Life Orb
|faint|p1a: Scizor
|
|
|switch|p1a: Kyurem-Black|Kyurem-Black|391\/391
|-ability|p1a: Kyurem-Black|Teravolt
|turn|16
|
|switch|p2a: Landorus-Therian|Landorus-Therian, M|325\/325
|-damage|p2a: Landorus-Therian|285\/325|[from] Stealth Rock
|-ability|p2a: Landorus-Therian|Intimidate|[of] p1a: Kyurem-Black
|-unboost|p1a: Kyurem-Black|atk|1
|move|p1a: Kyurem-Black|Ice Beam|p2a: Landorus-Therian
|-supereffective|p2a: Landorus-Therian
|-damage|p2a: Landorus-Therian|0 fnt
|-damage|p1a: Kyurem-Black|352\/391|[from] item: Life Orb
|faint|p2a: Landorus-Therian
|
|
|switch|p2a: Metagross|Metagross-Mega|113\/301
|-damage|p2a: Metagross|95\/301|[from] Stealth Rock
|turn|17
|
|switch|p1a: Gliscor|Gliscor, F|343\/343 tox
|move|p2a: Metagross|Meteor Mash|p1a: Gliscor
|-damage|p1a: Gliscor|186\/343 tox
|
|-heal|p1a: Gliscor|228\/343 tox|[from] ability: Poison Heal
|turn|18
|
|move|p2a: Metagross|Meteor Mash|p1a: Gliscor
|-damage|p1a: Gliscor|86\/343 tox
|move|p1a: Gliscor|Stone Edge|p2a: Metagross
|-resisted|p2a: Metagross
|-damage|p2a: Metagross|61\/301
|
|-heal|p1a: Gliscor|128\/343 tox|[from] ability: Poison Heal
|turn|19
|c|★uphaze|..................;
|
|switch|p2a: Thundurus-Therian|Thundurus-Therian, M|225\/300
|-damage|p2a: Thundurus-Therian|150\/300|[from] Stealth Rock
|move|p1a: Gliscor|Earthquake|p2a: Thundurus-Therian
|-immune|p2a: Thundurus-Therian|[msg]
|
|-heal|p1a: Gliscor|170\/343 tox|[from] ability: Poison Heal
|turn|20
|
|move|p2a: Thundurus-Therian|Hidden Power|p1a: Gliscor
|-supereffective|p1a: Gliscor
|-damage|p1a: Gliscor|0 fnt
|faint|p1a: Gliscor
|
|
|switch|p1a: Gengar|Gengar, F|262\/262
|turn|21
|
|switch|p2a: Bisharp|Bisharp, F|271\/271
|-damage|p2a: Bisharp|255\/271|[from] Stealth Rock
|move|p1a: Gengar|Giga Drain|p2a: Bisharp
|-resisted|p2a: Bisharp
|-damage|p2a: Bisharp|178\/271
|-damage|p1a: Gengar|236\/262|[from] item: Life Orb
|
|turn|22
|
|switch|p1a: Diancie|Diancie-Mega|241\/241
|move|p2a: Bisharp|Knock Off|p1a: Diancie
|-resisted|p1a: Diancie
|-damage|p1a: Diancie|170\/241
|-damage|p2a: Bisharp|151\/271|[from] item: Life Orb
|
|turn|23
|
|move|p1a: Diancie|Moonblast|p2a: Bisharp
|-damage|p2a: Bisharp|0 fnt
|faint|p2a: Bisharp
|
|
|switch|p2a: Greninja|Greninja, F|223\/286
|-damage|p2a: Greninja|188\/286|[from] Stealth Rock
|turn|24
|
|move|p2a: Greninja|Hydro Pump|p1a: Diancie
|-start|p2a: Greninja|typechange|Water|[from] Protean
|-supereffective|p1a: Diancie
|-damage|p1a: Diancie|0 fnt
|-damage|p2a: Greninja|160\/286|[from] item: Life Orb
|faint|p1a: Diancie
|
|
|switch|p1a: Kyurem-Black|Kyurem-Black|352\/391
|-ability|p1a: Kyurem-Black|Teravolt
|turn|25
|
|switch|p2a: Thundurus-Therian|Thundurus-Therian, M|150\/300
|-damage|p2a: Thundurus-Therian|75\/300|[from] Stealth Rock
|move|p1a: Kyurem-Black|Ice Beam|p2a: Thundurus-Therian
|-supereffective|p2a: Thundurus-Therian
|-damage|p2a: Thundurus-Therian|0 fnt
|-damage|p1a: Kyurem-Black|313\/391|[from] item: Life Orb
|faint|p2a: Thundurus-Therian
|
|
|switch|p2a: Metagross|Metagross-Mega|61\/301
|-damage|p2a: Metagross|43\/301|[from] Stealth Rock
|turn|26
|
|switch|p1a: Gengar|Gengar, F|236\/262
|move|p2a: Metagross|Meteor Mash|p1a: Gengar|[miss]
|-miss|p2a: Metagross|p1a: Gengar
|
|turn|27
|
|move|p1a: Gengar|Shadow Ball|p2a: Metagross
|-supereffective|p2a: Metagross
|-damage|p2a: Metagross|0 fnt
|-damage|p1a: Gengar|210\/262|[from] item: Life Orb
|faint|p2a: Metagross
|
|
|switch|p2a: Greninja|Greninja, F|160\/286
|-damage|p2a: Greninja|125\/286|[from] Stealth Rock
|turn|28
|
|move|p2a: Greninja|Hydro Pump|p1a: Gengar
|-start|p2a: Greninja|typechange|Water|[from] Protean
|-damage|p1a: Gengar|0 fnt
|-damage|p2a: Greninja|97\/286|[from] item: Life Orb
|faint|p1a: Gengar
|
|
|switch|p1a: Kyurem-Black|Kyurem-Black|313\/391
|-ability|p1a: Kyurem-Black|Teravolt
|turn|29
|
|move|p2a: Greninja|Ice Beam|p1a: Kyurem-Black
|-start|p2a: Greninja|typechange|Ice|[from] Protean
|-damage|p1a: Kyurem-Black|109\/391
|-damage|p2a: Greninja|69\/286|[from] item: Life Orb
|move|p1a: Kyurem-Black|Fusion Bolt|p2a: Greninja
|-damage|p2a: Greninja|0 fnt
|-damage|p1a: Kyurem-Black|70\/391|[from] item: Life Orb
|faint|p2a: Greninja
|
|win|uphaze
|raw|Ladder updating...
|leave|Hime4Daze
|player|p2