|join|uphaze
|join|sdrgdsf
|player|p1|uphaze|87
|player|p2|sdrgdsf|169
|gametype|singles
|gen|6
|tier|OU
|rated
|clearpoke
|poke|p1|Diancie
|poke|p1|Gengar, F
|poke|p1|Kyurem-Black
|poke|p1|Scizor, F
|poke|p1|Gliscor, M
|poke|p1|Raikou
|poke|p2|Tyranitar, F
|poke|p2|Greninja, M
|poke|p2|Landorus-Therian, M
|poke|p2|Magnezone
|poke|p2|Beedrill, F
|poke|p2|Conkeldurr, M
|rule|Swagger Clause: Swagger is banned
|rule|Baton Pass Clause: Limit one Pokémon knowing Baton Pass
|rule|Sleep Clause Mod: Limit one foe put to sleep
|rule|Species Clause: Limit one of each Pokémon
|rule|OHKO Clause: OHKO moves are banned
|rule|Moody Clause: Moody is banned
|rule|Evasion Moves Clause: Evasion moves are banned
|rule|Endless Battle Clause: Forcing endless battles is banned
|rule|HP Percentage Mod: HP is shown in percentages
|teampreview
|
|start
|switch|p1a: Diancie|Diancie|241\/241
|switch|p2a: Landorus-Therian|Landorus-Therian, M|382\/382
|-ability|p2a: Landorus-Therian|Intimidate|[of] p1a: Diancie
|-fail|p1a: Diancie|unboost|[from] ability: Clear Body|[of] p1a: Diancie
|turn|1
|
|detailschange|p1a: Diancie|Diancie-Mega
|message|Diancie has Mega Evolved into Mega Diancie!
|move|p1a: Diancie|Protect|p1a: Diancie
|-singleturn|p1a: Diancie|Protect
|move|p2a: Landorus-Therian|Earthquake|p1a: Diancie
|-activate|p1a: Diancie|Protect
|
|turn|2
|
|switch|p1a: Gliscor|Gliscor, M|343\/343
|move|p2a: Landorus-Therian|Stealth Rock|p1a: Gliscor
|-sidestart|p1: uphaze|move: Stealth Rock
|
|-status|p1a: Gliscor|tox|[from] item: Toxic Orb
|turn|3
|
|move|p1a: Gliscor|Stealth Rock|p2a: Landorus-Therian
|-sidestart|p2: sdrgdsf|move: Stealth Rock
|move|p2a: Landorus-Therian|U-turn|p1a: Gliscor
|-resisted|p1a: Gliscor
|-damage|p1a: Gliscor|320\/343 tox
|
|switch|p2a: Greninja|Greninja, M|285\/285
|-damage|p2a: Greninja|250\/285|[from] Stealth Rock
|
|-heal|p1a: Gliscor|343\/343 tox|[from] ability: Poison Heal
|turn|4
|
|switch|p1a: Raikou|Raikou|322\/322
|-damage|p1a: Raikou|282\/322|[from] Stealth Rock
|-ability|p1a: Raikou|Pressure
|move|p2a: Greninja|U-turn|p1a: Raikou
|-start|p2a: Greninja|typechange|Bug|[from] Protean
|-damage|p1a: Raikou|118\/322
|-damage|p2a: Greninja|222\/285|[from] item: Life Orb
|
|switch|p2a: Conkeldurr|Conkeldurr, M|351\/351
|-damage|p2a: Conkeldurr|330\/351|[from] Stealth Rock
|
|turn|5
|
|move|p1a: Raikou|Volt Switch|p2a: Conkeldurr
|-crit|p2a: Conkeldurr
|-damage|p2a: Conkeldurr|153\/351
|
|switch|p1a: Diancie|Diancie-Mega|241\/241
|-damage|p1a: Diancie|211\/241|[from] Stealth Rock
|move|p2a: Conkeldurr|Knock Off|p1a: Diancie
|-resisted|p1a: Diancie
|-damage|p1a: Diancie|171\/241
|
|turn|6
|
|move|p1a: Diancie|Earth Power|p2a: Conkeldurr
|-damage|p2a: Conkeldurr|29\/351
|move|p2a: Conkeldurr|Ice Punch|p1a: Diancie
|-damage|p1a: Diancie|83\/241
|-status|p1a: Diancie|frz
|
|turn|7
|
|cant|p1a: Diancie|frz
|move|p2a: Conkeldurr|Drain Punch|p1a: Diancie
|-damage|p1a: Diancie|0 fnt
|-heal|p2a: Conkeldurr|71\/351|[from] drain|[of] p1a: Diancie
|faint|p1a: Diancie
|
|
|switch|p1a: Gengar|Gengar, F|262\/262
|-damage|p1a: Gengar|230\/262|[from] Stealth Rock
|turn|8
|
|move|p1a: Gengar|Shadow Ball|p2a: Conkeldurr
|-damage|p2a: Conkeldurr|0 fnt
|-damage|p1a: Gengar|204\/262|[from] item: Life Orb
|faint|p2a: Conkeldurr
|
|
|switch|p2a: Beedrill|Beedrill, F|271\/271
|-damage|p2a: Beedrill|204\/271|[from] Stealth Rock
|turn|9
|
|detailschange|p2a: Beedrill|Beedrill-Mega, F
|message|Beedrill has Mega Evolved into Mega Beedrill!
|move|p2a: Beedrill|Protect|p2a: Beedrill
|-singleturn|p2a: Beedrill|Protect
|move|p1a: Gengar|Shadow Ball|p2a: Beedrill
|-activate|p2a: Beedrill|Protect
|
|turn|10
|
|switch|p1a: Gliscor|Gliscor, M|343\/343 tox
|-damage|p1a: Gliscor|301\/343 tox|[from] Stealth Rock
|move|p2a: Beedrill|U-turn|p1a: Gliscor
|-resisted|p1a: Gliscor
|-damage|p1a: Gliscor|243\/343 tox
|
|switch|p2a: Greninja|Greninja, M|222\/285
|-damage|p2a: Greninja|187\/285|[from] Stealth Rock
|
|-heal|p1a: Gliscor|285\/343 tox|[from] ability: Poison Heal
|turn|11
|
|move|p2a: Greninja|Ice Beam|p1a: Gliscor
|-start|p2a: Greninja|typechange|Ice|[from] Protean
|-supereffective|p1a: Gliscor
|-damage|p1a: Gliscor|0 fnt
|-damage|p2a: Greninja|159\/285|[from] item: Life Orb
|faint|p1a: Gliscor
|
|
|switch|p1a: Kyurem-Black|Kyurem-Black|391\/391
|-damage|p1a: Kyurem-Black|294\/391|[from] Stealth Rock
|-ability|p1a: Kyurem-Black|Teravolt
|turn|12
|
|switch|p2a: Landorus-Therian|Landorus-Therian, M|382\/382
|-damage|p2a: Landorus-Therian|335\/382|[from] Stealth Rock
|-ability|p2a: Landorus-Therian|Intimidate|[of] p1a: Kyurem-Black
|-unboost|p1a: Kyurem-Black|atk|1
|move|p1a: Kyurem-Black|Ice Beam|p2a: Landorus-Therian
|-supereffective|p2a: Landorus-Therian
|-damage|p2a: Landorus-Therian|0 fnt
|-damage|p1a: Kyurem-Black|255\/391|[from] item: Life Orb
|faint|p2a: Landorus-Therian
|
|
|switch|p2a: Beedrill|Beedrill-Mega, F|204\/271
|-damage|p2a: Beedrill|137\/271|[from] Stealth Rock
|turn|13
|
|switch|p1a: Raikou|Raikou|118\/322
|-damage|p1a: Raikou|78\/322|[from] Stealth Rock
|-ability|p1a: Raikou|Pressure
|move|p2a: Beedrill|Poison Jab|p1a: Raikou
|-damage|p1a: Raikou|0 fnt
|faint|p1a: Raikou
|
|
|switch|p1a: Scizor|Scizor, F|344\/344
|-damage|p1a: Scizor|301\/344|[from] Stealth Rock
|turn|14
|
|switch|p2a: Magnezone|Magnezone|324\/324
|-damage|p2a: Magnezone|304\/324|[from] Stealth Rock
|move|p1a: Scizor|Superpower|p2a: Magnezone
|-supereffective|p2a: Magnezone
|-damage|p2a: Magnezone|0 fnt
|-unboost|p1a: Scizor|atk|1
|-unboost|p1a: Scizor|def|1
|faint|p2a: Magnezone
|
|
|switch|p2a: Greninja|Greninja, M|159\/285
|-damage|p2a: Greninja|124\/285|[from] Stealth Rock
|turn|15
|
|switch|p1a: Gengar|Gengar, F|204\/262
|-damage|p1a: Gengar|172\/262|[from] Stealth Rock
|move|p2a: Greninja|Ice Beam|p1a: Gengar
|-start|p2a: Greninja|typechange|Ice|[from] Protean
|-damage|p1a: Gengar|0 fnt
|-damage|p2a: Greninja|96\/285|[from] item: Life Orb
|faint|p1a: Gengar
|
|
|switch|p1a: Scizor|Scizor, F|301\/344
|-damage|p1a: Scizor|258\/344|[from] Stealth Rock
|turn|16
|c|★uphaze|gg
|
|move|p2a: Greninja|Water Shuriken|p1a: Scizor
|-start|p2a: Greninja|typechange|Water|[from] Protean
|-damage|p1a: Scizor|229\/344
|-damage|p1a: Scizor|202\/344
|-hitcount|p1a: Scizor|2
|-damage|p2a: Greninja|68\/285|[from] item: Life Orb
|move|p1a: Scizor|Bullet Punch|p2a: Greninja
|-resisted|p2a: Greninja
|-damage|p2a: Greninja|0 fnt
|faint|p2a: Greninja
|
|
|switch|p2a: Tyranitar|Tyranitar, F|341\/341
|-damage|p2a: Tyranitar|299\/341|[from] Stealth Rock
|-ability|p2a: Tyranitar|Unnerve|p1: uphaze
|turn|17
|
|move|p1a: Scizor|Bullet Punch|p2a: Tyranitar
|-supereffective|p2a: Tyranitar
|-damage|p2a: Tyranitar|0 fnt
|faint|p2a: Tyranitar
|
|
|switch|p2a: Beedrill|Beedrill-Mega, F|137\/271
|-damage|p2a: Beedrill|70\/271|[from] Stealth Rock
|turn|18
|-message|sdrgdsf forfeited.
|
|win|uphaze
|raw|Ladder updating...
|leave|sdrgdsf
|player|p2