|join|Cienight
|join|gameofkings
|player|p1|Cienight|84
|player|p2|gameofkings|1
|gametype|singles
|gen|6
|tier|OU
|rated
|clearpoke
|poke|p1|Diancie
|poke|p1|Greninja, M, shiny
|poke|p1|Landorus-Therian, M
|poke|p1|Klefki, F, shiny
|poke|p1|Latios, M
|poke|p1|Keldeo-Resolute
|poke|p2|Scizor, M
|poke|p2|Keldeo-Resolute
|poke|p2|Mandibuzz, F
|poke|p2|Chansey, F
|poke|p2|Landorus-Therian, M
|poke|p2|Sylveon, M
|rule|Swagger Clause: Swagger is banned
|rule|Baton Pass Clause: Limit one Pokémon knowing Baton Pass
|rule|Sleep Clause Mod: Limit one foe put to sleep
|rule|Species Clause: Limit one of each Pokémon
|rule|OHKO Clause: OHKO moves are banned
|rule|Moody Clause: Moody is banned
|rule|Evasion Moves Clause: Evasion moves are banned
|rule|Endless Battle Clause: Forcing endless battles is banned
|rule|HP Percentage Mod: HP is shown in percentages
|teampreview
|
|start
|switch|p1a: Landorus-Therian|Landorus-Therian, M|379\/379
|switch|p2a: Keldeo-Resolute|Keldeo-Resolute|324\/324
|-ability|p1a: Landorus-Therian|Intimidate|[of] p2a: Keldeo-Resolute
|-unboost|p2a: Keldeo-Resolute|atk|1
|turn|1
|
|switch|p1a: Latios|Latios, M|309\/309
|move|p2a: Keldeo-Resolute|Scald|p1a: Latios
|-resisted|p1a: Latios
|-damage|p1a: Latios|238\/309
|
|turn|2
|
|switch|p2a: Scizor|Scizor, M|281\/281
|move|p1a: Latios|Recover|p1a: Latios
|-heal|p1a: Latios|309\/309
|
|turn|3
|
|switch|p1a: Keldeo-Resolute|Keldeo-Resolute|323\/323
|detailschange|p2a: Scizor|Scizor-Mega, M
|message|Scizor has Mega Evolved into Mega Scizor!
|move|p2a: Scizor|Knock Off|p1a: Keldeo-Resolute
|-resisted|p1a: Keldeo-Resolute
|-damage|p1a: Keldeo-Resolute|249\/323
|-boost|p1a: Keldeo-Resolute|atk|1|[from] ability: Justified
|-enditem|p1a: Keldeo-Resolute|Choice Scarf|[from] move: Knock Off|[of] p2a: Scizor
|
|turn|4
|
|switch|p1a: Landorus-Therian|Landorus-Therian, M|379\/379
|-ability|p1a: Landorus-Therian|Intimidate|[of] p2a: Scizor
|-unboost|p2a: Scizor|atk|1
|switch|p2a: Sylveon|Sylveon, M|394\/394
|
|turn|5
|
|move|p1a: Landorus-Therian|Stealth Rock|p2a: Sylveon
|-sidestart|p2: gameofkings|move: Stealth Rock
|move|p2a: Sylveon|Hyper Voice|p1a: Landorus-Therian
|-crit|p1a: Landorus-Therian
|-damage|p1a: Landorus-Therian|0 fnt
|faint|p1a: Landorus-Therian
|
|
|switch|p1a: Greninja|Greninja, M, shiny|285\/285
|turn|6
|
|switch|p2a: Scizor|Scizor-Mega, M|281\/281
|-damage|p2a: Scizor|246\/281|[from] Stealth Rock
|move|p1a: Greninja|Gunk Shot|p2a: Scizor
|-start|p1a: Greninja|typechange|Poison|[from] Protean
|-immune|p2a: Scizor|[msg]
|
|turn|7
|
|switch|p1a: Keldeo-Resolute|Keldeo-Resolute|249\/323
|switch|p2a: Chansey|Chansey, F|704\/704
|-damage|p2a: Chansey|616\/704|[from] Stealth Rock
|
|turn|8
|
|move|p1a: Keldeo-Resolute|Secret Sword|p2a: Chansey
|-supereffective|p2a: Chansey
|-damage|p2a: Chansey|208\/704
|move|p2a: Chansey|Thunder Wave|p1a: Keldeo-Resolute
|-status|p1a: Keldeo-Resolute|par
|
|turn|9
|
|move|p2a: Chansey|Soft-Boiled|p2a: Chansey
|-heal|p2a: Chansey|560\/704
|move|p1a: Keldeo-Resolute|Secret Sword|p2a: Chansey
|-supereffective|p2a: Chansey
|-damage|p2a: Chansey|134\/704
|
|turn|10
|
|move|p2a: Chansey|Soft-Boiled|p2a: Chansey
|-heal|p2a: Chansey|486\/704
|move|p1a: Keldeo-Resolute|Secret Sword|p2a: Chansey
|-supereffective|p2a: Chansey
|-damage|p2a: Chansey|60\/704
|
|turn|11
|
|move|p2a: Chansey|Soft-Boiled|p2a: Chansey
|-heal|p2a: Chansey|412\/704
|move|p1a: Keldeo-Resolute|Secret Sword|p2a: Chansey
|-supereffective|p2a: Chansey
|-damage|p2a: Chansey|44\/704
|
|turn|12
|
|move|p2a: Chansey|Soft-Boiled|p2a: Chansey
|-heal|p2a: Chansey|396\/704
|move|p1a: Keldeo-Resolute|Secret Sword|p2a: Chansey
|-supereffective|p2a: Chansey
|-damage|p2a: Chansey|0 fnt
|faint|p2a: Chansey
|
|c|★Cienight|the nice n lame fishing for a full para
|c|★gameofkings|really
|c|★gameofkings|not a single one
|c|★Cienight|quality player alert
|
|switch|p2a: Mandibuzz|Mandibuzz, F|424\/424
|-damage|p2a: Mandibuzz|318\/424|[from] Stealth Rock
|turn|13
|c|★gameofkings|I had to
|c|★Cienight|no you didnt
|c|★Cienight|you've a sylveon
|c|★gameofkings|I need chansey
|c|★gameofkings|i have nothing for diancie
|c|★gameofkings|or greninja
|c|★gameofkings|or latios
|c|★Cienight|that's why
|c|★gameofkings|shit im screwed
|c|★Cienight|you've a sylveon
|c|★Cienight|again
|
|switch|p1a: Diancie|Diancie|241\/241
|move|p2a: Mandibuzz|Defog|p1a: Diancie
|-fail|p1a: Diancie|unboost|[from] ability: Clear Body|[of] p1a: Diancie
|-sideend|p2: gameofkings|Stealth Rock|[from] move: Defog|[of] p2a: Mandibuzz
|
|-heal|p2a: Mandibuzz|344\/424|[from] item: Leftovers
|turn|14
|c|★gameofkings|my sylveon is not what you think
|
|switch|p2a: Scizor|Scizor-Mega, M|246\/281
|detailschange|p1a: Diancie|Diancie-Mega
|message|Diancie has Mega Evolved into Mega Diancie!
|move|p1a: Diancie|Moonblast|p2a: Scizor
|-resisted|p2a: Scizor
|-damage|p2a: Scizor|141\/281
|-unboost|p2a: Scizor|spa|1
|
|turn|15
|c|★Cienight|itìs specs
|c|★Cienight|it still take hits
|
|switch|p1a: Keldeo-Resolute|Keldeo-Resolute|249\/323 par
|move|p2a: Scizor|Swords Dance|p2a: Scizor
|-boost|p2a: Scizor|atk|2
|
|turn|16
|c|★gameofkings|my investmet is retarded
|c|★gameofkings|ill leave it at that
|
|move|p2a: Scizor|Superpower|p1a: Keldeo-Resolute
|-damage|p1a: Keldeo-Resolute|0 fnt
|-unboost|p2a: Scizor|atk|1
|-unboost|p2a: Scizor|def|1
|faint|p1a: Keldeo-Resolute
|
|
|switch|p1a: Greninja|Greninja, M, shiny|285\/285
|turn|17
|
|switch|p2a: Keldeo-Resolute|Keldeo-Resolute|324\/324
|move|p1a: Greninja|Dark Pulse|p2a: Keldeo-Resolute
|-start|p1a: Greninja|typechange|Dark|[from] Protean
|-resisted|p2a: Keldeo-Resolute
|-damage|p2a: Keldeo-Resolute|243\/324
|-boost|p2a: Keldeo-Resolute|atk|1|[from] ability: Justified
|-damage|p1a: Greninja|257\/285|[from] item: Life Orb
|
|-heal|p2a: Keldeo-Resolute|263\/324|[from] item: Leftovers
|turn|18
|
|switch|p1a: Latios|Latios, M|309\/309
|move|p2a: Keldeo-Resolute|Scald|p1a: Latios
|-resisted|p1a: Latios
|-damage|p1a: Latios|242\/309
|-status|p1a: Latios|brn
|
|-heal|p2a: Keldeo-Resolute|283\/324|[from] item: Leftovers
|-damage|p1a: Latios|204\/309 brn|[from] brn
|turn|19
|
|switch|p2a: Mandibuzz|Mandibuzz, F|344\/424
|move|p1a: Latios|Calm Mind|p1a: Latios
|-boost|p1a: Latios|spa|1
|-boost|p1a: Latios|spd|1
|
|-heal|p2a: Mandibuzz|370\/424|[from] item: Leftovers
|-damage|p1a: Latios|166\/309 brn|[from] brn
|turn|20
|join|angel0mike
|
|switch|p1a: Diancie|Diancie-Mega|241\/241
|switch|p2a: Sylveon|Sylveon, M|394\/394
|
|turn|21
|
|switch|p1a: Klefki|Klefki, F, shiny|304\/304
|move|p2a: Sylveon|Hidden Power|p1a: Klefki
|-supereffective|p1a: Klefki
|-damage|p1a: Klefki|168\/304
|
|-heal|p1a: Klefki|187\/304|[from] item: Leftovers
|turn|22
|
|switch|p2a: Landorus-Therian|Landorus-Therian, M|320\/320
|-ability|p2a: Landorus-Therian|Intimidate|[of] p1a: Klefki
|-unboost|p1a: Klefki|atk|1
|move|p1a: Klefki|Magnet Rise|p1a: Klefki
|-start|p1a: Klefki|Magnet Rise
|
|-heal|p1a: Klefki|206\/304|[from] item: Leftovers
|turn|23
|
|move|p1a: Klefki|Spikes|p2a: Landorus-Therian
|-sidestart|p2: gameofkings|Spikes
|move|p2a: Landorus-Therian|Knock Off|p1a: Klefki
|-resisted|p1a: Klefki
|-damage|p1a: Klefki|132\/304
|-enditem|p1a: Klefki|Leftovers|[from] move: Knock Off|[of] p2a: Landorus-Therian
|
|turn|24
|
|switch|p2a: Mandibuzz|Mandibuzz, F|370\/424
|move|p1a: Klefki|Spikes|p2a: Mandibuzz
|-sidestart|p2: gameofkings|Spikes
|
|-heal|p2a: Mandibuzz|396\/424|[from] item: Leftovers
|turn|25
|
|move|p1a: Klefki|Thunder Wave|p2a: Mandibuzz
|-status|p2a: Mandibuzz|par
|move|p2a: Mandibuzz|Defog|p1a: Klefki
|-unboost|p1a: Klefki|evasion|1
|-sideend|p2: gameofkings|Spikes|[from] move: Defog|[of] p2a: Mandibuzz
|
|-heal|p2a: Mandibuzz|422\/424 par|[from] item: Leftovers
|turn|26
|
|switch|p2a: Scizor|Scizor-Mega, M|141\/281
|move|p1a: Klefki|Spikes|p2a: Scizor
|-sidestart|p2: gameofkings|Spikes
|
|-end|p1a: Klefki|Magnet Rise
|turn|27
|
|move|p2a: Scizor|Bullet Punch|p1a: Klefki
|-damage|p1a: Klefki|8\/304
|move|p1a: Klefki|Thunder Wave|p2a: Scizor
|-status|p2a: Scizor|par
|
|turn|28
|
|move|p1a: Klefki|Spikes|p2a: Scizor
|-sidestart|p2: gameofkings|Spikes
|cant|p2a: Scizor|par
|
|turn|29
|
|switch|p1a: Greninja|Greninja, M, shiny|257\/285
|move|p2a: Scizor|Swords Dance|p2a: Scizor
|-boost|p2a: Scizor|atk|2
|
|turn|30
|
|move|p2a: Scizor|Bullet Punch|p1a: Greninja
|-crit|p1a: Greninja
|-resisted|p1a: Greninja
|-damage|p1a: Greninja|0 fnt
|faint|p1a: Greninja
|
|c| angel0mike|lol
|c|★Cienight|ofc you critg
|c|★Cienight|fking shitty players
|c|★gameofkings|you got the para
|c|★gameofkings|stfu
|-message|Cienight forfeited.
|
|win|gameofkings
|raw|Ladder updating...
|leave|Cienight
|player|p1
|raw|Cienight's rating: 1569 &rarr; <strong>1546<\/strong><br \/>(-23 for losing)
|raw|gameofkings's rating: 1511 &rarr; <strong>1534<\/strong><br \/>(+23 for winning)
|c| angel0mike|para didnt mattered
|c|★gameofkings|??
|c|★gameofkings|i would be at +4
|leave|angel0mike