|join|Escavalier
|join|Cunty Vibes
|player|p1|Escavalier|281
|player|p2|Cunty Vibes|185
|gametype|singles
|gen|6
|tier|OU
|rated
|clearpoke
|poke|p1|Politoed, F
|poke|p1|Kingdra, M
|poke|p1|Scizor, F
|poke|p1|Latias, F
|poke|p1|Seismitoad, M
|poke|p1|Mew
|poke|p2|Clefable, F
|poke|p2|Conkeldurr, M
|poke|p2|Landorus-Therian, M
|poke|p2|Chansey, F
|poke|p2|Scizor, M
|poke|p2|Alomomola, F
|rule|Swagger Clause: Swagger is banned
|rule|Baton Pass Clause: Limit one Pokémon knowing Baton Pass
|rule|Sleep Clause Mod: Limit one foe put to sleep
|rule|Species Clause: Limit one of each Pokémon
|rule|OHKO Clause: OHKO moves are banned
|rule|Moody Clause: Moody is banned
|rule|Evasion Moves Clause: Evasion moves are banned
|rule|Endless Battle Clause: Forcing endless battles is banned
|rule|HP Percentage Mod: HP is shown in percentages
|teampreview
|c|★Escavalier|not again dude
|c|★Escavalier|fm
|c|★Escavalier|fml
|
|start
|switch|p1a: Kompany|Politoed, F|364\/364
|switch|p2a: Conkeldurr|Conkeldurr, M|401\/401
|-weather|RainDance
|turn|1
|
|switch|p1a: Toure|Scizor, F|343\/343
|move|p2a: Conkeldurr|Knock Off|p1a: Toure
|-damage|p1a: Toure|274\/343
|
|-weather|RainDance|[upkeep]
|turn|2
|
|switch|p2a: Alomomola|Alomomola, F|534\/534
|detailschange|p1a: Toure|Scizor-Mega, F
|message|Scizor has Mega Evolved into Mega Scizor!
|move|p1a: Toure|Superpower|p2a: Alomomola
|-damage|p2a: Alomomola|421\/534
|-damage|p1a: Toure|217\/343|[from] item: Rocky Helmet|[of] p2a: Alomomola
|-unboost|p1a: Toure|atk|1
|-unboost|p1a: Toure|def|1
|
|-weather|RainDance|[upkeep]
|turn|3
|
|switch|p1a: Kompany|Politoed, F|364\/364
|move|p2a: Alomomola|Toxic|p1a: Kompany
|-status|p1a: Kompany|tox
|
|-weather|RainDance|[upkeep]
|-damage|p1a: Kompany|342\/364 tox|[from] psn
|turn|4
|join|plz ban the ghost
|
|move|p1a: Kompany|Hypnosis|p2a: Alomomola
|-status|p2a: Alomomola|slp
|cant|p2a: Alomomola|slp
|
|-weather|RainDance|[upkeep]
|-damage|p1a: Kompany|298\/364 tox|[from] psn
|turn|5
|
|switch|p1a: Fernandinho|Mew|404\/404
|switch|p2a: Conkeldurr|Conkeldurr, M|401\/401
|
|-weather|RainDance|[upkeep]
|turn|6
|
|switch|p1a: Toure|Scizor-Mega, F|217\/343
|move|p2a: Conkeldurr|Ice Punch|p1a: Toure
|-resisted|p1a: Toure
|-damage|p1a: Toure|184\/343
|
|-weather|RainDance|[upkeep]
|turn|7
|
|switch|p2a: Landorus-Therian|Landorus-Therian, M|382\/382
|-ability|p2a: Landorus-Therian|Intimidate|[of] p1a: Toure
|-unboost|p1a: Toure|atk|1
|move|p1a: Toure|Roost|p1a: Toure
|-heal|p1a: Toure|343\/343
|
|-weather|RainDance|[upkeep]
|turn|8
|
|switch|p1a: Dzeko|Seismitoad, M|409\/409
|move|p2a: Landorus-Therian|Stealth Rock|p1a: Dzeko
|-sidestart|p1: Escavalier|move: Stealth Rock
|
|-weather|none
|turn|9
|join|I'm Batman \('O')\/
|
|switch|p2a: Conkeldurr|Conkeldurr, M|401\/401
|move|p1a: Dzeko|Stealth Rock|p2a: Conkeldurr
|-sidestart|p2: Cunty Vibes|move: Stealth Rock
|
|turn|10
|
|switch|p1a: Toure|Scizor-Mega, F|343\/343
|-damage|p1a: Toure|301\/343|[from] Stealth Rock
|move|p2a: Conkeldurr|Drain Punch|p1a: Toure
|-damage|p1a: Toure|210\/343
|
|turn|11
|
|switch|p2a: Scizor|Scizor, M|343\/343
|-damage|p2a: Scizor|301\/343|[from] Stealth Rock
|move|p1a: Toure|Roost|p1a: Toure
|-heal|p1a: Toure|343\/343
|
|turn|12
|
|detailschange|p2a: Scizor|Scizor-Mega, M
|message|Scizor has Mega Evolved into Mega Scizor!
|move|p1a: Toure|Swords Dance|p1a: Toure
|-boost|p1a: Toure|atk|2
|move|p2a: Scizor|Defog|p1a: Toure
|-unboost|p1a: Toure|evasion|1
|-sideend|p1: Escavalier|Stealth Rock|[from] move: Defog|[of] p1a: Toure
|-sideend|p2: Cunty Vibes|Stealth Rock|[from] move: Defog|[of] p2a: Scizor
|
|turn|13
|
|switch|p2a: Landorus-Therian|Landorus-Therian, M|382\/382
|-ability|p2a: Landorus-Therian|Intimidate|[of] p1a: Toure
|-unboost|p1a: Toure|atk|1
|move|p1a: Toure|Swords Dance|p1a: Toure
|-boost|p1a: Toure|atk|2
|
|turn|14
|
|move|p1a: Toure|Bullet Punch|p2a: Landorus-Therian
|-damage|p2a: Landorus-Therian|183\/382
|move|p2a: Landorus-Therian|U-turn|p1a: Toure
|-resisted|p1a: Toure
|-damage|p1a: Toure|320\/343
|
|switch|p2a: Clefable|Clefable, F|394\/394
|
|turn|15
|
|switch|p1a: Fernandinho|Mew|404\/404
|move|p2a: Clefable|Flamethrower|p1a: Fernandinho
|-damage|p1a: Fernandinho|345\/404
|
|-heal|p1a: Fernandinho|370\/404|[from] item: Leftovers
|turn|16
|
|switch|p2a: Scizor|Scizor-Mega, M|301\/343
|move|p1a: Fernandinho|Will-O-Wisp|p2a: Scizor|[miss]
|-miss|p1a: Fernandinho|p2a: Scizor
|
|-heal|p1a: Fernandinho|395\/404|[from] item: Leftovers
|turn|17
|c|★Escavalier|zzz
|
|switch|p1a: Toure|Scizor-Mega, F|320\/343
|switch|p2a: Conkeldurr|Conkeldurr, M|401\/401
|
|turn|18
|join|Pro Test Test
|
|switch|p2a: Clefable|Clefable, F|394\/394
|move|p1a: Toure|Swords Dance|p1a: Toure
|-boost|p1a: Toure|atk|2
|
|turn|19
|
|switch|p1a: Fernandinho|Mew|395\/404
|move|p2a: Clefable|Flamethrower|p1a: Fernandinho
|-damage|p1a: Fernandinho|342\/404
|
|-heal|p1a: Fernandinho|367\/404|[from] item: Leftovers
|turn|20
|
|switch|p2a: Conkeldurr|Conkeldurr, M|401\/401
|move|p1a: Fernandinho|Will-O-Wisp|p2a: Conkeldurr
|-status|p2a: Conkeldurr|brn
|
|-heal|p1a: Fernandinho|392\/404|[from] item: Leftovers
|-damage|p2a: Conkeldurr|351\/401 brn|[from] brn
|turn|21
|
|switch|p1a: Toure|Scizor-Mega, F|320\/343
|move|p2a: Conkeldurr|Knock Off|p1a: Toure
|-damage|p1a: Toure|235\/343
|
|-damage|p2a: Conkeldurr|301\/401 brn|[from] brn
|turn|22
|join|jnn
|
|switch|p2a: Alomomola|Alomomola, F|534\/534 slp
|move|p1a: Toure|Roost|p1a: Toure
|-heal|p1a: Toure|343\/343
|
|turn|23
|
|switch|p1a: Kompany|Politoed, F|298\/364 tox
|-weather|RainDance
|switch|p2a: Clefable|Clefable, F|394\/394
|
|-weather|RainDance|[upkeep]
|-damage|p1a: Kompany|276\/364 tox|[from] psn
|turn|24
|
|switch|p2a: Chansey|Chansey, F|704\/704
|move|p1a: Kompany|Scald|p2a: Chansey
|-damage|p2a: Chansey|590\/704
|
|-weather|RainDance|[upkeep]
|-damage|p1a: Kompany|232\/364 tox|[from] psn
|turn|25
|
|switch|p1a: Dzeko|Seismitoad, M|409\/409
|move|p2a: Chansey|Wish|p2a: Chansey
|
|-weather|RainDance|[upkeep]
|turn|26
|
|move|p1a: Dzeko|Stealth Rock|p2a: Chansey
|-sidestart|p2: Cunty Vibes|move: Stealth Rock
|move|p2a: Chansey|Seismic Toss|p1a: Dzeko
|-damage|p1a: Dzeko|309\/409
|
|-weather|RainDance|[upkeep]
|-heal|p2a: Chansey|704\/704|[from] move: Wish|[wisher] Chansey
|turn|27
|
|move|p1a: Dzeko|Knock Off|p2a: Chansey
|-damage|p2a: Chansey|588\/704
|-enditem|p2a: Chansey|Eviolite|[from] move: Knock Off|[of] p1a: Dzeko
|-damage|p1a: Dzeko|269\/409|[from] item: Life Orb
|move|p2a: Chansey|Wish|p2a: Chansey
|
|-weather|RainDance|[upkeep]
|turn|28
|
|move|p1a: Dzeko|Hydro Pump|p2a: Chansey|[miss]
|-miss|p1a: Dzeko|p2a: Chansey
|move|p2a: Chansey|Seismic Toss|p1a: Dzeko
|-damage|p1a: Dzeko|169\/409
|
|-weather|RainDance|[upkeep]
|-heal|p2a: Chansey|704\/704|[from] move: Wish|[wisher] Chansey
|turn|29
|
|switch|p1a: Fernandinho|Mew|392\/404
|move|p2a: Chansey|Wish|p2a: Chansey
|
|-weather|RainDance|[upkeep]
|-heal|p1a: Fernandinho|404\/404|[from] item: Leftovers
|turn|30
|
|switch|p2a: Landorus-Therian|Landorus-Therian, M|183\/382
|-damage|p2a: Landorus-Therian|136\/382|[from] Stealth Rock
|-ability|p2a: Landorus-Therian|Intimidate|[of] p1a: Fernandinho
|-unboost|p1a: Fernandinho|atk|1
|move|p1a: Fernandinho|Taunt|p2a: Landorus-Therian
|-start|p2a: Landorus-Therian|move: Taunt
|
|-weather|none
|-heal|p2a: Landorus-Therian|382\/382|[from] move: Wish|[wisher] Chansey
|turn|31
|
|switch|p2a: Alomomola|Alomomola, F|534\/534 slp
|-damage|p2a: Alomomola|468\/534 slp|[from] Stealth Rock
|move|p1a: Fernandinho|Will-O-Wisp|p2a: Alomomola
|-fail|p2a: Alomomola
|
|turn|32
|leave|jnn
|
|move|p1a: Fernandinho|Taunt|p2a: Alomomola
|-start|p2a: Alomomola|move: Taunt
|-curestatus|p2a: Alomomola|slp
|cant|p2a: Alomomola|move: Taunt|Toxic
|
|turn|33
|
|move|p1a: Fernandinho|Knock Off|p2a: Alomomola
|-damage|p2a: Alomomola|425\/534
|-damage|p1a: Fernandinho|337\/404|[from] item: Rocky Helmet|[of] p2a: Alomomola
|-enditem|p2a: Alomomola|Rocky Helmet|[from] move: Knock Off|[of] p1a: Fernandinho
|move|p2a: Alomomola|Scald|p1a: Fernandinho
|-damage|p1a: Fernandinho|297\/404
|-status|p1a: Fernandinho|brn
|-status|p2a: Alomomola|brn
|
|-heal|p1a: Fernandinho|322\/404 brn|[from] item: Leftovers
|-damage|p1a: Fernandinho|272\/404 brn|[from] brn
|-damage|p2a: Alomomola|359\/534 brn|[from] brn
|turn|34
|
|move|p1a: Fernandinho|Knock Off|p2a: Alomomola
|-damage|p2a: Alomomola|343\/534 brn
|move|p2a: Alomomola|Scald|p1a: Fernandinho
|-crit|p1a: Fernandinho
|-damage|p1a: Fernandinho|211\/404 brn
|
|-heal|p1a: Fernandinho|236\/404 brn|[from] item: Leftovers
|-damage|p1a: Fernandinho|186\/404 brn|[from] brn
|-damage|p2a: Alomomola|277\/534 brn|[from] brn
|-end|p2a: Alomomola|move: Taunt
|turn|35
|
|switch|p2a: Conkeldurr|Conkeldurr, M|301\/401 brn
|-damage|p2a: Conkeldurr|276\/401 brn|[from] Stealth Rock
|move|p1a: Fernandinho|Taunt|p2a: Conkeldurr
|-start|p2a: Conkeldurr|move: Taunt
|
|-heal|p1a: Fernandinho|211\/404 brn|[from] item: Leftovers
|-damage|p1a: Fernandinho|161\/404 brn|[from] brn
|-damage|p2a: Conkeldurr|226\/401 brn|[from] brn
|turn|36
|
|switch|p1a: Toure|Scizor-Mega, F|343\/343
|move|p2a: Conkeldurr|Knock Off|p1a: Toure
|-damage|p1a: Toure|261\/343
|
|-damage|p2a: Conkeldurr|176\/401 brn|[from] brn
|turn|37
|
|switch|p2a: Scizor|Scizor-Mega, M|301\/343
|-damage|p2a: Scizor|259\/343|[from] Stealth Rock
|move|p1a: Toure|Swords Dance|p1a: Toure
|-boost|p1a: Toure|atk|2
|
|turn|38
|
|move|p1a: Toure|Superpower|p2a: Scizor
|-damage|p2a: Scizor|108\/343
|-unboost|p1a: Toure|atk|1
|-unboost|p1a: Toure|def|1
|move|p2a: Scizor|Defog|p1a: Toure
|-unboost|p1a: Toure|evasion|1
|-sideend|p2: Cunty Vibes|Stealth Rock|[from] move: Defog|[of] p2a: Scizor
|
|turn|39
|
|switch|p2a: Landorus-Therian|Landorus-Therian, M|382\/382
|-ability|p2a: Landorus-Therian|Intimidate|[of] p1a: Toure
|-unboost|p1a: Toure|atk|1
|move|p1a: Toure|Superpower|p2a: Landorus-Therian
|-resisted|p2a: Landorus-Therian
|-damage|p2a: Landorus-Therian|334\/382
|-unboost|p1a: Toure|atk|1
|-unboost|p1a: Toure|def|1
|
|-heal|p2a: Landorus-Therian|357\/382|[from] item: Leftovers
|turn|40
|
|switch|p1a: Aguero|Kingdra, M|298\/298
|move|p2a: Landorus-Therian|U-turn|p1a: Aguero
|-damage|p1a: Aguero|216\/298
|
|switch|p2a: Chansey|Chansey, F|704\/704
|
|turn|41
|
|switch|p1a: Fernandinho|Mew|161\/404 brn
|move|p2a: Chansey|Wish|p2a: Chansey
|
|-heal|p1a: Fernandinho|186\/404 brn|[from] item: Leftovers
|-damage|p1a: Fernandinho|136\/404 brn|[from] brn
|turn|42
|join|Chillarmy
|
|switch|p2a: Conkeldurr|Conkeldurr, M|176\/401 brn
|move|p1a: Fernandinho|Soft-Boiled|p1a: Fernandinho
|-heal|p1a: Fernandinho|338\/404 brn
|
|-heal|p2a: Conkeldurr|401\/401 brn|[from] move: Wish|[wisher] Chansey
|-heal|p1a: Fernandinho|363\/404 brn|[from] item: Leftovers
|-damage|p1a: Fernandinho|313\/404 brn|[from] brn
|-damage|p2a: Conkeldurr|351\/401 brn|[from] brn
|turn|43
|leave|I'm Batman \('O')\/
|
|switch|p1a: Toure|Scizor-Mega, F|261\/343
|move|p2a: Conkeldurr|Drain Punch|p1a: Toure
|-damage|p1a: Toure|110\/343
|-heal|p2a: Conkeldurr|401\/401 brn|[from] drain|[of] p1a: Toure
|
|-damage|p2a: Conkeldurr|351\/401 brn|[from] brn
|turn|44
|
|switch|p2a: Landorus-Therian|Landorus-Therian, M|357\/382
|-ability|p2a: Landorus-Therian|Intimidate|[of] p1a: Toure
|-unboost|p1a: Toure|atk|1
|move|p1a: Toure|Roost|p1a: Toure
|-heal|p1a: Toure|282\/343
|
|-heal|p2a: Landorus-Therian|380\/382|[from] item: Leftovers
|turn|45
|c|+Chillarmy|what the fuck
|
|move|p2a: Landorus-Therian|Stealth Rock|p1a: Toure
|-sidestart|p1: Escavalier|move: Stealth Rock
|move|p1a: Toure|Swords Dance|p1a: Toure
|-boost|p1a: Toure|atk|2
|
|-heal|p2a: Landorus-Therian|382\/382|[from] item: Leftovers
|turn|46
|
|move|p1a: Toure|Bullet Punch|p2a: Landorus-Therian
|-damage|p2a: Landorus-Therian|265\/382
|move|p2a: Landorus-Therian|U-turn|p1a: Toure
|-resisted|p1a: Toure
|-damage|p1a: Toure|260\/343
|
|switch|p2a: Clefable|Clefable, F|394\/394
|
|turn|47
|c|+Chillarmy|ur using rain offense
|c|+Chillarmy|it's turn 47
|c|+Chillarmy|and nothing's died..
|c|★Escavalier|do you know how annoying his team is
|
|switch|p1a: Fernandinho|Mew|313\/404 brn
|-damage|p1a: Fernandinho|263\/404 brn|[from] Stealth Rock
|move|p2a: Clefable|Flamethrower|p1a: Fernandinho
|-damage|p1a: Fernandinho|210\/404 brn
|
|-heal|p1a: Fernandinho|235\/404 brn|[from] item: Leftovers
|-damage|p1a: Fernandinho|185\/404 brn|[from] brn
|turn|48
|c|+Chillarmy|i can see that perfectly fine
|
|switch|p2a: Conkeldurr|Conkeldurr, M|351\/401 brn
|move|p1a: Fernandinho|Soft-Boiled|p1a: Fernandinho
|-heal|p1a: Fernandinho|387\/404 brn
|
|-heal|p1a: Fernandinho|404\/404 brn|[from] item: Leftovers
|-damage|p1a: Fernandinho|354\/404 brn|[from] brn
|-damage|p2a: Conkeldurr|301\/401 brn|[from] brn
|turn|49
|c|★Escavalier|its also
|c|★Escavalier|pretty fucking good
|
|switch|p1a: Toure|Scizor-Mega, F|260\/343
|-damage|p1a: Toure|218\/343|[from] Stealth Rock
|move|p2a: Conkeldurr|Knock Off|p1a: Toure
|-damage|p1a: Toure|143\/343
|
|-damage|p2a: Conkeldurr|251\/401 brn|[from] brn
|turn|50
|
|move|p1a: Toure|Roost|p1a: Toure
|-heal|p1a: Toure|315\/343
|move|p2a: Conkeldurr|Drain Punch|p1a: Toure
|-damage|p1a: Toure|179\/343
|-heal|p2a: Conkeldurr|319\/401 brn|[from] drain|[of] p1a: Toure
|
|-damage|p2a: Conkeldurr|269\/401 brn|[from] brn
|turn|51
|join|Shr3kt
|
|move|p1a: Toure|Roost|p1a: Toure
|-heal|p1a: Toure|343\/343
|move|p2a: Conkeldurr|Drain Punch|p1a: Toure
|-damage|p1a: Toure|208\/343
|-heal|p2a: Conkeldurr|337\/401 brn|[from] drain|[of] p1a: Toure
|
|-damage|p2a: Conkeldurr|287\/401 brn|[from] brn
|turn|52
|c|+Chillarmy|niggas don't know about
|c|+Chillarmy|throh
|c|+Chillarmy|!dt throh
|c|~|\/data-pokemon Throh
|raw|<font size="1"><font color=#585858>Dex#:<\/font> 538&nbsp;|&ThickSpace;<font color=#585858>Height:<\/font> 1.3 m&nbsp;|&ThickSpace;<font color=#585858>Weight:<\/font> 55.5 kg <em>(80 BP)<\/em>&nbsp;|&ThickSpace;<font color=#585858>Dex Colour:<\/font> Red&nbsp;|&ThickSpace;<font color=#585858>Egg Group(s):<\/font> Human-Like&nbsp;|&ThickSpace;<font color=#585858><font color=#585858>Does Not Evolve<\/font><\/font><\/font>
|c|+Chillarmy|beats mew and gives u a resttalker..
|
|switch|p2a: Clefable|Clefable, F|394\/394
|move|p1a: Toure|Roost|p1a: Toure
|-heal|p1a: Toure|343\/343
|
|turn|53
|c|+Chillarmy|also prevents that cocksucker from setting up
|
|switch|p1a: Fernandinho|Mew|354\/404 brn
|-damage|p1a: Fernandinho|304\/404 brn|[from] Stealth Rock
|move|p2a: Clefable|Flamethrower|p1a: Fernandinho
|-damage|p1a: Fernandinho|249\/404 brn
|
|-heal|p1a: Fernandinho|274\/404 brn|[from] item: Leftovers
|-damage|p1a: Fernandinho|224\/404 brn|[from] brn
|turn|54
|
|switch|p2a: Conkeldurr|Conkeldurr, M|287\/401 brn
|move|p1a: Fernandinho|Soft-Boiled|p1a: Fernandinho
|-heal|p1a: Fernandinho|404\/404 brn
|
|-damage|p1a: Fernandinho|354\/404 brn|[from] brn
|-damage|p2a: Conkeldurr|237\/401 brn|[from] brn
|turn|55
|c|★Escavalier|i need to get
|c|★Escavalier|kingdra in the game
|
|switch|p1a: Toure|Scizor-Mega, F|343\/343
|-damage|p1a: Toure|301\/343|[from] Stealth Rock
|move|p2a: Conkeldurr|Knock Off|p1a: Toure
|-damage|p1a: Toure|215\/343
|
|-damage|p2a: Conkeldurr|187\/401 brn|[from] brn
|turn|56
|
|switch|p2a: Landorus-Therian|Landorus-Therian, M|265\/382
|-ability|p2a: Landorus-Therian|Intimidate|[of] p1a: Toure
|-unboost|p1a: Toure|atk|1
|move|p1a: Toure|Superpower|p2a: Landorus-Therian
|-resisted|p2a: Landorus-Therian
|-damage|p2a: Landorus-Therian|228\/382
|-unboost|p1a: Toure|atk|1
|-unboost|p1a: Toure|def|1
|
|-heal|p2a: Landorus-Therian|251\/382|[from] item: Leftovers
|turn|57
|c|★Escavalier|it can break chansey no problem
|
|move|p2a: Landorus-Therian|Earthquake|p1a: Toure
|-damage|p1a: Toure|71\/343
|move|p1a: Toure|Roost|p1a: Toure
|-heal|p1a: Toure|243\/343
|
|-heal|p2a: Landorus-Therian|274\/382|[from] item: Leftovers
|turn|58
|
|move|p2a: Landorus-Therian|Earthquake|p1a: Toure
|-damage|p1a: Toure|87\/343
|move|p1a: Toure|Roost|p1a: Toure
|-heal|p1a: Toure|259\/343
|
|-heal|p2a: Landorus-Therian|297\/382|[from] item: Leftovers
|turn|59
|c|+Chillarmy|yes
|
|switch|p1a: Silva|Latias, F|322\/322
|-damage|p1a: Silva|282\/322|[from] Stealth Rock
|move|p2a: Landorus-Therian|Earthquake|p1a: Silva
|-immune|p1a: Silva|[msg]
|
|-heal|p2a: Landorus-Therian|320\/382|[from] item: Leftovers
|turn|60
|c|+Chillarmy|go to latias
|
|switch|p2a: Clefable|Clefable, F|394\/394
|move|p1a: Silva|Draco Meteor|p2a: Clefable
|-immune|p2a: Clefable|[msg]
|
|turn|61
|
|switch|p1a: Fernandinho|Mew|354\/404 brn
|-damage|p1a: Fernandinho|304\/404 brn|[from] Stealth Rock
|move|p2a: Clefable|Calm Mind|p2a: Clefable
|-boost|p2a: Clefable|spa|1
|-boost|p2a: Clefable|spd|1
|
|-heal|p1a: Fernandinho|329\/404 brn|[from] item: Leftovers
|-damage|p1a: Fernandinho|279\/404 brn|[from] brn
|turn|62
|join|chochoman
|
|move|p1a: Fernandinho|Taunt|p2a: Clefable
|-start|p2a: Clefable|move: Taunt
|move|p2a: Clefable|Moonblast|p1a: Fernandinho
|-damage|p1a: Fernandinho|147\/404 brn
|-unboost|p1a: Fernandinho|spa|1
|
|-heal|p1a: Fernandinho|172\/404 brn|[from] item: Leftovers
|-damage|p1a: Fernandinho|122\/404 brn|[from] brn
|turn|63
|
|move|p1a: Fernandinho|Soft-Boiled|p1a: Fernandinho
|-heal|p1a: Fernandinho|324\/404 brn
|move|p2a: Clefable|Moonblast|p1a: Fernandinho
|-damage|p1a: Fernandinho|183\/404 brn
|-unboost|p1a: Fernandinho|spa|1
|
|-heal|p1a: Fernandinho|208\/404 brn|[from] item: Leftovers
|-damage|p1a: Fernandinho|158\/404 brn|[from] brn
|turn|64
|c|+Chillarmy|gg
|
|move|p1a: Fernandinho|Soft-Boiled|p1a: Fernandinho
|-heal|p1a: Fernandinho|360\/404 brn
|move|p2a: Clefable|Moonblast|p1a: Fernandinho
|-damage|p1a: Fernandinho|221\/404 brn
|
|-heal|p1a: Fernandinho|246\/404 brn|[from] item: Leftovers
|-damage|p1a: Fernandinho|196\/404 brn|[from] brn
|-end|p2a: Clefable|move: Taunt
|turn|65
|
|move|p1a: Fernandinho|Will-O-Wisp|p2a: Clefable
|-status|p2a: Clefable|brn
|move|p2a: Clefable|Calm Mind|p2a: Clefable
|-boost|p2a: Clefable|spa|1
|-boost|p2a: Clefable|spd|1
|
|-heal|p1a: Fernandinho|221\/404 brn|[from] item: Leftovers
|-damage|p1a: Fernandinho|171\/404 brn|[from] brn
|-damage|p2a: Clefable|345\/394 brn|[from] brn
|turn|66
|
|move|p1a: Fernandinho|Soft-Boiled|p1a: Fernandinho
|-heal|p1a: Fernandinho|373\/404 brn
|move|p2a: Clefable|Moonblast|p1a: Fernandinho
|-damage|p1a: Fernandinho|199\/404 brn
|-unboost|p1a: Fernandinho|spa|1
|
|-heal|p1a: Fernandinho|224\/404 brn|[from] item: Leftovers
|-heal|p2a: Clefable|369\/394 brn|[from] item: Leftovers
|-damage|p1a: Fernandinho|174\/404 brn|[from] brn
|-damage|p2a: Clefable|320\/394 brn|[from] brn
|turn|67
|
|move|p1a: Fernandinho|Taunt|p2a: Clefable
|-start|p2a: Clefable|move: Taunt
|move|p2a: Clefable|Moonblast|p1a: Fernandinho
|-damage|p1a: Fernandinho|11\/404 brn
|-unboost|p1a: Fernandinho|spa|1
|
|-heal|p1a: Fernandinho|36\/404 brn|[from] item: Leftovers
|-heal|p2a: Clefable|344\/394 brn|[from] item: Leftovers
|-damage|p1a: Fernandinho|0 fnt|[from] brn
|-damage|p2a: Clefable|295\/394 brn|[from] brn
|faint|p1a: Fernandinho
|
|switch|p1a: Kompany|Politoed, F|232\/364 tox
|-damage|p1a: Kompany|187\/364 tox|[from] Stealth Rock
|-weather|RainDance
|turn|68
|
|move|p1a: Kompany|Scald|p2a: Clefable
|-damage|p2a: Clefable|195\/394 brn
|move|p2a: Clefable|Moonblast|p1a: Kompany
|-damage|p1a: Kompany|0 fnt
|faint|p1a: Kompany
|
|-weather|RainDance|[upkeep]
|-heal|p2a: Clefable|219\/394 brn|[from] item: Leftovers
|-damage|p2a: Clefable|170\/394 brn|[from] brn
|
|switch|p1a: Aguero|Kingdra, M|216\/298
|-damage|p1a: Aguero|179\/298|[from] Stealth Rock
|turn|69
|
|move|p1a: Aguero|Hydro Pump|p2a: Clefable|[miss]
|-miss|p1a: Aguero|p2a: Clefable
|move|p2a: Clefable|Moonblast|p1a: Aguero
|-supereffective|p1a: Aguero
|-damage|p1a: Aguero|0 fnt
|faint|p1a: Aguero
|
|-weather|RainDance|[upkeep]
|-heal|p2a: Clefable|194\/394 brn|[from] item: Leftovers
|-damage|p2a: Clefable|145\/394 brn|[from] brn
|-end|p2a: Clefable|move: Taunt
|c| Pro Test Test|lol
|c|★Escavalier|gg dude
|c|★Cunty Vibes|ah sorry bro
|c|★Cunty Vibes|gg
|
|switch|p1a: Toure|Scizor-Mega, F|259\/343
|-damage|p1a: Toure|217\/343|[from] Stealth Rock
|turn|70
|
|move|p1a: Toure|Bullet Punch|p2a: Clefable
|-supereffective|p2a: Clefable
|-damage|p2a: Clefable|0 fnt
|faint|p2a: Clefable
|
|-weather|RainDance|[upkeep]
|
|switch|p2a: Alomomola|Alomomola, F|455\/534 brn
|turn|71
|
|switch|p1a: Silva|Latias, F|282\/322
|-damage|p1a: Silva|242\/322|[from] Stealth Rock
|move|p2a: Alomomola|Scald|p1a: Silva
|-resisted|p1a: Silva
|-damage|p1a: Silva|212\/322
|
|-weather|RainDance|[upkeep]
|-damage|p2a: Alomomola|389\/534 brn|[from] brn
|turn|72
|join|daftmau5
|
|switch|p2a: Scizor|Scizor-Mega, M|108\/343
|move|p1a: Silva|Thunder|p2a: Scizor
|-damage|p2a: Scizor|0 fnt
|-damage|p1a: Silva|180\/322|[from] item: Life Orb
|faint|p2a: Scizor
|
|-weather|RainDance|[upkeep]
|
|switch|p2a: Chansey|Chansey, F|704\/704
|turn|73
|
|move|p1a: Silva|Psyshock|p2a: Chansey
|-damage|p2a: Chansey|387\/704
|-damage|p1a: Silva|148\/322|[from] item: Life Orb
|move|p2a: Chansey|Wish|p2a: Chansey
|
|-weather|RainDance|[upkeep]
|turn|74
|
|move|p1a: Silva|Roost|p1a: Silva
|-heal|p1a: Silva|309\/322
|move|p2a: Chansey|Seismic Toss|p1a: Silva
|-damage|p1a: Silva|209\/322
|
|-weather|RainDance|[upkeep]
|-heal|p2a: Chansey|704\/704|[from] move: Wish|[wisher] Chansey
|turn|75
|
|switch|p1a: Toure|Scizor-Mega, F|217\/343
|-damage|p1a: Toure|175\/343|[from] Stealth Rock
|move|p2a: Chansey|Wish|p2a: Chansey
|
|-weather|none
|turn|76
|
|switch|p2a: Landorus-Therian|Landorus-Therian, M|320\/382
|-ability|p2a: Landorus-Therian|Intimidate|[of] p1a: Toure
|-unboost|p1a: Toure|atk|1
|move|p1a: Toure|Roost|p1a: Toure
|-heal|p1a: Toure|343\/343
|
|-heal|p2a: Landorus-Therian|382\/382|[from] move: Wish|[wisher] Chansey
|turn|77
|
|switch|p2a: Alomomola|Alomomola, F|534\/534 brn
|move|p1a: Toure|Swords Dance|p1a: Toure
|-boost|p1a: Toure|atk|2
|
|-damage|p2a: Alomomola|468\/534 brn|[from] brn
|turn|78
|
|switch|p1a: Silva|Latias, F|209\/322
|-damage|p1a: Silva|169\/322|[from] Stealth Rock
|move|p2a: Alomomola|Scald|p1a: Silva
|-resisted|p1a: Silva
|-damage|p1a: Silva|151\/322
|-status|p1a: Silva|brn
|
|-damage|p1a: Silva|111\/322 brn|[from] brn
|-damage|p2a: Alomomola|402\/534 brn|[from] brn
|turn|79
|
|switch|p2a: Landorus-Therian|Landorus-Therian, M|382\/382
|-ability|p2a: Landorus-Therian|Intimidate|[of] p1a: Silva
|-unboost|p1a: Silva|atk|1
|move|p1a: Silva|Roost|p1a: Silva
|-heal|p1a: Silva|272\/322 brn
|
|-damage|p1a: Silva|232\/322 brn|[from] brn
|turn|80
|
|switch|p1a: Toure|Scizor-Mega, F|343\/343
|-damage|p1a: Toure|301\/343|[from] Stealth Rock
|switch|p2a: Chansey|Chansey, F|704\/704
|
|turn|81
|
|switch|p2a: Alomomola|Alomomola, F|534\/534 brn
|move|p1a: Toure|Swords Dance|p1a: Toure
|-boost|p1a: Toure|atk|2
|
|-damage|p2a: Alomomola|468\/534 brn|[from] brn
|turn|82
|c| daftmau5|just go for it
|
|switch|p1a: Silva|Latias, F|232\/322 brn
|-damage|p1a: Silva|192\/322 brn|[from] Stealth Rock
|move|p2a: Alomomola|Scald|p1a: Silva
|-resisted|p1a: Silva
|-damage|p1a: Silva|174\/322 brn
|
|-damage|p1a: Silva|134\/322 brn|[from] brn
|-damage|p2a: Alomomola|402\/534 brn|[from] brn
|turn|83
|c|★Escavalier|no
|
|switch|p2a: Chansey|Chansey, F|704\/704
|move|p1a: Silva|Roost|p1a: Silva
|-heal|p1a: Silva|295\/322 brn
|
|-damage|p1a: Silva|255\/322 brn|[from] brn
|turn|84
|
|switch|p1a: Toure|Scizor-Mega, F|301\/343
|-damage|p1a: Toure|259\/343|[from] Stealth Rock
|move|p2a: Chansey|Wish|p2a: Chansey
|
|turn|85
|leave|Pro Test Test
|c| daftmau5|it's just a ladder game dewd
|
|switch|p2a: Alomomola|Alomomola, F|534\/534 brn
|move|p1a: Toure|Swords Dance|p1a: Toure
|-boost|p1a: Toure|atk|2
|
|-damage|p2a: Alomomola|468\/534 brn|[from] brn
|turn|86
|c|★Escavalier|yeah i kinda want to win
|
|switch|p1a: Dzeko|Seismitoad, M|169\/409
|-damage|p1a: Dzeko|144\/409|[from] Stealth Rock
|move|p2a: Alomomola|Scald|p1a: Dzeko
|-damage|p1a: Dzeko|83\/409
|
|-damage|p2a: Alomomola|402\/534 brn|[from] brn
|turn|87
|
|move|p1a: Dzeko|Stealth Rock|p2a: Alomomola
|-sidestart|p2: Cunty Vibes|move: Stealth Rock
|move|p2a: Alomomola|Toxic|p1a: Dzeko
|-status|p1a: Dzeko|tox
|
|-damage|p1a: Dzeko|58\/409 tox|[from] psn
|-damage|p2a: Alomomola|336\/534 brn|[from] brn
|turn|88
|
|move|p1a: Dzeko|Hydro Pump|p2a: Alomomola
|-crit|p2a: Alomomola
|-resisted|p2a: Alomomola
|-damage|p2a: Alomomola|67\/534 brn
|-damage|p1a: Dzeko|18\/409 tox|[from] item: Life Orb
|move|p2a: Alomomola|Wish|p2a: Alomomola
|
|-damage|p1a: Dzeko|0 fnt|[from] psn
|-damage|p2a: Alomomola|1\/534 brn|[from] brn
|faint|p1a: Dzeko
|c|★Escavalier|NOOO
|
|switch|p1a: Toure|Scizor-Mega, F|259\/343
|-damage|p1a: Toure|217\/343|[from] Stealth Rock
|turn|89
|join|Blue Alligator
|
|switch|p2a: Conkeldurr|Conkeldurr, M|187\/401 brn
|-damage|p2a: Conkeldurr|162\/401 brn|[from] Stealth Rock
|move|p1a: Toure|Bullet Punch|p2a: Conkeldurr
|-damage|p2a: Conkeldurr|48\/401 brn
|
|-heal|p2a: Conkeldurr|315\/401 brn|[from] move: Wish|[wisher] Alomomola
|-damage|p2a: Conkeldurr|265\/401 brn|[from] brn
|turn|90
|leave|Blue Alligator
|
|move|p1a: Toure|Roost|p1a: Toure
|-heal|p1a: Toure|343\/343
|move|p2a: Conkeldurr|Drain Punch|p1a: Toure
|-damage|p1a: Toure|198\/343
|-heal|p2a: Conkeldurr|338\/401 brn|[from] drain|[of] p1a: Toure
|
|-damage|p2a: Conkeldurr|288\/401 brn|[from] brn
|turn|91
|c| daftmau5|not enough fire punch conks
|
|switch|p1a: Silva|Latias, F|255\/322 brn
|-damage|p1a: Silva|215\/322 brn|[from] Stealth Rock
|move|p2a: Conkeldurr|Drain Punch|p1a: Silva
|-resisted|p1a: Silva
|-damage|p1a: Silva|86\/322 brn
|-heal|p2a: Conkeldurr|353\/401 brn|[from] drain|[of] p1a: Silva
|
|-damage|p1a: Silva|46\/322 brn|[from] brn
|-damage|p2a: Conkeldurr|303\/401 brn|[from] brn
|turn|92
|
|move|p2a: Conkeldurr|Mach Punch|p1a: Silva
|-resisted|p1a: Silva
|-damage|p1a: Silva|0 fnt
|faint|p1a: Silva
|
|-damage|p2a: Conkeldurr|253\/401 brn|[from] brn
|
|switch|p1a: Toure|Scizor-Mega, F|198\/343
|-damage|p1a: Toure|156\/343|[from] Stealth Rock
|turn|93
|
|move|p1a: Toure|Roost|p1a: Toure
|-heal|p1a: Toure|328\/343
|move|p2a: Conkeldurr|Drain Punch|p1a: Toure
|-damage|p1a: Toure|184\/343
|-heal|p2a: Conkeldurr|325\/401 brn|[from] drain|[of] p1a: Toure
|
|-damage|p2a: Conkeldurr|275\/401 brn|[from] brn
|turn|94
|
|move|p1a: Toure|Roost|p1a: Toure
|-heal|p1a: Toure|343\/343
|move|p2a: Conkeldurr|Drain Punch|p1a: Toure
|-damage|p1a: Toure|198\/343
|-heal|p2a: Conkeldurr|348\/401 brn|[from] drain|[of] p1a: Toure
|
|-damage|p2a: Conkeldurr|298\/401 brn|[from] brn
|turn|95
|
|move|p1a: Toure|Swords Dance|p1a: Toure
|-boost|p1a: Toure|atk|2
|move|p2a: Conkeldurr|Drain Punch|p1a: Toure
|-damage|p1a: Toure|60\/343
|-heal|p2a: Conkeldurr|367\/401 brn|[from] drain|[of] p1a: Toure
|
|-damage|p2a: Conkeldurr|317\/401 brn|[from] brn
|turn|96
|
|move|p1a: Toure|Bullet Punch|p2a: Conkeldurr
|-damage|p2a: Conkeldurr|122\/401 brn
|move|p2a: Conkeldurr|Mach Punch|p1a: Toure
|-damage|p1a: Toure|0 fnt
|faint|p1a: Toure
|
|win|Cunty Vibes
|raw|Ladder updating...
|raw|Escavalier's rating: 1965 &rarr; <strong>1943<\/strong><br \/>(-22 for losing)
|raw|Cunty Vibes's rating: 1934 &rarr; <strong>1955<\/strong><br \/>(+21 for winning)
|c|★Cunty Vibes|gg
|leave|Cunty Vibes
|player|p2
|c|★Escavalier|omfg
|c|★Escavalier|back to square 1
|c|★Escavalier|i hate his fucking team
|leave|Escavalier
|player|p1
|leave|daftmau5