|join|Cunty Vibes
|join|So Threatening
|player|p1|Cunty Vibes|185
|player|p2|So Threatening|233
|gametype|singles
|gen|6
|tier|OU
|rated
|clearpoke
|poke|p1|Clefable, M
|poke|p1|Conkeldurr, M
|poke|p1|Landorus-Therian, M
|poke|p1|Chansey, F
|poke|p1|Scizor, M
|poke|p1|Alomomola, F
|poke|p2|Medicham, M
|poke|p2|Heatran, M
|poke|p2|Thundurus, M
|poke|p2|Landorus-Therian, M
|poke|p2|Latios, M
|poke|p2|Azumarill, F
|rule|Swagger Clause: Swagger is banned
|rule|Baton Pass Clause: Limit one Pokémon knowing Baton Pass
|rule|Sleep Clause Mod: Limit one foe put to sleep
|rule|Species Clause: Limit one of each Pokémon
|rule|OHKO Clause: OHKO moves are banned
|rule|Moody Clause: Moody is banned
|rule|Evasion Moves Clause: Evasion moves are banned
|rule|Endless Battle Clause: Forcing endless battles is banned
|rule|HP Percentage Mod: HP is reported as percentages
|teampreview
|
|start
|switch|p1a: Alomomola|Alomomola, F|534\/534
|switch|p2a: Medicham|Medicham, M|261\/261
|turn|1
|
|detailschange|p2a: Medicham|Medicham-Mega, M
|message|Medicham has Mega Evolved into Mega Medicham!
|move|p2a: Medicham|Fake Out|p1a: Alomomola
|-damage|p1a: Alomomola|460\/534
|-damage|p2a: Medicham|218\/261|[from] item: Rocky Helmet|[of] p1a: Alomomola
|cant|p1a: Alomomola|flinch
|
|turn|2
|
|switch|p2a: Thundurus|Thundurus, M|299\/299
|switch|p1a: Landorus-Therian|Landorus-Therian, M|382\/382
|-ability|p1a: Landorus-Therian|Intimidate|[of] p2a: Thundurus
|-unboost|p2a: Thundurus|atk|1
|
|turn|3
|
|switch|p1a: Conkeldurr|Conkeldurr, M|401\/401
|move|p2a: Thundurus|Hidden Power|p1a: Conkeldurr
|-damage|p1a: Conkeldurr|344\/401
|
|turn|4
|
|switch|p2a: Azumarill|Azumarill, F|345\/345
|move|p1a: Conkeldurr|Knock Off|p2a: Azumarill
|-resisted|p2a: Azumarill
|-damage|p2a: Azumarill|268\/345
|-enditem|p2a: Azumarill|Assault Vest|[from] move: Knock Off|[of] p1a: Conkeldurr
|
|turn|5
|
|switch|p1a: Alomomola|Alomomola, F|534\/534
|move|p2a: Azumarill|Knock Off|p1a: Alomomola
|-damage|p1a: Alomomola|423\/534
|-damage|p2a: Azumarill|211\/345|[from] item: Rocky Helmet|[of] p1a: Alomomola
|-enditem|p1a: Alomomola|Rocky Helmet|[from] move: Knock Off|[of] p2a: Azumarill
|
|turn|6
|
|switch|p2a: Landorus-Therian|Landorus-Therian, M|320\/320
|-ability|p2a: Landorus-Therian|Intimidate|[of] p1a: Alomomola
|-unboost|p1a: Alomomola|atk|1
|move|p1a: Alomomola|Scald|p2a: Landorus-Therian
|-supereffective|p2a: Landorus-Therian
|-damage|p2a: Landorus-Therian|218\/320
|-status|p2a: Landorus-Therian|brn
|
|-damage|p2a: Landorus-Therian|178\/320 brn|[from] brn
|turn|7
|-message|So Threatening forfeited.
|
|win|Cunty Vibes
|raw|Ladder updating...
|leave|So Threatening
|player|p2
|raw|Cunty Vibes's rating: 1832 &rarr; <strong>1848<\/strong><br \/>(+16 for winning)
|raw|So Threatening's rating: 1760 &rarr; <strong>1744<\/strong><br \/>(-16 for losing)