|join|Cunty Vibes
|join|Subway Boss
|player|p1|Cunty Vibes|185
|player|p2|Subway Boss|256
|gametype|singles
|gen|6
|tier|OU
|rated
|clearpoke
|poke|p1|Clefable, M
|poke|p1|Conkeldurr, F
|poke|p1|Landorus-Therian, M
|poke|p1|Chansey, F
|poke|p1|Scizor, F
|poke|p1|Alomomola, F
|poke|p2|Shuckle, F
|poke|p2|Heracross, M
|poke|p2|Bisharp, M
|poke|p2|Mamoswine, M
|poke|p2|Rotom-Wash
|poke|p2|Gengar, M
|rule|Swagger Clause: Swagger is banned
|rule|Baton Pass Clause: Limit one Pokémon knowing Baton Pass
|rule|Sleep Clause Mod: Limit one foe put to sleep
|rule|Species Clause: Limit one of each Pokémon
|rule|OHKO Clause: OHKO moves are banned
|rule|Moody Clause: Moody is banned
|rule|Evasion Moves Clause: Evasion moves are banned
|rule|Endless Battle Clause: Forcing endless battles is banned
|rule|HP Percentage Mod: HP is shown in percentages
|teampreview
|
|start
|switch|p1a: Alomomola|Alomomola, F|534\/534
|switch|p2a: Gengar|Gengar, M|262\/262
|turn|1
|
|move|p2a: Gengar|Sludge Wave|p1a: Alomomola
|-damage|p1a: Alomomola|160\/534
|-damage|p2a: Gengar|236\/262|[from] item: Life Orb
|move|p1a: Alomomola|Mirror Coat|p2a: Gengar
|-damage|p2a: Gengar|0 fnt
|faint|p2a: Gengar
|
|
|switch|p2a: Heracross|Heracross, M|308\/308
|turn|2
|
|switch|p1a: Landorus-Therian|Landorus-Therian, M|382\/382
|-ability|p1a: Landorus-Therian|Intimidate|[of] p2a: Heracross
|-unboost|p2a: Heracross|atk|1
|move|p2a: Heracross|Swords Dance|p2a: Heracross
|-boost|p2a: Heracross|atk|2
|
|turn|3
|
|detailschange|p2a: Heracross|Heracross-Mega, M
|message|Heracross has Mega Evolved into Mega Heracross!
|move|p2a: Heracross|Rock Blast|p1a: Landorus-Therian
|-damage|p1a: Landorus-Therian|333\/382
|-damage|p1a: Landorus-Therian|284\/382
|-damage|p1a: Landorus-Therian|236\/382
|-damage|p1a: Landorus-Therian|187\/382
|-damage|p1a: Landorus-Therian|139\/382
|-hitcount|p1a: Landorus-Therian|5
|move|p1a: Landorus-Therian|U-turn|p2a: Heracross
|-crit|p2a: Heracross
|-resisted|p2a: Heracross
|-damage|p2a: Heracross|254\/308
|
|switch|p1a: Clefable|Clefable, M|394\/394
|
|turn|4
|
|switch|p2a: Bisharp|Bisharp, M|278\/278
|move|p1a: Clefable|Moonblast|p2a: Bisharp
|-damage|p2a: Bisharp|122\/278
|
|turn|5
|
|switch|p1a: Scizor|Scizor, F|343\/343
|move|p2a: Bisharp|Knock Off|p1a: Scizor
|-damage|p1a: Scizor|222\/343
|-damage|p2a: Bisharp|95\/278|[from] item: Life Orb
|
|turn|6
|
|switch|p2a: Rotom-Wash|Rotom-Wash|304\/304
|detailschange|p1a: Scizor|Scizor-Mega, F
|message|Scizor has Mega Evolved into Mega Scizor!
|move|p1a: Scizor|Roost|p1a: Scizor
|-heal|p1a: Scizor|343\/343
|
|turn|7
|
|switch|p1a: Conkeldurr|Conkeldurr, F|401\/401
|move|p2a: Rotom-Wash|Volt Switch|p1a: Conkeldurr
|-damage|p1a: Conkeldurr|329\/401
|
|switch|p2a: Heracross|Heracross-Mega, M|254\/308
|
|turn|8
|
|move|p2a: Heracross|Close Combat|p1a: Conkeldurr
|-damage|p1a: Conkeldurr|4\/401
|-unboost|p2a: Heracross|def|1
|-unboost|p2a: Heracross|spd|1
|move|p1a: Conkeldurr|Ice Punch|p2a: Heracross
|-damage|p2a: Heracross|121\/308
|
|turn|9
|
|switch|p2a: Rotom-Wash|Rotom-Wash|304\/304
|switch|p1a: Scizor|Scizor-Mega, F|343\/343
|
|turn|10
|
|switch|p1a: Chansey|Chansey, F|704\/704
|move|p2a: Rotom-Wash|Volt Switch|p1a: Chansey
|-damage|p1a: Chansey|652\/704
|
|switch|p2a: Heracross|Heracross-Mega, M|121\/308
|
|turn|11
|
|switch|p1a: Alomomola|Alomomola, F|338\/534
|move|p2a: Heracross|Close Combat|p1a: Alomomola
|-damage|p1a: Alomomola|80\/534
|-damage|p2a: Heracross|70\/308|[from] item: Rocky Helmet|[of] p1a: Alomomola
|-unboost|p2a: Heracross|def|1
|-unboost|p2a: Heracross|spd|1
|
|turn|12
|
|switch|p1a: Conkeldurr|Conkeldurr, F|4\/401
|move|p2a: Heracross|Close Combat|p1a: Conkeldurr
|-damage|p1a: Conkeldurr|0 fnt
|-unboost|p2a: Heracross|def|1
|-unboost|p2a: Heracross|spd|1
|faint|p1a: Conkeldurr
|
|
|switch|p1a: Scizor|Scizor-Mega, F|343\/343
|turn|13
|
|switch|p2a: Rotom-Wash|Rotom-Wash|304\/304
|move|p1a: Scizor|Knock Off|p2a: Rotom-Wash
|-damage|p2a: Rotom-Wash|232\/304
|-enditem|p2a: Rotom-Wash|Leftovers|[from] move: Knock Off|[of] p1a: Scizor
|
|turn|14
|
|switch|p1a: Chansey|Chansey, F|652\/704
|move|p2a: Rotom-Wash|Volt Switch|p1a: Chansey
|-damage|p1a: Chansey|595\/704
|
|switch|p2a: Heracross|Heracross-Mega, M|70\/308
|
|turn|15
|
|switch|p1a: Scizor|Scizor-Mega, F|343\/343
|move|p2a: Heracross|Close Combat|p1a: Scizor
|-damage|p1a: Scizor|159\/343
|-unboost|p2a: Heracross|def|1
|-unboost|p2a: Heracross|spd|1
|
|turn|16
|
|switch|p2a: Rotom-Wash|Rotom-Wash|232\/304
|switch|p1a: Alomomola|Alomomola, F|258\/534
|
|turn|17
|
|switch|p1a: Landorus-Therian|Landorus-Therian, M|139\/382
|-ability|p1a: Landorus-Therian|Intimidate|[of] p2a: Rotom-Wash
|-unboost|p2a: Rotom-Wash|atk|1
|move|p2a: Rotom-Wash|Volt Switch|p1a: Landorus-Therian
|-immune|p1a: Landorus-Therian|[msg]
|
|-heal|p1a: Landorus-Therian|162\/382|[from] item: Leftovers
|turn|18
|
|move|p1a: Landorus-Therian|Stealth Rock|p2a: Rotom-Wash
|-sidestart|p2: Subway Boss|move: Stealth Rock
|move|p2a: Rotom-Wash|Hydro Pump|p1a: Landorus-Therian
|-crit|p1a: Landorus-Therian
|-supereffective|p1a: Landorus-Therian
|-damage|p1a: Landorus-Therian|0 fnt
|faint|p1a: Landorus-Therian
|
|
|switch|p1a: Chansey|Chansey, F|595\/704
|turn|19
|
|move|p2a: Rotom-Wash|Volt Switch|p1a: Chansey
|-damage|p1a: Chansey|537\/704
|
|switch|p2a: Shuckle|Shuckle, F|244\/244
|-damage|p2a: Shuckle|183\/244|[from] Stealth Rock
|move|p1a: Chansey|Seismic Toss|p2a: Shuckle
|-damage|p2a: Shuckle|83\/244
|
|turn|20
|
|move|p1a: Chansey|Seismic Toss|p2a: Shuckle
|-damage|p2a: Shuckle|0 fnt
|faint|p2a: Shuckle
|
|
|switch|p2a: Bisharp|Bisharp, M|95\/278
|-damage|p2a: Bisharp|78\/278|[from] Stealth Rock
|turn|21
|
|switch|p1a: Alomomola|Alomomola, F|436\/534
|move|p2a: Bisharp|Knock Off|p1a: Alomomola
|-damage|p1a: Alomomola|212\/534
|-damage|p2a: Bisharp|32\/278|[from] item: Rocky Helmet|[of] p1a: Alomomola
|-enditem|p1a: Alomomola|Rocky Helmet|[from] move: Knock Off|[of] p2a: Bisharp
|-damage|p2a: Bisharp|5\/278|[from] item: Life Orb
|
|turn|22
|
|move|p2a: Bisharp|Knock Off|p1a: Alomomola
|-damage|p1a: Alomomola|79\/534
|-damage|p2a: Bisharp|0 fnt|[from] item: Life Orb
|faint|p2a: Bisharp
|move|p1a: Alomomola|Wish|p1a: Alomomola
|
|
|switch|p2a: Rotom-Wash|Rotom-Wash|232\/304
|-damage|p2a: Rotom-Wash|194\/304|[from] Stealth Rock
|turn|23
|
|switch|p1a: Scizor|Scizor-Mega, F|159\/343
|move|p2a: Rotom-Wash|Volt Switch|p1a: Scizor
|-damage|p1a: Scizor|69\/343
|
|switch|p2a: Mamoswine|Mamoswine, M|361\/361
|-damage|p2a: Mamoswine|316\/361|[from] Stealth Rock
|
|-heal|p1a: Scizor|336\/343|[from] move: Wish|[wisher] Alomomola
|turn|24
|
|switch|p2a: Rotom-Wash|Rotom-Wash|194\/304
|-damage|p2a: Rotom-Wash|156\/304|[from] Stealth Rock
|switch|p1a: Chansey|Chansey, F|537\/704
|
|turn|25
|
|move|p2a: Rotom-Wash|Will-O-Wisp|p1a: Chansey
|-status|p1a: Chansey|brn
|move|p1a: Chansey|Wish|p1a: Chansey
|
|-damage|p1a: Chansey|449\/704 brn|[from] brn
|turn|26
|
|move|p2a: Rotom-Wash|Volt Switch|p1a: Chansey
|-damage|p1a: Chansey|391\/704 brn
|
|switch|p2a: Heracross|Heracross-Mega, M|70\/308
|-damage|p2a: Heracross|32\/308|[from] Stealth Rock
|move|p1a: Chansey|Seismic Toss|p2a: Heracross
|-damage|p2a: Heracross|0 fnt
|faint|p2a: Heracross
|
|-heal|p1a: Chansey|704\/704 brn|[from] move: Wish|[wisher] Chansey
|-damage|p1a: Chansey|616\/704 brn|[from] brn
|
|switch|p2a: Mamoswine|Mamoswine, M|316\/361
|-damage|p2a: Mamoswine|271\/361|[from] Stealth Rock
|turn|27
|
|switch|p1a: Scizor|Scizor-Mega, F|336\/343
|move|p2a: Mamoswine|Earthquake|p1a: Scizor
|-damage|p1a: Scizor|188\/343
|-damage|p2a: Mamoswine|235\/361|[from] item: Life Orb
|
|turn|28
|
|move|p2a: Mamoswine|Earthquake|p1a: Scizor
|-damage|p1a: Scizor|40\/343
|-damage|p2a: Mamoswine|199\/361|[from] item: Life Orb
|move|p1a: Scizor|Roost|p1a: Scizor
|-heal|p1a: Scizor|212\/343
|
|turn|29
|-message|Subway Boss forfeited.
|
|win|Cunty Vibes
|raw|Ladder updating...
|leave|Subway Boss
|player|p2
|raw|Cunty Vibes's rating: 1913 &rarr; <strong>1937<\/strong><br \/>(+24 for winning)
|raw|Subway Boss's rating: 1991 &rarr; <strong>1967<\/strong><br \/>(-24 for losing)