|join|Cunty Vibes
|join|Googranis
|player|p1|Cunty Vibes|185
|player|p2|Googranis|230
|gametype|singles
|gen|6
|tier|OU
|rated
|clearpoke
|poke|p1|Clefable, M
|poke|p1|Conkeldurr, M
|poke|p1|Landorus-Therian, M
|poke|p1|Chansey, F
|poke|p1|Scizor, F
|poke|p1|Alomomola, F
|poke|p2|Garchomp, M
|poke|p2|Talonflame, M
|poke|p2|Tyranitar, F
|poke|p2|Excadrill, F
|poke|p2|Venusaur, F
|poke|p2|Heatran, M
|rule|Swagger Clause: Swagger is banned
|rule|Baton Pass Clause: Limit one Pokémon knowing Baton Pass
|rule|Sleep Clause Mod: Limit one foe put to sleep
|rule|Species Clause: Limit one of each Pokémon
|rule|OHKO Clause: OHKO moves are banned
|rule|Moody Clause: Moody is banned
|rule|Evasion Moves Clause: Evasion moves are banned
|rule|Endless Battle Clause: Forcing endless battles is banned
|rule|HP Percentage Mod: HP is shown in percentages
|teampreview
|
|start
|switch|p1a: Conkeldurr|Conkeldurr, M|401\/401
|switch|p2a: Tyranitar|Tyranitar, F|404\/404
|-weather|Sandstorm
|turn|1
|
|move|p2a: Tyranitar|Stealth Rock|p1a: Conkeldurr
|-sidestart|p1: Cunty Vibes|move: Stealth Rock
|move|p1a: Conkeldurr|Ice Punch|p2a: Tyranitar
|-crit|p2a: Tyranitar
|-damage|p2a: Tyranitar|264\/404
|
|-weather|Sandstorm|[upkeep]
|-damage|p1a: Conkeldurr|376\/401|[from] sandstorm
|turn|2
|
|switch|p2a: Venusaur|Venusaur, F|364\/364
|move|p1a: Conkeldurr|Knock Off|p2a: Venusaur
|-crit|p2a: Venusaur
|-damage|p2a: Venusaur|261\/364
|
|-weather|Sandstorm|[upkeep]
|-damage|p2a: Venusaur|239\/364|[from] sandstorm
|-damage|p1a: Conkeldurr|351\/401|[from] sandstorm
|turn|3
|
|detailschange|p2a: Venusaur|Venusaur-Mega, F
|message|Venusaur has Mega Evolved into Mega Venusaur!
|move|p2a: Venusaur|Sleep Powder|p1a: Conkeldurr
|-status|p1a: Conkeldurr|slp
|cant|p1a: Conkeldurr|slp
|
|-weather|Sandstorm|[upkeep]
|-damage|p2a: Venusaur|217\/364|[from] sandstorm
|-damage|p1a: Conkeldurr|326\/401 slp|[from] sandstorm
|turn|4
|
|switch|p1a: Scizor|Scizor, F|343\/343
|-damage|p1a: Scizor|301\/343|[from] Stealth Rock
|move|p2a: Venusaur|Giga Drain|p1a: Scizor
|-resisted|p1a: Scizor
|-damage|p1a: Scizor|269\/343
|-heal|p2a: Venusaur|233\/364|[from] drain|[of] p1a: Scizor
|
|-weather|Sandstorm|[upkeep]
|-damage|p2a: Venusaur|211\/364|[from] sandstorm
|turn|5
|
|switch|p1a: Chansey|Chansey, F|704\/704
|-damage|p1a: Chansey|616\/704|[from] Stealth Rock
|move|p2a: Venusaur|Giga Drain|p1a: Chansey
|-damage|p1a: Chansey|544\/704
|-heal|p2a: Venusaur|247\/364|[from] drain|[of] p1a: Chansey
|
|-weather|none
|turn|6
|
|switch|p2a: Garchomp|Garchomp, M|358\/358
|move|p1a: Chansey|Wish|p1a: Chansey
|
|turn|7
|
|switch|p1a: Landorus-Therian|Landorus-Therian, M|382\/382
|-damage|p1a: Landorus-Therian|335\/382|[from] Stealth Rock
|-ability|p1a: Landorus-Therian|Intimidate|[of] p2a: Garchomp
|-unboost|p2a: Garchomp|atk|1
|move|p2a: Garchomp|Swords Dance|p2a: Garchomp
|-boost|p2a: Garchomp|atk|2
|
|-heal|p1a: Landorus-Therian|382\/382|[from] move: Wish|[wisher] Chansey
|turn|8
|
|switch|p1a: Clefable|Clefable, M|394\/394
|-damage|p1a: Clefable|345\/394|[from] Stealth Rock
|move|p2a: Garchomp|Dragon Claw|p1a: Clefable
|-immune|p1a: Clefable|[msg]
|
|-heal|p1a: Clefable|369\/394|[from] item: Leftovers
|turn|9
|
|switch|p2a: Heatran|Heatran, M|323\/323
|move|p1a: Clefable|Moonblast|p2a: Heatran
|-resisted|p2a: Heatran
|-damage|p2a: Heatran|296\/323
|
|-heal|p2a: Heatran|316\/323|[from] item: Leftovers
|-heal|p1a: Clefable|393\/394|[from] item: Leftovers
|turn|10
|
|switch|p1a: Alomomola|Alomomola, F|534\/534
|-damage|p1a: Alomomola|468\/534|[from] Stealth Rock
|move|p2a: Heatran|Will-O-Wisp|p1a: Alomomola
|-status|p1a: Alomomola|brn
|
|-heal|p2a: Heatran|323\/323|[from] item: Leftovers
|-damage|p1a: Alomomola|402\/534 brn|[from] brn
|turn|11
|
|switch|p2a: Venusaur|Venusaur-Mega, F|247\/364
|move|p1a: Alomomola|Wish|p1a: Alomomola
|
|-damage|p1a: Alomomola|336\/534 brn|[from] brn
|turn|12
|
|switch|p1a: Scizor|Scizor, F|269\/343
|-damage|p1a: Scizor|227\/343|[from] Stealth Rock
|move|p2a: Venusaur|Synthesis|p2a: Venusaur
|-heal|p2a: Venusaur|364\/364
|
|-heal|p1a: Scizor|343\/343|[from] move: Wish|[wisher] Alomomola
|turn|13
|
|switch|p2a: Heatran|Heatran, M|323\/323
|detailschange|p1a: Scizor|Scizor-Mega, F
|message|Scizor has Mega Evolved into Mega Scizor!
|move|p1a: Scizor|Defog|p2a: Heatran
|-unboost|p2a: Heatran|evasion|1
|-sideend|p1: Cunty Vibes|Stealth Rock|[from] move: Defog|[of] p1a: Scizor
|
|turn|14
|
|switch|p1a: Conkeldurr|Conkeldurr, M|326\/401 slp
|move|p2a: Heatran|Will-O-Wisp|p1a: Conkeldurr
|-fail|p1a: Conkeldurr
|
|turn|15
|
|move|p2a: Heatran|Fire Blast|p1a: Conkeldurr
|-damage|p1a: Conkeldurr|154\/401 slp
|cant|p1a: Conkeldurr|slp
|
|turn|16
|
|switch|p1a: Chansey|Chansey, F|544\/704
|move|p2a: Heatran|Fire Blast|p1a: Chansey
|-damage|p1a: Chansey|408\/704
|
|turn|17
|
|move|p2a: Heatran|Will-O-Wisp|p1a: Chansey
|-status|p1a: Chansey|brn
|move|p1a: Chansey|Wish|p1a: Chansey
|
|-damage|p1a: Chansey|320\/704 brn|[from] brn
|turn|18
|
|move|p2a: Heatran|Fire Blast|p1a: Chansey
|-damage|p1a: Chansey|188\/704 brn
|move|p1a: Chansey|Heal Bell|p1a: Chansey
|-cureteam|p1a: Chansey|[from] move: HealBell
|
|-heal|p1a: Chansey|540\/704|[from] move: Wish|[wisher] Chansey
|turn|19
|
|move|p2a: Heatran|Fire Blast|p1a: Chansey
|-damage|p1a: Chansey|419\/704
|move|p1a: Chansey|Wish|p1a: Chansey
|
|turn|20
|
|move|p2a: Heatran|Flash Cannon|p1a: Chansey
|-damage|p1a: Chansey|332\/704
|-unboost|p1a: Chansey|spd|1
|move|p1a: Chansey|Seismic Toss|p2a: Heatran
|-damage|p2a: Heatran|223\/323
|
|-heal|p1a: Chansey|684\/704|[from] move: Wish|[wisher] Chansey
|-heal|p2a: Heatran|243\/323|[from] item: Leftovers
|turn|21
|
|move|p2a: Heatran|Flash Cannon|p1a: Chansey
|-damage|p1a: Chansey|545\/704
|move|p1a: Chansey|Seismic Toss|p2a: Heatran
|-damage|p2a: Heatran|143\/323
|
|-heal|p2a: Heatran|163\/323|[from] item: Leftovers
|turn|22
|
|move|p2a: Heatran|Fire Blast|p1a: Chansey
|-damage|p1a: Chansey|350\/704
|-status|p1a: Chansey|brn
|move|p1a: Chansey|Seismic Toss|p2a: Heatran
|-damage|p2a: Heatran|63\/323
|
|-heal|p2a: Heatran|83\/323|[from] item: Leftovers
|-damage|p1a: Chansey|262\/704 brn|[from] brn
|turn|23
|
|switch|p2a: Garchomp|Garchomp, M|358\/358
|switch|p1a: Alomomola|Alomomola, F|514\/534
|
|turn|24
|
|switch|p2a: Venusaur|Venusaur-Mega, F|364\/364
|move|p1a: Alomomola|Scald|p2a: Venusaur
|-resisted|p2a: Venusaur
|-damage|p2a: Venusaur|343\/364
|-status|p2a: Venusaur|brn
|
|-damage|p2a: Venusaur|298\/364 brn|[from] brn
|turn|25
|
|switch|p2a: Garchomp|Garchomp, M|358\/358
|switch|p1a: Scizor|Scizor-Mega, F|343\/343
|
|turn|26
|
|switch|p1a: Landorus-Therian|Landorus-Therian, M|382\/382
|-ability|p1a: Landorus-Therian|Intimidate|[of] p2a: Garchomp
|-unboost|p2a: Garchomp|atk|1
|move|p2a: Garchomp|Fire Fang|p1a: Landorus-Therian
|-crit|p1a: Landorus-Therian
|-damage|p1a: Landorus-Therian|298\/382
|
|-heal|p1a: Landorus-Therian|321\/382|[from] item: Leftovers
|turn|27
|
|move|p2a: Garchomp|Swords Dance|p2a: Garchomp
|-boost|p2a: Garchomp|atk|2
|move|p1a: Landorus-Therian|Stealth Rock|p2a: Garchomp
|-sidestart|p2: Googranis|move: Stealth Rock
|
|-heal|p1a: Landorus-Therian|344\/382|[from] item: Leftovers
|turn|28
|
|move|p2a: Garchomp|Earthquake|p1a: Landorus-Therian
|-immune|p1a: Landorus-Therian|[msg]
|move|p1a: Landorus-Therian|Earthquake|p2a: Garchomp
|-damage|p2a: Garchomp|186\/358
|
|-heal|p1a: Landorus-Therian|367\/382|[from] item: Leftovers
|turn|29
|
|switch|p1a: Alomomola|Alomomola, F|534\/534
|move|p2a: Garchomp|Dragon Claw|p1a: Alomomola
|-damage|p1a: Alomomola|347\/534
|-damage|p2a: Garchomp|127\/358|[from] item: Rocky Helmet|[of] p1a: Alomomola
|
|turn|30
|
|switch|p1a: Landorus-Therian|Landorus-Therian, M|367\/382
|-ability|p1a: Landorus-Therian|Intimidate|[of] p2a: Garchomp
|-unboost|p2a: Garchomp|atk|1
|move|p2a: Garchomp|Swords Dance|p2a: Garchomp
|-boost|p2a: Garchomp|atk|2
|
|-heal|p1a: Landorus-Therian|382\/382|[from] item: Leftovers
|turn|31
|
|switch|p1a: Clefable|Clefable, M|393\/394
|move|p2a: Garchomp|Dragon Claw|p1a: Clefable
|-immune|p1a: Clefable|[msg]
|
|-heal|p1a: Clefable|394\/394|[from] item: Leftovers
|turn|32
|-message|Googranis forfeited.
|
|win|Cunty Vibes
|raw|Ladder updating...
|leave|Googranis
|player|p2