|join|PBC member Amir
|join|Eckleburg
|player|p1|PBC member Amir|99
|player|p2|Eckleburg|281
|gametype|singles
|gen|6
|tier|OU
|rated
|clearpoke
|poke|p1|Shuckle, M
|poke|p1|Thundurus, M
|poke|p1|Landorus, M
|poke|p1|Magneton
|poke|p1|Kyurem-Black
|poke|p1|Pinsir, F
|poke|p2|Thundurus-Therian, M
|poke|p2|Kingdra, M
|poke|p2|Seismitoad, F
|poke|p2|Scizor, M
|poke|p2|Politoed, F
|poke|p2|Ferrothorn, M
|rule|Swagger Clause: Swagger is banned
|rule|Baton Pass Clause: Limit one Pokémon knowing Baton Pass
|rule|Sleep Clause Mod: Limit one foe put to sleep
|rule|Species Clause: Limit one of each Pokémon
|rule|OHKO Clause: OHKO moves are banned
|rule|Moody Clause: Moody is banned
|rule|Evasion Moves Clause: Evasion moves are banned
|rule|Endless Battle Clause: Forcing endless battles is banned
|rule|HP Percentage Mod: HP is shown in percentages
|teampreview
|
|start
|switch|p1a: Trees|Shuckle, M|243\/243
|switch|p2a: Pluie|Politoed, F|384\/384
|-weather|RainDance
|turn|1
|
|move|p2a: Pluie|Scald|p1a: Trees
|-supereffective|p1a: Trees
|-damage|p1a: Trees|109\/243
|move|p1a: Trees|Sticky Web|p2a: Pluie
|-sidestart|p2: Eckleburg|move: Sticky Web
|
|-weather|RainDance|[upkeep]
|turn|2
|
|move|p2a: Pluie|Scald|p1a: Trees
|-supereffective|p1a: Trees
|-damage|p1a: Trees|0 fnt
|faint|p1a: Trees
|
|-weather|RainDance|[upkeep]
|
|switch|p1a: Trees|Magneton|241\/241
|turn|3
|
|switch|p2a: Boue|Seismitoad, F|372\/372
|-activate|p2a: Boue|move: Sticky Web
|-unboost|p2a: Boue|spe|1
|move|p1a: Trees|Volt Switch|p2a: Boue
|-immune|p2a: Boue|[msg]
|
|-weather|RainDance|[upkeep]
|turn|4
|
|switch|p1a: Trees|Kyurem-Black|391\/391
|-ability|p1a: Trees|Teravolt
|move|p2a: Boue|Earthquake|p1a: Trees
|-damage|p1a: Trees|183\/391
|-damage|p2a: Boue|335\/372|[from] item: Life Orb
|
|-weather|RainDance|[upkeep]
|turn|5
|
|move|p2a: Boue|Earthquake|p1a: Trees
|-damage|p1a: Trees|0 fnt
|-damage|p2a: Boue|298\/372|[from] item: Life Orb
|faint|p1a: Trees
|
|-weather|RainDance|[upkeep]
|
|switch|p1a: Trees|Landorus, M|319\/319
|turn|6
|
|switch|p1a: Trees|Magneton|241\/241
|move|p2a: Boue|Ice Punch|p1a: Trees
|-resisted|p1a: Trees
|-damage|p1a: Trees|184\/241
|-status|p1a: Trees|frz
|-damage|p2a: Boue|261\/372|[from] item: Life Orb
|
|-weather|RainDance|[upkeep]
|turn|7
|c|★PBC member Amir|fml
|
|switch|p1a: Trees|Landorus, M|319\/319
|move|p2a: Boue|Earthquake|p1a: Trees
|-immune|p1a: Trees|[msg]
|
|-weather|RainDance|[upkeep]
|turn|8
|c|★Eckleburg|I know that feeling
|
|switch|p1a: Trees|Magneton|184\/241 frz
|move|p2a: Boue|Ice Punch|p1a: Trees
|-resisted|p1a: Trees
|-damage|p1a: Trees|133\/241 frz
|-damage|p2a: Boue|224\/372|[from] item: Life Orb
|
|-weather|none
|turn|9
|
|switch|p1a: Trees|Pinsir, F|271\/271
|switch|p2a: Pluie|Politoed, F|384\/384
|-activate|p2a: Pluie|move: Sticky Web
|-unboost|p2a: Pluie|spe|1
|-weather|RainDance
|
|-weather|RainDance|[upkeep]
|turn|10
|
|detailschange|p1a: Trees|Pinsir-Mega, F
|message|Pinsir has Mega Evolved into Mega Pinsir!
|move|p1a: Trees|Swords Dance|p1a: Trees
|-boost|p1a: Trees|atk|2
|move|p2a: Pluie|Scald|p1a: Trees
|-damage|p1a: Trees|136\/271
|-status|p1a: Trees|brn
|
|-weather|RainDance|[upkeep]
|-damage|p1a: Trees|103\/271 brn|[from] brn
|turn|11
|c|★Eckleburg|lol
|c|★Eckleburg|Sry man
|c|★PBC member Amir|...
|
|move|p1a: Trees|Frustration|p2a: Pluie
|-damage|p2a: Pluie|102\/384
|move|p2a: Pluie|Scald|p1a: Trees
|-damage|p1a: Trees|0 fnt
|faint|p1a: Trees
|
|-weather|RainDance|[upkeep]
|c|★PBC member Amir|i predict correctly but bullshit always effects my games
|
|switch|p1a: Trees|Thundurus, M|299\/299
|turn|12
|
|switch|p2a: Thundurus-Therian|Thundurus-Therian, M|299\/299
|move|p1a: Trees|Thunderbolt|p2a: Thundurus-Therian
|-immune|p2a: Thundurus-Therian|[msg]
|
|-weather|RainDance|[upkeep]
|turn|13
|
|move|p2a: Thundurus-Therian|Hidden Power|p1a: Trees
|-supereffective|p1a: Trees
|-damage|p1a: Trees|77\/299
|move|p1a: Trees|Knock Off|p2a: Thundurus-Therian
|-damage|p2a: Thundurus-Therian|117\/299
|-enditem|p2a: Thundurus-Therian|Choice Scarf|[from] move: Knock Off|[of] p1a: Trees
|-damage|p1a: Trees|48\/299|[from] item: Life Orb
|
|-weather|RainDance|[upkeep]
|turn|14
|
|move|p1a: Trees|Hidden Power|p2a: Thundurus-Therian
|-supereffective|p2a: Thundurus-Therian
|-damage|p2a: Thundurus-Therian|0 fnt
|-damage|p1a: Trees|19\/299|[from] item: Life Orb
|faint|p2a: Thundurus-Therian
|
|-weather|RainDance|[upkeep]
|
|switch|p2a: Maree|Kingdra, M|291\/291
|-activate|p2a: Maree|move: Sticky Web
|-unboost|p2a: Maree|spe|1
|turn|15
|
|move|p1a: Trees|Thunderbolt|p2a: Maree
|-damage|p2a: Maree|114\/291
|-damage|p1a: Trees|0 fnt|[from] item: Life Orb
|faint|p1a: Trees
|move|p2a: Maree|Surf|p1: Trees|[notarget]
|-notarget
|
|-weather|RainDance|[upkeep]
|
|switch|p1a: Trees|Magneton|133\/241 frz
|turn|16
|c|★PBC member Amir|fml hax is shit ;-;
|
|cant|p1a: Trees|frz
|move|p2a: Maree|Surf|p1a: Trees
|-damage|p1a: Trees|0 fnt
|-damage|p2a: Maree|85\/291|[from] item: Life Orb
|faint|p1a: Trees
|
|-weather|none
|
|switch|p1a: Trees|Landorus, M|319\/319
|turn|17
|
|switch|p2a: Pluie|Politoed, F|102\/384
|-activate|p2a: Pluie|move: Sticky Web
|-unboost|p2a: Pluie|spe|1
|-weather|RainDance
|move|p1a: Trees|Earth Power|p2a: Pluie
|-damage|p2a: Pluie|0 fnt
|faint|p2a: Pluie
|
|-weather|RainDance|[upkeep]
|c|★PBC member Amir|gg i guess...
|
|switch|p2a: Boue|Seismitoad, F|224\/372
|-activate|p2a: Boue|move: Sticky Web
|-unboost|p2a: Boue|spe|1
|turn|18
|
|move|p1a: Trees|Earth Power|p2a: Boue
|-damage|p2a: Boue|0 fnt
|faint|p2a: Boue
|
|-weather|RainDance|[upkeep]
|c|★Eckleburg|sticky web though#
|
|switch|p2a: Acier|Scizor, M|343\/343
|-activate|p2a: Acier|move: Sticky Web
|-unboost|p2a: Acier|spe|1
|turn|19
|c|★PBC member Amir|it was my plan to help me
|
|move|p2a: Acier|Bullet Punch|p1a: Trees
|-damage|p1a: Trees|126\/319
|move|p1a: Trees|Earth Power|p2a: Acier
|-crit|p2a: Acier
|-damage|p2a: Acier|0 fnt
|faint|p2a: Acier
|
|-weather|RainDance|[upkeep]
|c|★PBC member Amir|gg
|c|★Eckleburg|xddd
|c|★PBC member Amir|ooooooooooooo
|c|★PBC member Amir|shit lol
|
|switch|p2a: Epine|Ferrothorn, M|352\/352
|-activate|p2a: Epine|move: Sticky Web
|-unboost|p2a: Epine|spe|1
|turn|20
|c|★Eckleburg|Well
|c|★Eckleburg|one focus blast
|c|★Eckleburg|im out gaga
|c|★Eckleburg|*haha
|c|★PBC member Amir|lol
|
|move|p1a: Trees|Focus Blast|p2a: Epine|[miss]
|-miss|p1a: Trees|p2a: Epine
|move|p2a: Epine|Power Whip|p1a: Trees
|-crit|p1a: Trees
|-damage|p1a: Trees|0 fnt
|faint|p1a: Trees
|
|win|Eckleburg
|raw|Ladder updating...
|c|★PBC member Amir|please...
|c|★Eckleburg|!
|c|★PBC member Amir|fml
|c|★PBC member Amir|NO
|c|★Eckleburg|This match