|join|Kiull
|join|I Love You Not Her
|player|p1|Kiull|170
|player|p2|I Love You Not Her|289
|gametype|singles
|gen|6
|tier|OU
|rated
|clearpoke
|poke|p1|Golduck, M
|poke|p1|Noctowl, M
|poke|p1|Flareon, F
|poke|p1|Scyther, F
|poke|p1|Tangela, M
|poke|p1|Mienfoo, M
|poke|p2|Bisharp, M
|poke|p2|Conkeldurr, M
|poke|p2|Skarmory, F
|poke|p2|Politoed, M
|poke|p2|Greninja, M
|poke|p2|Gyarados, F
|rule|Swagger Clause: Swagger is banned
|rule|Baton Pass Clause: Limit one Pokémon knowing Baton Pass
|rule|Sleep Clause Mod: Limit one foe put to sleep
|rule|Species Clause: Limit one of each Pokémon
|rule|OHKO Clause: OHKO moves are banned
|rule|Moody Clause: Moody is banned
|rule|Evasion Moves Clause: Evasion moves are banned
|rule|Endless Battle Clause: Forcing endless battles is banned
|rule|HP Percentage Mod: HP is shown in percentages
|teampreview
|join|Gerantula
|c|★I Love You Not Her|o.o
|c|★Kiull|wtf
|c|★Kiull|it picked my wrong team
|c|★I Love You Not Her|:)
|
|start
|switch|p1a: Tangela|Tangela, M|334\/334
|switch|p2a: Politoed|Politoed, M|384\/384
|-weather|RainDance
|turn|1
|
|move|p2a: Politoed|Toxic|p1a: Tangela
|-status|p1a: Tangela|tox
|move|p1a: Tangela|Leech Seed|p2a: Politoed
|-start|p2a: Politoed|move: Leech Seed
|
|-weather|RainDance|[upkeep]
|-damage|p2a: Politoed|336\/384|[from] Leech Seed|[of] p1a: Tangela
|-damage|p1a: Tangela|314\/334 tox|[from] psn
|turn|2
|
|switch|p2a: Skarmory|Skarmory, F|330\/330
|move|p1a: Tangela|Toxic|p2a: Skarmory
|-fail|p2a: Skarmory
|
|-weather|RainDance|[upkeep]
|-damage|p1a: Tangela|274\/334 tox|[from] psn
|turn|3
|
|switch|p1a: Golduck|Golduck, M|364\/364
|-ability|p1a: Golduck|Cloud Nine
|move|p2a: Skarmory|Spikes|p1a: Golduck
|-sidestart|p1: Kiull|Spikes
|
|-weather|RainDance|[upkeep]
|turn|4
|
|move|p1a: Golduck|Calm Mind|p1a: Golduck
|-boost|p1a: Golduck|spa|1
|-boost|p1a: Golduck|spd|1
|move|p2a: Skarmory|Spikes|p1a: Golduck
|-sidestart|p1: Kiull|Spikes
|
|-weather|RainDance|[upkeep]
|turn|5
|
|move|p1a: Golduck|Scald|p2a: Skarmory
|-damage|p2a: Skarmory|156\/330
|move|p2a: Skarmory|Whirlwind|p1a: Golduck
|drag|p1a: Scyther|Scyther, F|281\/281
|
|-weather|RainDance|[upkeep]
|-heal|p2a: Skarmory|176\/330|[from] item: Leftovers
|turn|6
|
|move|p1a: Scyther|Swords Dance|p1a: Scyther
|-boost|p1a: Scyther|atk|2
|move|p2a: Skarmory|Roost|p2a: Skarmory
|-heal|p2a: Skarmory|330\/330
|
|-weather|RainDance|[upkeep]
|turn|7
|
|move|p1a: Scyther|Aerial Ace|p2a: Skarmory
|-resisted|p2a: Skarmory
|-damage|p2a: Skarmory|246\/330
|move|p2a: Skarmory|Spikes|p1a: Scyther
|-sidestart|p1: Kiull|Spikes
|
|-weather|RainDance|[upkeep]
|-heal|p2a: Skarmory|266\/330|[from] item: Leftovers
|turn|8
|
|move|p1a: Scyther|Aerial Ace|p2a: Skarmory
|-resisted|p2a: Skarmory
|-damage|p2a: Skarmory|190\/330
|move|p2a: Skarmory|Roost|p2a: Skarmory
|-heal|p2a: Skarmory|330\/330
|
|-weather|none
|turn|9
|
|move|p1a: Scyther|Aerial Ace|p2a: Skarmory
|-resisted|p2a: Skarmory
|-damage|p2a: Skarmory|243\/330
|move|p2a: Skarmory|Brave Bird|p1a: Scyther
|-supereffective|p1a: Scyther
|-enditem|p1a: Scyther|Focus Sash
|-damage|p1a: Scyther|1\/281
|-damage|p2a: Skarmory|151\/330|[from] recoil|[of] p1a: Scyther
|
|-heal|p2a: Skarmory|171\/330|[from] item: Leftovers
|turn|10
|
|move|p1a: Scyther|Reversal|p2a: Skarmory
|-damage|p2a: Skarmory|0 fnt
|faint|p2a: Skarmory
|
|
|switch|p2a: Conkeldurr|Conkeldurr, M|414\/414
|turn|11
|
|switch|p1a: Tangela|Tangela, M|334\/334 tox
|-damage|p1a: Tangela|251\/334 tox|[from] Spikes
|move|p2a: Conkeldurr|Mach Punch|p1a: Tangela
|-damage|p1a: Tangela|211\/334 tox
|
|-damage|p1a: Tangela|191\/334 tox|[from] psn
|turn|12
|
|move|p1a: Tangela|Leech Seed|p2a: Conkeldurr
|-start|p2a: Conkeldurr|move: Leech Seed
|move|p2a: Conkeldurr|Knock Off|p1a: Tangela
|-damage|p1a: Tangela|142\/334 tox
|-enditem|p1a: Tangela|Eviolite|[from] move: Knock Off|[of] p2a: Conkeldurr
|
|-damage|p2a: Conkeldurr|363\/414|[from] Leech Seed|[of] p1a: Tangela
|-heal|p1a: Tangela|193\/334 tox|[silent]
|-damage|p1a: Tangela|153\/334 tox|[from] psn
|turn|13
|
|switch|p2a: Gyarados|Gyarados, F|394\/394
|-ability|p2a: Gyarados|Intimidate|[of] p1a: Tangela
|-unboost|p1a: Tangela|atk|1
|move|p1a: Tangela|Toxic|p2a: Gyarados
|-status|p2a: Gyarados|tox
|
|-damage|p2a: Gyarados|370\/394 tox|[from] psn
|-damage|p1a: Tangela|93\/334 tox|[from] psn
|turn|14
|
|detailschange|p2a: Gyarados|Gyarados-Mega, F
|message|Gyarados has Mega Evolved into Mega Gyarados!
|-ability|p2a: Gyarados|Mold Breaker
|move|p2a: Gyarados|Bite|p1a: Tangela
|-damage|p1a: Tangela|12\/334 tox
|move|p1a: Tangela|Giga Drain|p2a: Gyarados
|-supereffective|p2a: Gyarados
|-damage|p2a: Gyarados|220\/394 tox
|-heal|p1a: Tangela|87\/334 tox|[from] drain|[of] p2a: Gyarados
|
|-damage|p2a: Gyarados|172\/394 tox|[from] psn
|-damage|p1a: Tangela|7\/334 tox|[from] psn
|turn|15
|
|switch|p2a: Conkeldurr|Conkeldurr, M|363\/414
|move|p1a: Tangela|Giga Drain|p2a: Conkeldurr
|-damage|p2a: Conkeldurr|303\/414
|-heal|p1a: Tangela|37\/334 tox|[from] drain|[of] p2a: Conkeldurr
|
|-damage|p1a: Tangela|0 fnt|[from] psn
|faint|p1a: Tangela
|
|switch|p1a: Noctowl|Noctowl, M|362\/362
|turn|16
|
|move|p1a: Noctowl|Defog|p2a: Conkeldurr
|-unboost|p2a: Conkeldurr|evasion|1
|-sideend|p1: Kiull|Spikes|[from] move: Defog|[of] p1a: Noctowl
|move|p2a: Conkeldurr|Drain Punch|p1a: Noctowl
|-damage|p1a: Noctowl|140\/362
|-heal|p2a: Conkeldurr|414\/414|[from] drain|[of] p1a: Noctowl
|
|-heal|p1a: Noctowl|162\/362|[from] item: Leftovers
|turn|17
|
|move|p1a: Noctowl|Toxic|p2a: Conkeldurr
|-status|p2a: Conkeldurr|tox
|move|p2a: Conkeldurr|Drain Punch|p1a: Noctowl
|-damage|p1a: Noctowl|0 fnt
|faint|p1a: Noctowl
|
|-damage|p2a: Conkeldurr|389\/414 tox|[from] psn
|
|switch|p1a: Flareon|Flareon, F|334\/334
|turn|18
|
|switch|p2a: Gyarados|Gyarados-Mega, F|172\/394 tox
|-ability|p2a: Gyarados|Mold Breaker
|move|p1a: Flareon|Lava Plume|p2a: Gyarados
|-resisted|p2a: Gyarados
|-damage|p2a: Gyarados|135\/394 tox
|
|-damage|p2a: Gyarados|111\/394 tox|[from] psn
|turn|19
|
|move|p2a: Gyarados|Waterfall|p1a: Flareon
|-supereffective|p1a: Flareon
|-damage|p1a: Flareon|0 fnt
|faint|p1a: Flareon
|
|-damage|p2a: Gyarados|63\/394 tox|[from] psn
|
|switch|p1a: Scyther|Scyther, F|1\/281
|turn|20
|
|move|p1a: Scyther|Reversal|p2a: Gyarados
|-supereffective|p2a: Gyarados
|-damage|p2a: Gyarados|0 fnt
|faint|p2a: Gyarados
|
|
|switch|p2a: Bisharp|Bisharp, M|334\/334
|turn|21
|
|move|p1a: Scyther|Swords Dance|p1a: Scyther
|-boost|p1a: Scyther|atk|2
|move|p2a: Bisharp|Pursuit|p1a: Scyther
|-damage|p1a: Scyther|0 fnt
|faint|p1a: Scyther
|
|
|switch|p1a: mega|Mienfoo, M|231\/231
|turn|22
|
|move|p2a: Bisharp|Sucker Punch|p1a: mega
|-resisted|p1a: mega
|-damage|p1a: mega|69\/231
|move|p1a: mega|High Jump Kick|p2a: Bisharp
|-supereffective|p2a: Bisharp
|-damage|p2a: Bisharp|0 fnt
|faint|p2a: Bisharp
|
|
|switch|p2a: Politoed|Politoed, M|336\/384
|-weather|RainDance
|turn|23
|
|move|p1a: mega|High Jump Kick|p2a: Politoed
|-damage|p2a: Politoed|122\/384
|move|p2a: Politoed|Scald|p1a: mega
|-damage|p1a: mega|0 fnt
|faint|p1a: mega
|
|-weather|RainDance|[upkeep]
|
|switch|p1a: Golduck|Golduck, M|364\/364
|-ability|p1a: Golduck|Cloud Nine
|turn|24
|
|move|p1a: Golduck|Calm Mind|p1a: Golduck
|-boost|p1a: Golduck|spa|1
|-boost|p1a: Golduck|spd|1
|move|p2a: Politoed|Toxic|p1a: Golduck
|-status|p1a: Golduck|tox
|
|-weather|RainDance|[upkeep]
|-damage|p1a: Golduck|342\/364 tox|[from] psn
|turn|25
|
|move|p1a: Golduck|Calm Mind|p1a: Golduck
|-boost|p1a: Golduck|spa|1
|-boost|p1a: Golduck|spd|1
|move|p2a: Politoed|Encore|p1a: Golduck
|-start|p1a: Golduck|Encore
|
|-weather|RainDance|[upkeep]
|-heal|p1a: Golduck|364\/364 tox|[from] item: Leftovers
|-damage|p1a: Golduck|320\/364 tox|[from] psn
|turn|26
|
|move|p1a: Golduck|Calm Mind|p1a: Golduck
|-boost|p1a: Golduck|spa|1
|-boost|p1a: Golduck|spd|1
|move|p2a: Politoed|Scald|p1a: Golduck
|-resisted|p1a: Golduck
|-damage|p1a: Golduck|301\/364 tox
|
|-weather|RainDance|[upkeep]
|-heal|p1a: Golduck|323\/364 tox|[from] item: Leftovers
|-damage|p1a: Golduck|257\/364 tox|[from] psn
|turn|27
|
|move|p1a: Golduck|Calm Mind|p1a: Golduck
|-boost|p1a: Golduck|spa|1
|-boost|p1a: Golduck|spd|1
|move|p2a: Politoed|Scald|p1a: Golduck
|-resisted|p1a: Golduck
|-damage|p1a: Golduck|239\/364 tox
|
|-weather|RainDance|[upkeep]
|-heal|p1a: Golduck|261\/364 tox|[from] item: Leftovers
|-damage|p1a: Golduck|173\/364 tox|[from] psn
|turn|28
|
|move|p1a: Golduck|Calm Mind|p1a: Golduck
|-boost|p1a: Golduck|spa|1
|-boost|p1a: Golduck|spd|1
|move|p2a: Politoed|Scald|p1a: Golduck
|-resisted|p1a: Golduck
|-damage|p1a: Golduck|158\/364 tox
|
|-weather|RainDance|[upkeep]
|-heal|p1a: Golduck|180\/364 tox|[from] item: Leftovers
|-damage|p1a: Golduck|70\/364 tox|[from] psn
|-end|p1a: Golduck|Encore
|turn|29
|
|move|p1a: Golduck|Rest|p1a: Golduck
|-status|p1a: Golduck|slp
|-heal|p1a: Golduck|364\/364 slp|[silent]
|-status|p1a: Golduck|slp|[from] move: Rest
|move|p2a: Politoed|Scald|p1a: Golduck
|-resisted|p1a: Golduck
|-damage|p1a: Golduck|348\/364 slp
|
|-weather|RainDance|[upkeep]
|-heal|p1a: Golduck|364\/364 slp|[from] item: Leftovers
|turn|30
|
|cant|p1a: Golduck|slp
|move|p1a: Golduck|Sleep Talk|p1a: Golduck
|move|p1a: Golduck|Scald|p2a: Politoed|[from]Sleep Talk
|-resisted|p2a: Politoed
|-damage|p2a: Politoed|0 fnt
|faint|p2a: Politoed
|
|-weather|none
|
|switch|p2a: Conkeldurr|Conkeldurr, M|389\/414 tox
|turn|31
|
|cant|p1a: Golduck|slp
|move|p1a: Golduck|Sleep Talk|p1a: Golduck
|move|p1a: Golduck|Calm Mind|p1a: Golduck|[from]Sleep Talk
|-boost|p1a: Golduck|spa|1
|-boost|p1a: Golduck|spd|1
|move|p2a: Conkeldurr|Drain Punch|p1a: Golduck
|-damage|p1a: Golduck|222\/364 slp
|-heal|p2a: Conkeldurr|414\/414 tox|[from] drain|[of] p1a: Golduck
|
|-heal|p1a: Golduck|244\/364 slp|[from] item: Leftovers
|-damage|p2a: Conkeldurr|389\/414 tox|[from] psn
|turn|32
|
|-curestatus|p1a: Golduck|slp
|move|p1a: Golduck|Scald|p2a: Conkeldurr
|-damage|p2a: Conkeldurr|121\/414 tox
|move|p2a: Conkeldurr|Knock Off|p1a: Golduck
|-damage|p1a: Golduck|141\/364
|-enditem|p1a: Golduck|Leftovers|[from] move: Knock Off|[of] p2a: Conkeldurr
|
|-damage|p2a: Conkeldurr|71\/414 tox|[from] psn
|turn|33
|
|switch|p2a: Greninja|Greninja, M|286\/286
|move|p1a: Golduck|Rest|p1a: Golduck
|-status|p1a: Golduck|slp
|-heal|p1a: Golduck|364\/364 slp|[silent]
|-status|p1a: Golduck|slp|[from] move: Rest
|
|turn|34
|
|move|p2a: Greninja|Grass Knot|p1a: Golduck
|-start|p2a: Greninja|typechange|Grass|[from] Protean
|-supereffective|p1a: Golduck
|-damage|p1a: Golduck|296\/364 slp
|cant|p1a: Golduck|slp
|move|p1a: Golduck|Sleep Talk|p1a: Golduck
|move|p1a: Golduck|Rest|p1a: Golduck|[from]Sleep Talk
|-fail|p1a: Golduck
|
|turn|35
|
|move|p2a: Greninja|Grass Knot|p1a: Golduck
|-supereffective|p1a: Golduck
|-damage|p1a: Golduck|222\/364 slp
|cant|p1a: Golduck|slp
|move|p1a: Golduck|Sleep Talk|p1a: Golduck
|move|p1a: Golduck|Scald|p2a: Greninja|[from]Sleep Talk
|-resisted|p2a: Greninja
|-damage|p2a: Greninja|45\/286
|
|turn|36
|
|move|p2a: Greninja|Grass Knot|p1a: Golduck
|-supereffective|p1a: Golduck
|-damage|p1a: Golduck|144\/364 slp
|-curestatus|p1a: Golduck|slp
|move|p1a: Golduck|Rest|p1a: Golduck
|-status|p1a: Golduck|slp
|-heal|p1a: Golduck|364\/364 slp|[silent]
|-status|p1a: Golduck|slp|[from] move: Rest
|
|turn|37
|
|move|p2a: Greninja|Grass Knot|p1a: Golduck
|-supereffective|p1a: Golduck
|-damage|p1a: Golduck|284\/364 slp
|cant|p1a: Golduck|slp
|move|p1a: Golduck|Sleep Talk|p1a: Golduck
|move|p1a: Golduck|Rest|p1a: Golduck|[from]Sleep Talk
|-fail|p1a: Golduck
|
|turn|38
|
|move|p2a: Greninja|Grass Knot|p1a: Golduck
|-supereffective|p1a: Golduck
|-damage|p1a: Golduck|200\/364 slp
|cant|p1a: Golduck|slp
|move|p1a: Golduck|Sleep Talk|p1a: Golduck
|move|p1a: Golduck|Calm Mind|p1a: Golduck|[from]Sleep Talk
|-fail|p1a: Golduck
|
|turn|39
|
|move|p2a: Greninja|Grass Knot|p1a: Golduck
|-supereffective|p1a: Golduck
|-damage|p1a: Golduck|128\/364 slp
|-curestatus|p1a: Golduck|slp
|move|p1a: Golduck|Rest|p1a: Golduck
|-status|p1a: Golduck|slp
|-heal|p1a: Golduck|364\/364 slp|[silent]
|-status|p1a: Golduck|slp|[from] move: Rest
|
|turn|40
|
|move|p2a: Greninja|Grass Knot|p1a: Golduck
|-supereffective|p1a: Golduck
|-damage|p1a: Golduck|290\/364 slp
|cant|p1a: Golduck|slp
|move|p1a: Golduck|Sleep Talk|p1a: Golduck
|move|p1a: Golduck|Calm Mind|p1a: Golduck|[from]Sleep Talk
|-fail|p1a: Golduck
|
|turn|41
|
|move|p2a: Greninja|Grass Knot|p1a: Golduck
|-supereffective|p1a: Golduck
|-damage|p1a: Golduck|222\/364 slp
|cant|p1a: Golduck|slp
|move|p1a: Golduck|Sleep Talk|p1a: Golduck
|move|p1a: Golduck|Rest|p1a: Golduck|[from]Sleep Talk
|-fail|p1a: Golduck
|
|turn|42
|
|move|p2a: Greninja|Grass Knot|p1a: Golduck
|-supereffective|p1a: Golduck
|-damage|p1a: Golduck|150\/364 slp
|-curestatus|p1a: Golduck|slp
|move|p1a: Golduck|Rest|p1a: Golduck
|-status|p1a: Golduck|slp
|-heal|p1a: Golduck|364\/364 slp|[silent]
|-status|p1a: Golduck|slp|[from] move: Rest
|
|turn|43
|
|move|p2a: Greninja|Grass Knot|p1a: Golduck
|-supereffective|p1a: Golduck
|-damage|p1a: Golduck|290\/364 slp
|cant|p1a: Golduck|slp
|move|p1a: Golduck|Sleep Talk|p1a: Golduck
|move|p1a: Golduck|Rest|p1a: Golduck|[from]Sleep Talk
|-fail|p1a: Golduck
|
|turn|44
|
|move|p2a: Greninja|Grass Knot|p1a: Golduck
|-supereffective|p1a: Golduck
|-damage|p1a: Golduck|218\/364 slp
|cant|p1a: Golduck|slp
|move|p1a: Golduck|Sleep Talk|p1a: Golduck
|move|p1a: Golduck|Scald|p2a: Greninja|[from]Sleep Talk
|-resisted|p2a: Greninja
|-damage|p2a: Greninja|0 fnt
|faint|p2a: Greninja
|
|
|switch|p2a: Conkeldurr|Conkeldurr, M|71\/414 tox
|turn|45
|
|move|p2a: Conkeldurr|Mach Punch|p1a: Golduck
|-damage|p1a: Golduck|142\/364 slp
|-curestatus|p1a: Golduck|slp
|move|p1a: Golduck|Scald|p2a: Conkeldurr
|-damage|p2a: Conkeldurr|0 fnt
|faint|p2a: Conkeldurr
|
|win|Kiull
|raw|Ladder updating...
|c|★Kiull|you suck
|raw|Kiull's rating: 1314 &rarr; <strong>1331<\/strong><br \/>(+17 for winning)
|raw|I Love You Not Her's rating: 1266 &rarr; <strong>1244<\/strong><br \/>(-22 for losing)
|c| Gerantula|lol