|join|sean1993
|join|SunnyR
|player|p1|sean1993|102
|player|p2|SunnyR|161
|gametype|singles
|gen|6
|tier|OU
|rated
|clearpoke
|poke|p1|Suicune
|poke|p1|Celebi
|poke|p1|Infernape, M
|poke|p1|Landorus-Therian, M
|poke|p1|Pinsir, F
|poke|p1|Excadrill, F
|poke|p2|Pinsir, M, shiny
|poke|p2|Kyurem-Black, shiny
|poke|p2|Aegislash, M, shiny
|poke|p2|Keldeo, shiny
|poke|p2|Latias, F, shiny
|poke|p2|Landorus-Therian, M
|rule|Swagger Clause: Swagger is banned
|rule|Baton Pass Clause: Limit three Pokémon knowing Baton Pass
|rule|Sleep Clause Mod: Limit one foe put to sleep
|rule|Species Clause: Limit one of each Pokémon
|rule|OHKO Clause: OHKO moves are banned
|rule|Moody Clause: Moody is banned
|rule|Evasion Moves Clause: Evasion moves are banned
|rule|Endless Battle Clause: Forcing endless battles is banned
|rule|HP Percentage Mod: HP is reported as percentages
|teampreview
|
|start
|switch|p1a: Landorus-Therian|Landorus-Therian, M|382\/382
|switch|p2a: Voltaire|Landorus-Therian, M|382\/382
|-ability|p2a: Voltaire|Intimidate|[of] p1a: Landorus-Therian
|-unboost|p1a: Landorus-Therian|atk|1
|-ability|p1a: Landorus-Therian|Intimidate|[of] p2a: Voltaire
|-unboost|p2a: Voltaire|atk|1
|turn|1
|
|move|p2a: Voltaire|Knock Off|p1a: Landorus-Therian
|-damage|p1a: Landorus-Therian|322\/382
|-enditem|p1a: Landorus-Therian|Leftovers|[from] move: Knock Off|[of] p2a: Voltaire
|move|p1a: Landorus-Therian|Stealth Rock|p2a: Voltaire
|-sidestart|p2: SunnyR|move: Stealth Rock
|
|turn|2
|
|move|p2a: Voltaire|Stealth Rock|p1a: Landorus-Therian
|-sidestart|p1: sean1993|move: Stealth Rock
|move|p1a: Landorus-Therian|U-turn|p2a: Voltaire
|-resisted|p2a: Voltaire
|-damage|p2a: Voltaire|361\/382
|
|switch|p1a: Celebi|Celebi|341\/341
|-damage|p1a: Celebi|299\/341|[from] Stealth Rock
|
|-heal|p2a: Voltaire|382\/382|[from] item: Leftovers
|turn|3
|
|move|p1a: Celebi|Trick|p2a: Voltaire
|-activate|p1a: Celebi|move: Trick|[of] p2a: Voltaire
|-item|p2a: Voltaire|Choice Scarf|[from] move: Trick
|-item|p1a: Celebi|Leftovers|[from] move: Trick
|move|p2a: Voltaire|Knock Off|p1a: Celebi
|-supereffective|p1a: Celebi
|-damage|p1a: Celebi|149\/341
|-enditem|p1a: Celebi|Leftovers|[from] move: Knock Off|[of] p2a: Voltaire
|
|turn|4
|
|switch|p2a: de Gouges|Latias, F, shiny|301\/301
|-damage|p2a: de Gouges|264\/301|[from] Stealth Rock
|move|p1a: Celebi|Psychic|p2a: de Gouges
|-resisted|p2a: de Gouges
|-damage|p2a: de Gouges|204\/301
|
|-heal|p2a: de Gouges|222\/301|[from] item: Leftovers
|turn|5
|
|move|p2a: de Gouges|Defog|p1a: Celebi
|-unboost|p1a: Celebi|evasion|1
|-sideend|p1: sean1993|Stealth Rock|[from] move: Defog|[of] p1a: Celebi
|-sideend|p2: SunnyR|Stealth Rock|[from] move: Defog|[of] p2a: de Gouges
|move|p1a: Celebi|Leaf Storm|p2a: de Gouges
|-resisted|p2a: de Gouges
|-damage|p2a: de Gouges|142\/301
|-unboost|p1a: Celebi|spa|2
|
|-heal|p2a: de Gouges|160\/301|[from] item: Leftovers
|turn|6
|
|switch|p1a: Excadrill|Excadrill, F|361\/361
|-ability|p1a: Excadrill|Mold Breaker
|move|p2a: de Gouges|Roost|p2a: de Gouges
|-heal|p2a: de Gouges|301\/301
|
|turn|7
|
|switch|p2a: Voltaire|Landorus-Therian, M|382\/382
|-ability|p2a: Voltaire|Intimidate|[of] p1a: Excadrill
|-unboost|p1a: Excadrill|atk|1
|move|p1a: Excadrill|Earthquake|p2a: Voltaire
|-immune|p2a: Voltaire|[msg]
|
|turn|8
|
|switch|p1a: Suicune|Suicune|403\/403
|-ability|p1a: Suicune|Pressure
|switch|p2a: Robespierre|Keldeo, shiny|322\/322
|
|turn|9
|
|move|p2a: Robespierre|Secret Sword|p1a: Suicune
|-damage|p1a: Suicune|243\/403
|move|p1a: Suicune|Calm Mind|p1a: Suicune
|-boost|p1a: Suicune|spa|1
|-boost|p1a: Suicune|spd|1
|
|-heal|p1a: Suicune|268\/403|[from] item: Leftovers
|turn|10
|
|move|p2a: Robespierre|Secret Sword|p1a: Suicune
|-damage|p1a: Suicune|133\/403
|move|p1a: Suicune|Calm Mind|p1a: Suicune
|-boost|p1a: Suicune|spa|1
|-boost|p1a: Suicune|spd|1
|
|-heal|p1a: Suicune|158\/403|[from] item: Leftovers
|turn|11
|
|move|p2a: Robespierre|Secret Sword|p1a: Suicune
|-damage|p1a: Suicune|14\/403
|move|p1a: Suicune|Rest|p1a: Suicune
|-status|p1a: Suicune|slp
|-heal|p1a: Suicune|403\/403 slp|[silent]
|-status|p1a: Suicune|slp|[from] move: Rest
|
|turn|12
|
|switch|p2a: Sieyes|Kyurem-Black, shiny|405\/405
|-ability|p2a: Sieyes|Teravolt
|cant|p1a: Suicune|slp
|move|p1a: Suicune|Sleep Talk|p1a: Suicune
|move|p1a: Suicune|Scald|p2a: Sieyes|[from]Sleep Talk
|-resisted|p2a: Sieyes
|-damage|p2a: Sieyes|307\/405
|
|-heal|p2a: Sieyes|332\/405|[from] item: Leftovers
|turn|13
|
|move|p2a: Sieyes|Substitute|p2a: Sieyes
|-start|p2a: Sieyes|Substitute
|-damage|p2a: Sieyes|231\/405
|cant|p1a: Suicune|slp
|move|p1a: Suicune|Sleep Talk|p1a: Suicune
|move|p1a: Suicune|Calm Mind|p1a: Suicune|[from]Sleep Talk
|-boost|p1a: Suicune|spa|1
|-boost|p1a: Suicune|spd|1
|
|-heal|p2a: Sieyes|256\/405|[from] item: Leftovers
|turn|14
|
|move|p2a: Sieyes|Fusion Bolt|p1a: Suicune
|-supereffective|p1a: Suicune
|-damage|p1a: Suicune|225\/403 slp
|-curestatus|p1a: Suicune|slp
|move|p1a: Suicune|Sleep Talk|p1a: Suicune
|-fail|p1a: Suicune
|
|-heal|p2a: Sieyes|281\/405|[from] item: Leftovers
|-heal|p1a: Suicune|250\/403|[from] item: Leftovers
|turn|15
|
|move|p2a: Sieyes|Fusion Bolt|p1a: Suicune
|-supereffective|p1a: Suicune
|-damage|p1a: Suicune|72\/403
|move|p1a: Suicune|Scald|p2a: Sieyes
|-resisted|p2a: Sieyes
|-end|p2a: Sieyes|Substitute
|
|-heal|p2a: Sieyes|306\/405|[from] item: Leftovers
|-heal|p1a: Suicune|97\/403|[from] item: Leftovers
|turn|16
|
|switch|p1a: Infernape|Infernape, M|293\/293
|move|p2a: Sieyes|Fusion Bolt|p1a: Infernape
|-damage|p1a: Infernape|120\/293
|
|-heal|p2a: Sieyes|331\/405|[from] item: Leftovers
|turn|17
|
|switch|p2a: Voltaire|Landorus-Therian, M|382\/382
|-ability|p2a: Voltaire|Intimidate|[of] p1a: Infernape
|-unboost|p1a: Infernape|atk|1
|move|p1a: Infernape|Close Combat|p2a: Voltaire
|-resisted|p2a: Voltaire
|-damage|p2a: Voltaire|336\/382
|-unboost|p1a: Infernape|def|1
|-unboost|p1a: Infernape|spd|1
|
|turn|18
|
|switch|p1a: Suicune|Suicune|97\/403
|-ability|p1a: Suicune|Pressure
|switch|p2a: de Gouges|Latias, F, shiny|301\/301
|
|-heal|p1a: Suicune|122\/403|[from] item: Leftovers
|turn|19
|
|move|p2a: de Gouges|Thunderbolt|p1a: Suicune
|-supereffective|p1a: Suicune
|-damage|p1a: Suicune|0 fnt
|faint|p1a: Suicune
|
|
|switch|p1a: Landorus-Therian|Landorus-Therian, M|322\/382
|-ability|p1a: Landorus-Therian|Intimidate|[of] p2a: de Gouges
|-unboost|p2a: de Gouges|atk|1
|turn|20
|
|switch|p2a: Robespierre|Keldeo, shiny|322\/322
|move|p1a: Landorus-Therian|U-turn|p2a: Robespierre
|-resisted|p2a: Robespierre
|-damage|p2a: Robespierre|275\/322
|
|switch|p1a: Celebi|Celebi|149\/341
|
|turn|21
|
|move|p2a: Robespierre|Hidden Power|p1a: Celebi
|-supereffective|p1a: Celebi
|-damage|p1a: Celebi|0 fnt
|faint|p1a: Celebi
|
|
|switch|p1a: Pinsir|Pinsir, F|271\/271
|turn|22
|
|detailschange|p1a: Pinsir|Pinsir-Mega, F
|message|Pinsir has Mega Evolved into Mega Pinsir!
|move|p1a: Pinsir|Quick Attack|p2a: Robespierre
|-supereffective|p2a: Robespierre
|-damage|p2a: Robespierre|41\/322
|move|p2a: Robespierre|Hidden Power|p1a: Pinsir
|-supereffective|p1a: Pinsir
|-damage|p1a: Pinsir|35\/271
|
|turn|23
|
|switch|p2a: Voltaire|Landorus-Therian, M|336\/382
|-ability|p2a: Voltaire|Intimidate|[of] p1a: Pinsir
|-unboost|p1a: Pinsir|atk|1
|move|p1a: Pinsir|Quick Attack|p2a: Voltaire
|-crit|p2a: Voltaire
|-damage|p2a: Voltaire|215\/382
|
|turn|24
|
|switch|p1a: Landorus-Therian|Landorus-Therian, M|322\/382
|-ability|p1a: Landorus-Therian|Intimidate|[of] p2a: Voltaire
|-unboost|p2a: Voltaire|atk|1
|move|p2a: Voltaire|Knock Off|p1a: Landorus-Therian
|-damage|p1a: Landorus-Therian|280\/382
|
|turn|25
|
|switch|p2a: de Gouges|Latias, F, shiny|301\/301
|move|p1a: Landorus-Therian|Stealth Rock|p2a: de Gouges
|-sidestart|p2: SunnyR|move: Stealth Rock
|
|turn|26
|
|move|p2a: de Gouges|Defog|p1a: Landorus-Therian
|-unboost|p1a: Landorus-Therian|evasion|1
|-sideend|p2: SunnyR|Stealth Rock|[from] move: Defog|[of] p2a: de Gouges
|move|p1a: Landorus-Therian|U-turn|p2a: de Gouges
|-supereffective|p2a: de Gouges
|-damage|p2a: de Gouges|119\/301
|
|switch|p1a: Pinsir|Pinsir-Mega, F|35\/271
|
|-heal|p2a: de Gouges|137\/301|[from] item: Leftovers
|turn|27
|
|move|p1a: Pinsir|Quick Attack|p2a: de Gouges
|-damage|p2a: de Gouges|14\/301
|move|p2a: de Gouges|Dragon Pulse|p1a: Pinsir
|-damage|p1a: Pinsir|0 fnt
|faint|p1a: Pinsir
|
|-heal|p2a: de Gouges|32\/301|[from] item: Leftovers
|
|switch|p1a: Excadrill|Excadrill, F|361\/361
|-ability|p1a: Excadrill|Mold Breaker
|turn|28
|
|switch|p2a: Voltaire|Landorus-Therian, M|215\/382
|-ability|p2a: Voltaire|Intimidate|[of] p1a: Excadrill
|-unboost|p1a: Excadrill|atk|1
|move|p1a: Excadrill|Rock Slide|p2a: Voltaire
|-crit|p2a: Voltaire
|-damage|p2a: Voltaire|100\/382
|
|turn|29
|
|move|p1a: Excadrill|Rock Slide|p2a: Voltaire
|-miss|p1a: Excadrill|p2a: Voltaire
|move|p2a: Voltaire|Stone Edge|p1a: Excadrill
|-crit|p1a: Excadrill
|-resisted|p1a: Excadrill
|-damage|p1a: Excadrill|298\/361
|
|turn|30
|
|move|p1a: Excadrill|Rock Slide|p2a: Voltaire
|-damage|p2a: Voltaire|51\/382
|move|p2a: Voltaire|Stone Edge|p1a: Excadrill
|-resisted|p1a: Excadrill
|-damage|p1a: Excadrill|258\/361
|
|turn|31
|
|move|p1a: Excadrill|Rock Slide|p2a: Voltaire
|-damage|p2a: Voltaire|6\/382
|cant|p2a: Voltaire|flinch
|
|turn|32
|
|move|p1a: Excadrill|Rock Slide|p2a: Voltaire
|-miss|p1a: Excadrill|p2a: Voltaire
|move|p2a: Voltaire|Stone Edge|p1a: Excadrill
|-resisted|p1a: Excadrill
|-damage|p1a: Excadrill|221\/361
|
|turn|33
|
|move|p1a: Excadrill|Rock Slide|p2a: Voltaire
|-crit|p2a: Voltaire
|-damage|p2a: Voltaire|0 fnt
|faint|p2a: Voltaire
|
|
|switch|p2a: Robespierre|Keldeo, shiny|41\/322
|turn|34
|
|move|p1a: Excadrill|Rock Slide|p2a: Robespierre
|-resisted|p2a: Robespierre
|-damage|p2a: Robespierre|6\/322
|move|p2a: Robespierre|Hydro Pump|p1a: Excadrill
|-supereffective|p1a: Excadrill
|-damage|p1a: Excadrill|0 fnt
|faint|p1a: Excadrill
|
|
|switch|p1a: Landorus-Therian|Landorus-Therian, M|280\/382
|-ability|p1a: Landorus-Therian|Intimidate|[of] p2a: Robespierre
|-unboost|p2a: Robespierre|atk|1
|turn|35
|
|move|p2a: Robespierre|Hydro Pump|p1a: Landorus-Therian
|-supereffective|p1a: Landorus-Therian
|-damage|p1a: Landorus-Therian|0 fnt
|faint|p1a: Landorus-Therian
|
|
|switch|p1a: Infernape|Infernape, M|120\/293
|turn|36
|
|move|p2a: Robespierre|Hydro Pump|p1a: Infernape|[miss]
|-miss|p2a: Robespierre|p1a: Infernape
|move|p1a: Infernape|Thunder Punch|p2a: Robespierre
|-supereffective|p2a: Robespierre
|-damage|p2a: Robespierre|0 fnt
|faint|p2a: Robespierre
|
|
|switch|p2a: Napoleon|Pinsir, M, shiny|271\/271
|-ability|p2a: Napoleon|Mold Breaker
|turn|37
|
|detailschange|p2a: Napoleon|Pinsir-Mega, M, shiny
|message|Pinsir has Mega Evolved into Mega Pinsir!
|move|p2a: Napoleon|Quick Attack|p1a: Infernape
|-supereffective|p1a: Infernape
|-damage|p1a: Infernape|0 fnt
|faint|p1a: Infernape
|
|win|SunnyR
|raw|Ladder updating...
|raw|sean1993's rating: 1588 &rarr; <strong>1571<\/strong><br \/>(-17 for losing)
|raw|SunnyR's rating: 1642 &rarr; <strong>1658<\/strong><br \/>(+16 for winning)
|leave|sean1993
|player|p1