|join|tru
|join|sean1993
|player|p1|tru|2
|player|p2|sean1993|1
|gametype|singles
|gen|6
|tier|OU
|rated
|clearpoke
|poke|p1|Celebi
|poke|p1|Tyranitar, F
|poke|p1|Charizard, M
|poke|p1|Keldeo-Resolute
|poke|p1|Clefable, M
|poke|p1|Excadrill, F
|poke|p2|Suicune
|poke|p2|Celebi
|poke|p2|Infernape, F
|poke|p2|Landorus-Therian, M
|poke|p2|Pinsir, F
|poke|p2|Excadrill, F
|rule|Swagger Clause: Swagger is banned
|rule|Baton Pass Clause: Limit one Pokémon knowing Baton Pass
|rule|Sleep Clause Mod: Limit one foe put to sleep
|rule|Species Clause: Limit one of each Pokémon
|rule|OHKO Clause: OHKO moves are banned
|rule|Moody Clause: Moody is banned
|rule|Evasion Moves Clause: Evasion moves are banned
|rule|Endless Battle Clause: Forcing endless battles is banned
|rule|HP Percentage Mod: HP is reported as percentages
|teampreview
|
|start
|switch|p1a: Keldeo-Resolute|Keldeo-Resolute|322\/322
|switch|p2a: Infernape|Infernape, F|293\/293
|turn|1
|
|move|p1a: Keldeo-Resolute|Hidden Power|p2a: Infernape
|-crit|p2a: Infernape
|-supereffective|p2a: Infernape
|-damage|p2a: Infernape|25\/293
|move|p2a: Infernape|Thunder Punch|p1a: Keldeo-Resolute
|-supereffective|p1a: Keldeo-Resolute
|-damage|p1a: Keldeo-Resolute|132\/322
|
|turn|2
|
|move|p1a: Keldeo-Resolute|Hidden Power|p2a: Infernape
|-supereffective|p2a: Infernape
|-damage|p2a: Infernape|0 fnt
|faint|p2a: Infernape
|
|
|switch|p2a: Celebi|Celebi|341\/341
|turn|3
|
|switch|p1a: Charizard|Charizard, M|298\/298
|move|p2a: Celebi|Giga Drain|p1a: Charizard
|-resisted|p1a: Charizard
|-damage|p1a: Charizard|261\/298
|
|turn|4
|
|switch|p2a: Landorus-Therian|Landorus-Therian, M|382\/382
|-ability|p2a: Landorus-Therian|Intimidate|[of] p1a: Charizard
|-unboost|p1a: Charizard|atk|1
|detailschange|p1a: Charizard|Charizard-Mega-X, M
|message|Charizard has Mega Evolved into Mega Charizard!
|move|p1a: Charizard|Flare Blitz|p2a: Landorus-Therian
|-damage|p2a: Landorus-Therian|205\/382
|-damage|p1a: Charizard|203\/298|[from] recoil|[of] p2a: Landorus-Therian
|
|-heal|p2a: Landorus-Therian|228\/382|[from] item: Leftovers
|turn|5
|
|switch|p1a: Clefable|Clefable, M|394\/394
|move|p2a: Landorus-Therian|Earthquake|p1a: Clefable
|-damage|p1a: Clefable|232\/394
|
|-heal|p2a: Landorus-Therian|251\/382|[from] item: Leftovers
|-heal|p1a: Clefable|256\/394|[from] item: Leftovers
|turn|6
|
|move|p2a: Landorus-Therian|U-turn|p1a: Clefable
|-resisted|p1a: Clefable
|-damage|p1a: Clefable|219\/394
|
|switch|p2a: Excadrill|Excadrill, F|361\/361
|-ability|p2a: Excadrill|Mold Breaker
|move|p1a: Clefable|Soft-Boiled|p1a: Clefable
|-heal|p1a: Clefable|394\/394
|
|turn|7
|
|switch|p1a: Celebi|Celebi|404\/404
|move|p2a: Excadrill|Iron Head|p1a: Celebi
|-damage|p1a: Celebi|292\/404
|
|-heal|p1a: Celebi|317\/404|[from] item: Leftovers
|turn|8
|
|switch|p2a: Celebi|Celebi|341\/341
|move|p1a: Celebi|Baton Pass|p1a: Celebi
|
|switch|p1a: Charizard|Charizard-Mega-X, M|203\/298
|
|turn|9
|
|move|p2a: Celebi|Earth Power|p1a: Charizard
|-supereffective|p1a: Charizard
|-damage|p1a: Charizard|0 fnt
|faint|p1a: Charizard
|
|
|switch|p1a: Excadrill|Excadrill, F|362\/362
|-item|p1a: Excadrill|Air Balloon
|turn|10
|
|switch|p2a: Suicune|Suicune|403\/403
|-ability|p2a: Suicune|Pressure
|move|p1a: Excadrill|Iron Head|p2a: Suicune
|-resisted|p2a: Suicune
|-damage|p2a: Suicune|351\/403
|
|-heal|p2a: Suicune|376\/403|[from] item: Leftovers
|turn|11
|
|switch|p1a: Clefable|Clefable, M|394\/394
|move|p2a: Suicune|Scald|p1a: Clefable
|-damage|p1a: Clefable|291\/394
|
|-heal|p2a: Suicune|401\/403|[from] item: Leftovers
|-heal|p1a: Clefable|315\/394|[from] item: Leftovers
|turn|12
|
|switch|p2a: Excadrill|Excadrill, F|361\/361
|-ability|p2a: Excadrill|Mold Breaker
|move|p1a: Clefable|Calm Mind|p1a: Clefable
|-boost|p1a: Clefable|spa|1
|-boost|p1a: Clefable|spd|1
|
|-heal|p1a: Clefable|339\/394|[from] item: Leftovers
|turn|13
|
|switch|p1a: Celebi|Celebi|317\/404
|move|p2a: Excadrill|Iron Head|p1a: Celebi
|-damage|p1a: Celebi|215\/404
|
|-heal|p1a: Celebi|240\/404|[from] item: Leftovers
|turn|14
|
|move|p2a: Excadrill|Iron Head|p1a: Celebi
|-damage|p1a: Celebi|137\/404
|move|p1a: Celebi|Recover|p1a: Celebi
|-heal|p1a: Celebi|339\/404
|
|-heal|p1a: Celebi|364\/404|[from] item: Leftovers
|turn|15
|
|switch|p2a: Pinsir|Pinsir, F|271\/271
|move|p1a: Celebi|Giga Drain|p2a: Pinsir
|-resisted|p2a: Pinsir
|-damage|p2a: Pinsir|214\/271
|-heal|p1a: Celebi|393\/404|[from] drain|[of] p2a: Pinsir
|
|-heal|p1a: Celebi|404\/404|[from] item: Leftovers
|turn|16
|
|move|p2a: Pinsir|Swords Dance|p2a: Pinsir
|-boost|p2a: Pinsir|atk|2
|move|p1a: Celebi|Baton Pass|p1a: Celebi
|
|switch|p1a: Tyranitar|Tyranitar, F|342\/342
|-weather|Sandstorm
|
|-weather|Sandstorm|[upkeep]
|-damage|p2a: Pinsir|198\/271|[from] sandstorm
|turn|17
|
|switch|p1a: Excadrill|Excadrill, F|362\/362
|-item|p1a: Excadrill|Air Balloon
|detailschange|p2a: Pinsir|Pinsir-Mega, F
|message|Pinsir has Mega Evolved into Mega Pinsir!
|move|p2a: Pinsir|Earthquake|p1a: Excadrill
|-immune|p1a: Excadrill|[msg]
|
|-weather|Sandstorm|[upkeep]
|-damage|p2a: Pinsir|182\/271|[from] sandstorm
|turn|18
|
|switch|p2a: Landorus-Therian|Landorus-Therian, M|251\/382
|-ability|p2a: Landorus-Therian|Intimidate|[of] p1a: Excadrill
|-unboost|p1a: Excadrill|atk|1
|move|p1a: Excadrill|Rock Slide|p2a: Landorus-Therian
|-damage|p2a: Landorus-Therian|198\/382
|
|-weather|Sandstorm|[upkeep]
|-heal|p2a: Landorus-Therian|221\/382|[from] item: Leftovers
|turn|19
|
|switch|p1a: Clefable|Clefable, M|339\/394
|move|p2a: Landorus-Therian|U-turn|p1a: Clefable
|-resisted|p1a: Clefable
|-damage|p1a: Clefable|300\/394
|
|switch|p2a: Excadrill|Excadrill, F|361\/361
|-ability|p2a: Excadrill|Mold Breaker
|
|-weather|Sandstorm|[upkeep]
|-heal|p1a: Clefable|324\/394|[from] item: Leftovers
|turn|20
|
|switch|p1a: Celebi|Celebi|404\/404
|move|p2a: Excadrill|Iron Head|p1a: Celebi
|-damage|p1a: Celebi|295\/404
|
|-weather|Sandstorm|[upkeep]
|-damage|p1a: Celebi|270\/404|[from] sandstorm
|-heal|p1a: Celebi|295\/404|[from] item: Leftovers
|turn|21
|
|switch|p2a: Pinsir|Pinsir-Mega, F|182\/271
|move|p1a: Celebi|Substitute|p1a: Celebi
|-start|p1a: Celebi|Substitute
|-damage|p1a: Celebi|194\/404
|
|-weather|Sandstorm|[upkeep]
|-damage|p2a: Pinsir|166\/271|[from] sandstorm
|-damage|p1a: Celebi|169\/404|[from] sandstorm
|-heal|p1a: Celebi|194\/404|[from] item: Leftovers
|turn|22
|
|move|p2a: Pinsir|Quick Attack|p1a: Celebi
|-crit|p1a: Celebi
|-supereffective|p1a: Celebi
|-end|p1a: Celebi|Substitute
|move|p1a: Celebi|Baton Pass|p1a: Celebi
|
|switch|p1a: Excadrill|Excadrill, F|362\/362
|-item|p1a: Excadrill|Air Balloon
|
|-weather|Sandstorm|[upkeep]
|-damage|p2a: Pinsir|150\/271|[from] sandstorm
|turn|23
|
|switch|p2a: Landorus-Therian|Landorus-Therian, M|221\/382
|-ability|p2a: Landorus-Therian|Intimidate|[of] p1a: Excadrill
|-unboost|p1a: Excadrill|atk|1
|move|p1a: Excadrill|Rock Slide|p2a: Landorus-Therian
|-damage|p2a: Landorus-Therian|160\/382
|
|-weather|none
|-heal|p2a: Landorus-Therian|183\/382|[from] item: Leftovers
|turn|24
|
|switch|p1a: Clefable|Clefable, M|324\/394
|move|p2a: Landorus-Therian|Earthquake|p1a: Clefable
|-damage|p1a: Clefable|159\/394
|
|-heal|p2a: Landorus-Therian|206\/382|[from] item: Leftovers
|-heal|p1a: Clefable|183\/394|[from] item: Leftovers
|turn|25
|
|move|p2a: Landorus-Therian|Earthquake|p1a: Clefable
|-damage|p1a: Clefable|23\/394
|move|p1a: Clefable|Soft-Boiled|p1a: Clefable
|-heal|p1a: Clefable|220\/394
|
|-heal|p2a: Landorus-Therian|229\/382|[from] item: Leftovers
|-heal|p1a: Clefable|244\/394|[from] item: Leftovers
|turn|26
|
|move|p2a: Landorus-Therian|Earthquake|p1a: Clefable
|-damage|p1a: Clefable|78\/394
|move|p1a: Clefable|Soft-Boiled|p1a: Clefable
|-heal|p1a: Clefable|275\/394
|
|-heal|p2a: Landorus-Therian|252\/382|[from] item: Leftovers
|-heal|p1a: Clefable|299\/394|[from] item: Leftovers
|turn|27
|
|move|p2a: Landorus-Therian|Stone Edge|p1a: Clefable
|-damage|p1a: Clefable|192\/394
|move|p1a: Clefable|Soft-Boiled|p1a: Clefable
|-heal|p1a: Clefable|389\/394
|
|-heal|p2a: Landorus-Therian|275\/382|[from] item: Leftovers
|-heal|p1a: Clefable|394\/394|[from] item: Leftovers
|turn|28
|
|move|p2a: Landorus-Therian|Stone Edge|p1a: Clefable|[miss]
|-miss|p2a: Landorus-Therian|p1a: Clefable
|move|p1a: Clefable|Flamethrower|p2a: Landorus-Therian
|-damage|p2a: Landorus-Therian|200\/382
|
|-heal|p2a: Landorus-Therian|223\/382|[from] item: Leftovers
|turn|29
|
|move|p2a: Landorus-Therian|Stealth Rock|p1a: Clefable
|-sidestart|p1: tru|move: Stealth Rock
|move|p1a: Clefable|Moonblast|p2a: Landorus-Therian
|-damage|p2a: Landorus-Therian|87\/382
|
|-heal|p2a: Landorus-Therian|110\/382|[from] item: Leftovers
|turn|30
|
|switch|p2a: Suicune|Suicune|401\/403
|-ability|p2a: Suicune|Pressure
|move|p1a: Clefable|Moonblast|p2a: Suicune
|-damage|p2a: Suicune|302\/403
|
|-heal|p2a: Suicune|327\/403|[from] item: Leftovers
|turn|31
|
|move|p2a: Suicune|Calm Mind|p2a: Suicune
|-boost|p2a: Suicune|spa|1
|-boost|p2a: Suicune|spd|1
|move|p1a: Clefable|Calm Mind|p1a: Clefable
|-boost|p1a: Clefable|spa|1
|-boost|p1a: Clefable|spd|1
|
|-heal|p2a: Suicune|352\/403|[from] item: Leftovers
|turn|32
|
|switch|p2a: Celebi|Celebi|341\/341
|move|p1a: Clefable|Calm Mind|p1a: Clefable
|-boost|p1a: Clefable|spa|1
|-boost|p1a: Clefable|spd|1
|
|turn|33
|
|switch|p1a: Tyranitar|Tyranitar, F|342\/342
|-damage|p1a: Tyranitar|300\/342|[from] Stealth Rock
|-weather|Sandstorm
|move|p2a: Celebi|Trick|p1a: Tyranitar
|-activate|p2a: Celebi|move: Trick|[of] p1a: Tyranitar
|-item|p1a: Tyranitar|Choice Scarf|[from] move: Trick
|-item|p2a: Celebi|Smooth Rock|[from] move: Trick
|
|-weather|Sandstorm|[upkeep]
|-damage|p2a: Celebi|320\/341|[from] sandstorm
|turn|34
|
|move|p1a: Tyranitar|Crunch|p2a: Celebi
|-supereffective|p2a: Celebi
|-damage|p2a: Celebi|14\/341
|move|p2a: Celebi|Giga Drain|p1a: Tyranitar
|-supereffective|p1a: Tyranitar
|-damage|p1a: Tyranitar|126\/342
|-heal|p2a: Celebi|101\/341|[from] drain|[of] p1a: Tyranitar
|
|-weather|Sandstorm|[upkeep]
|-damage|p2a: Celebi|80\/341|[from] sandstorm
|turn|35
|
|switch|p2a: Suicune|Suicune|352\/403
|-ability|p2a: Suicune|Pressure
|move|p1a: Tyranitar|Crunch|p2a: Suicune
|-damage|p2a: Suicune|252\/403
|
|-weather|Sandstorm|[upkeep]
|-damage|p2a: Suicune|227\/403|[from] sandstorm
|-heal|p2a: Suicune|252\/403|[from] item: Leftovers
|turn|36
|
|switch|p1a: Clefable|Clefable, M|394\/394
|move|p2a: Suicune|Calm Mind|p2a: Suicune
|-boost|p2a: Suicune|spa|1
|-boost|p2a: Suicune|spd|1
|
|-weather|Sandstorm|[upkeep]
|-damage|p2a: Suicune|227\/403|[from] sandstorm
|-heal|p2a: Suicune|252\/403|[from] item: Leftovers
|turn|37
|
|move|p2a: Suicune|Calm Mind|p2a: Suicune
|-boost|p2a: Suicune|spa|1
|-boost|p2a: Suicune|spd|1
|move|p1a: Clefable|Calm Mind|p1a: Clefable
|-boost|p1a: Clefable|spa|1
|-boost|p1a: Clefable|spd|1
|
|-weather|Sandstorm|[upkeep]
|-damage|p2a: Suicune|227\/403|[from] sandstorm
|-heal|p2a: Suicune|252\/403|[from] item: Leftovers
|turn|38
|
|move|p2a: Suicune|Scald|p1a: Clefable
|-damage|p1a: Clefable|271\/394
|move|p1a: Clefable|Calm Mind|p1a: Clefable
|-boost|p1a: Clefable|spa|1
|-boost|p1a: Clefable|spd|1
|
|-weather|Sandstorm|[upkeep]
|-damage|p2a: Suicune|227\/403|[from] sandstorm
|-heal|p2a: Suicune|252\/403|[from] item: Leftovers
|-heal|p1a: Clefable|295\/394|[from] item: Leftovers
|turn|39
|
|move|p2a: Suicune|Calm Mind|p2a: Suicune
|-boost|p2a: Suicune|spa|1
|-boost|p2a: Suicune|spd|1
|move|p1a: Clefable|Calm Mind|p1a: Clefable
|-boost|p1a: Clefable|spa|1
|-boost|p1a: Clefable|spd|1
|
|-weather|Sandstorm|[upkeep]
|-damage|p2a: Suicune|227\/403|[from] sandstorm
|-heal|p2a: Suicune|252\/403|[from] item: Leftovers
|-heal|p1a: Clefable|319\/394|[from] item: Leftovers
|turn|40
|
|move|p2a: Suicune|Calm Mind|p2a: Suicune
|-boost|p2a: Suicune|spa|1
|-boost|p2a: Suicune|spd|1
|move|p1a: Clefable|Calm Mind|p1a: Clefable
|-boost|p1a: Clefable|spa|1
|-boost|p1a: Clefable|spd|1
|
|-weather|none
|-heal|p2a: Suicune|277\/403|[from] item: Leftovers
|-heal|p1a: Clefable|343\/394|[from] item: Leftovers
|turn|41
|
|move|p2a: Suicune|Calm Mind|p2a: Suicune
|-boost|p2a: Suicune|spa|1
|-boost|p2a: Suicune|spd|1
|move|p1a: Clefable|Calm Mind|p1a: Clefable
|-boost|p1a: Clefable|spa|1
|-boost|p1a: Clefable|spd|1
|
|-heal|p2a: Suicune|302\/403|[from] item: Leftovers
|-heal|p1a: Clefable|367\/394|[from] item: Leftovers
|turn|42
|
|move|p2a: Suicune|Calm Mind|p2a: Suicune
|-boost|p2a: Suicune|spa|1
|-boost|p2a: Suicune|spd|1
|move|p1a: Clefable|Calm Mind|p1a: Clefable
|-boost|p1a: Clefable|spa|1
|-boost|p1a: Clefable|spd|1
|
|-heal|p2a: Suicune|327\/403|[from] item: Leftovers
|-heal|p1a: Clefable|391\/394|[from] item: Leftovers
|turn|43
|
|move|p2a: Suicune|Scald|p1a: Clefable
|-damage|p1a: Clefable|291\/394
|-status|p1a: Clefable|brn
|move|p1a: Clefable|Moonblast|p2a: Suicune
|-damage|p2a: Suicune|231\/403
|
|-heal|p2a: Suicune|256\/403|[from] item: Leftovers
|-heal|p1a: Clefable|315\/394 brn|[from] item: Leftovers
|turn|44
|
|move|p2a: Suicune|Scald|p1a: Clefable
|-damage|p1a: Clefable|213\/394 brn
|move|p1a: Clefable|Moonblast|p2a: Suicune
|-damage|p2a: Suicune|157\/403
|
|-heal|p2a: Suicune|182\/403|[from] item: Leftovers
|-heal|p1a: Clefable|237\/394 brn|[from] item: Leftovers
|turn|45
|
|move|p2a: Suicune|Scald|p1a: Clefable
|-damage|p1a: Clefable|140\/394 brn
|move|p1a: Clefable|Moonblast|p2a: Suicune
|-damage|p2a: Suicune|80\/403
|
|-heal|p2a: Suicune|105\/403|[from] item: Leftovers
|-heal|p1a: Clefable|164\/394 brn|[from] item: Leftovers
|turn|46
|
|move|p2a: Suicune|Rest|p2a: Suicune
|-status|p2a: Suicune|slp
|-heal|p2a: Suicune|403\/403 slp|[silent]
|-status|p2a: Suicune|slp|[from] move: Rest
|move|p1a: Clefable|Soft-Boiled|p1a: Clefable
|-heal|p1a: Clefable|361\/394 brn
|
|-heal|p1a: Clefable|385\/394 brn|[from] item: Leftovers
|turn|47
|
|cant|p2a: Suicune|slp
|move|p2a: Suicune|Sleep Talk|p2a: Suicune
|move|p2a: Suicune|Rest|p2a: Suicune|[from]Sleep Talk
|-fail|p2a: Suicune
|move|p1a: Clefable|Moonblast|p2a: Suicune
|-crit|p2a: Suicune
|-damage|p2a: Suicune|0 fnt
|faint|p2a: Suicune
|
|-heal|p1a: Clefable|394\/394 brn|[from] item: Leftovers
|
|switch|p2a: Excadrill|Excadrill, F|361\/361
|-ability|p2a: Excadrill|Mold Breaker
|turn|48
|
|move|p2a: Excadrill|Iron Head|p1a: Clefable
|-supereffective|p1a: Clefable
|-damage|p1a: Clefable|130\/394 brn
|move|p1a: Clefable|Flamethrower|p2a: Excadrill
|-supereffective|p2a: Excadrill
|-damage|p2a: Excadrill|0 fnt
|faint|p2a: Excadrill
|
|-heal|p1a: Clefable|154\/394 brn|[from] item: Leftovers
|
|switch|p2a: Pinsir|Pinsir-Mega, F|150\/271
|turn|49
|
|move|p2a: Pinsir|Frustration|p1a: Clefable
|-damage|p1a: Clefable|0 fnt
|faint|p1a: Clefable
|
|
|switch|p1a: Tyranitar|Tyranitar, F|126\/342
|-damage|p1a: Tyranitar|84\/342|[from] Stealth Rock
|-weather|Sandstorm
|turn|50
|
|switch|p2a: Celebi|Celebi|80\/341
|move|p1a: Tyranitar|Crunch|p2a: Celebi
|-supereffective|p2a: Celebi
|-damage|p2a: Celebi|0 fnt
|faint|p2a: Celebi
|
|-weather|Sandstorm|[upkeep]
|
|switch|p2a: Pinsir|Pinsir-Mega, F|150\/271
|turn|51
|
|move|p1a: Tyranitar|Crunch|p2a: Pinsir
|-damage|p2a: Pinsir|15\/271
|move|p2a: Pinsir|Earthquake|p1a: Tyranitar
|-supereffective|p1a: Tyranitar
|-damage|p1a: Tyranitar|0 fnt
|faint|p1a: Tyranitar
|
|-weather|Sandstorm|[upkeep]
|-damage|p2a: Pinsir|0 fnt|[from] sandstorm
|faint|p2a: Pinsir
|
|switch|p1a: Keldeo-Resolute|Keldeo-Resolute|132\/322
|-damage|p1a: Keldeo-Resolute|112\/322|[from] Stealth Rock
|switch|p2a: Landorus-Therian|Landorus-Therian, M|110\/382
|-ability|p2a: Landorus-Therian|Intimidate|[of] p1a: Keldeo-Resolute
|-unboost|p1a: Keldeo-Resolute|atk|1
|turn|52
|
|move|p1a: Keldeo-Resolute|Scald|p2a: Landorus-Therian
|-supereffective|p2a: Landorus-Therian
|-damage|p2a: Landorus-Therian|0 fnt
|faint|p2a: Landorus-Therian
|
|win|tru
|raw|Ladder updating...
|raw|tru's rating: 1704 &rarr; <strong>1720<\/strong><br \/>(+16 for winning)
|raw|sean1993's rating: 1645 &rarr; <strong>1629<\/strong><br \/>(-16 for losing)