|join|Meruu
|join|SelfProclaimedGod
|join|Typhlosion271
|join|Eppy
|player|p1|Meruu|174
|player|p2|SelfProclaimedGod|102
|gametype|singles
|gen|6
|tier|UU
|rule|Sleep Clause Mod: Limit one foe put to sleep
|rule|Species Clause: Limit one of each Pokémon
|rule|OHKO Clause: OHKO moves are banned
|rule|Moody Clause: Moody is banned
|rule|Evasion Moves Clause: Evasion moves are banned
|rule|Endless Battle Clause: Forcing endless battles is banned
|rule|HP Percentage Mod: HP is shown in percentages
|clearpoke
|poke|p1|Lucario, M
|poke|p1|Zygarde
|poke|p1|Azelf
|poke|p1|Celebi
|poke|p1|Mienshao, M
|poke|p1|Raikou
|poke|p2|Cobalion
|poke|p2|Mienshao, F
|poke|p2|Aerodactyl, M
|poke|p2|Tentacruel, M
|poke|p2|Swampert, F
|poke|p2|Aromatisse, M
|rule|Swagger Clause: Swagger is banned
|rule|Baton Pass Clause: Limit one Pokémon knowing Baton Pass
|teampreview
|join|3 hands no purpose
|join|ablert enistein
|join|Gay Bear Sex
|join|Zitan
|c| Zitan|Go Meruu!!
|
|start
|switch|p1a: Zygarde|Zygarde|357\/357
|switch|p2a: Cobalion|Cobalion|323\/323
|-ability|p1a: Zygarde|Aura Break
|turn|1
|
|switch|p2a: Aromatisse|Aromatisse, M|405\/405
|move|p1a: Zygarde|Earthquake|p2a: Aromatisse
|-damage|p2a: Aromatisse|224\/405
|-damage|p1a: Zygarde|322\/357|[from] item: Life Orb
|
|-heal|p2a: Aromatisse|249\/405|[from] item: Leftovers
|turn|2
|
|switch|p1a: Celebi|Celebi|357\/357
|move|p2a: Aromatisse|Moonblast|p1a: Celebi
|-damage|p1a: Celebi|249\/357
|-unboost|p1a: Celebi|spa|1
|
|-heal|p2a: Aromatisse|274\/405|[from] item: Leftovers
|turn|3
|
|switch|p2a: Aerodactyl|Aerodactyl, M|301\/301
|-ability|p2a: Aerodactyl|Unnerve|p1: Meruu
|move|p1a: Celebi|Swords Dance|p1a: Celebi
|-boost|p1a: Celebi|atk|2
|
|turn|4
|
|switch|p2a: Mienshao|Mienshao, F|271\/271
|move|p1a: Celebi|Baton Pass|p1a: Celebi
|join|BlackFlameBullet
|
|switch|p1a: Zygarde|Zygarde|322\/357
|-ability|p1a: Zygarde|Aura Break
|
|turn|5
|c|★Meruu|should i calc this
|c|★Meruu|o.o
|c| BlackFlameBullet|Meruu
|c| BlackFlameBullet|o be a man
|c| BlackFlameBullet|and EQ
|
|switch|p2a: Aromatisse|Aromatisse, M|274\/405
|move|p1a: Zygarde|Extreme Speed|p2a: Aromatisse
|-damage|p2a: Aromatisse|73\/405
|-damage|p1a: Zygarde|287\/357|[from] item: Life Orb
|
|-heal|p2a: Aromatisse|98\/405|[from] item: Leftovers
|turn|6
|c| BlackFlameBullet|I told you
|c| BlackFlameBullet|to EQ
|join|I'm Bi...sharp
|
|move|p1a: Zygarde|Extreme Speed|p2a: Aromatisse
|-damage|p2a: Aromatisse|0 fnt
|-damage|p1a: Zygarde|252\/357|[from] item: Life Orb
|faint|p2a: Aromatisse
|
|c|★Meruu|i already won nerd
|c| BlackFlameBullet|but If you won with less dmg
|c| BlackFlameBullet|on zyggy
|
|switch|p2a: Aerodactyl|Aerodactyl, M|301\/301
|-ability|p2a: Aerodactyl|Unnerve|p1: Meruu
|turn|7
|c| BlackFlameBullet|you are  getting a better
|c| BlackFlameBullet|6-0
|c| I'm Bi...sharp|boyyyyyy, sd cele+Zygarde is sooooo cool. stealing team.
|
|detailschange|p2a: Aerodactyl|Aerodactyl-Mega, M
|-mega|p2a: Aerodactyl|Aerodactyl|Aerodactylite
|move|p2a: Aerodactyl|Ice Fang|p1a: Zygarde
|-supereffective|p1a: Zygarde
|-damage|p1a: Zygarde|0 fnt
|faint|p1a: Zygarde
|
|c|★Meruu|why do people run this
|c|★Meruu|L0L
|join|SadPierrot
|c| BlackFlameBullet|Meruu
|c| 3 hands no purpose|that must hurt
|c| BlackFlameBullet|cause Zyggy
|c| BlackFlameBullet|is Zyggy?
|leave|Zitan
|raw|<div class="broadcast-red"><b>Moderated chat was set to +!<\/b><br \/>Only users of rank + and higher can talk.<\/div>
|
|switch|p1a: Mienshao|Mienshao, M|271\/271
|turn|8
|c|★Meruu|idk who you are but you're cancer
|
|switch|p2a: Tentacruel|Tentacruel, M|363\/363
|move|p1a: Mienshao|High Jump Kick|p2a: Tentacruel
|-resisted|p2a: Tentacruel
|-damage|p2a: Tentacruel|250\/363
|
|-heal|p2a: Tentacruel|272\/363|[from] item: Black Sludge
|turn|9
|
|switch|p1a: Azelf|Azelf|291\/291
|move|p2a: Tentacruel|Toxic Spikes|p1a: Azelf
|-sidestart|p1: Meruu|move: Toxic Spikes
|
|-heal|p2a: Tentacruel|294\/363|[from] item: Black Sludge
|turn|10
|leave|3 hands no purpose
|
|move|p1a: Azelf|Psyshock|p2a: Tentacruel
|-supereffective|p2a: Tentacruel
|-damage|p2a: Tentacruel|22\/363
|move|p2a: Tentacruel|Rapid Spin|p1a: Azelf
|-damage|p1a: Azelf|277\/291
|
|-heal|p2a: Tentacruel|44\/363|[from] item: Black Sludge
|turn|11
|join|dodmen
|
|move|p1a: Azelf|Stealth Rock|p2a: Tentacruel
|-sidestart|p2: SelfProclaimedGod|move: Stealth Rock
|move|p2a: Tentacruel|Rapid Spin|p1a: Azelf
|-damage|p1a: Azelf|262\/291
|-sideend|p2: SelfProclaimedGod|Stealth Rock|[from] move: Rapid Spin|[of] p2a: Tentacruel
|
|-heal|p2a: Tentacruel|66\/363|[from] item: Black Sludge
|turn|12
|
|move|p1a: Azelf|Stealth Rock|p2a: Tentacruel
|-sidestart|p2: SelfProclaimedGod|move: Stealth Rock
|move|p2a: Tentacruel|Rapid Spin|p1a: Azelf
|-damage|p1a: Azelf|248\/291
|-sideend|p2: SelfProclaimedGod|Stealth Rock|[from] move: Rapid Spin|[of] p2a: Tentacruel
|
|-heal|p2a: Tentacruel|88\/363|[from] item: Black Sludge
|turn|13
|join|roast toast
|
|move|p1a: Azelf|Stealth Rock|p2a: Tentacruel
|-sidestart|p2: SelfProclaimedGod|move: Stealth Rock
|move|p2a: Tentacruel|Rapid Spin|p1a: Azelf
|-damage|p1a: Azelf|234\/291
|-sideend|p2: SelfProclaimedGod|Stealth Rock|[from] move: Rapid Spin|[of] p2a: Tentacruel
|
|-heal|p2a: Tentacruel|110\/363|[from] item: Black Sludge
|turn|14
|
|move|p1a: Azelf|Stealth Rock|p2a: Tentacruel
|-sidestart|p2: SelfProclaimedGod|move: Stealth Rock
|move|p2a: Tentacruel|Rapid Spin|p1a: Azelf
|-damage|p1a: Azelf|221\/291
|-sideend|p2: SelfProclaimedGod|Stealth Rock|[from] move: Rapid Spin|[of] p2a: Tentacruel
|
|-heal|p2a: Tentacruel|132\/363|[from] item: Black Sludge
|turn|15
|
|move|p1a: Azelf|Psyshock|p2a: Tentacruel
|-supereffective|p2a: Tentacruel
|-damage|p2a: Tentacruel|0 fnt
|faint|p2a: Tentacruel
|
|
|switch|p2a: Aerodactyl|Aerodactyl-Mega, M|301\/301
|turn|16
|join|s4rcasm
|leave|s4rcasm
|
|move|p2a: Aerodactyl|Stone Edge|p1a: Azelf
|-damage|p1a: Azelf|0 fnt
|faint|p1a: Azelf
|
|
|switch|p1a: Mienshao|Mienshao, M|271\/271
|-status|p1a: Mienshao|psn
|turn|17
|
|switch|p2a: Swampert|Swampert, F|401\/401
|move|p1a: Mienshao|High Jump Kick|p2a: Swampert
|-damage|p2a: Swampert|212\/401
|
|-heal|p2a: Swampert|237\/401|[from] item: Leftovers
|-damage|p1a: Mienshao|238\/271 psn|[from] psn
|turn|18
|join|IheartMagikarp
|
|switch|p1a: Celebi|Celebi|249\/357
|-status|p1a: Celebi|psn
|move|p2a: Swampert|Earthquake|p1a: Celebi
|-resisted|p1a: Celebi
|-damage|p1a: Celebi|179\/357 psn
|
|-heal|p2a: Swampert|262\/401|[from] item: Leftovers
|-damage|p1a: Celebi|135\/357 psn|[from] psn
|turn|19
|
|switch|p2a: Aerodactyl|Aerodactyl-Mega, M|301\/301
|move|p1a: Celebi|Baton Pass|p1a: Celebi
|
|switch|p1a: Mienshao|Mienshao, M|238\/271 psn
|
|-damage|p1a: Mienshao|205\/271 psn|[from] psn
|turn|20
|c|★SelfProclaimedGod|Ez miss
|
|switch|p2a: Mienshao|Mienshao, F|271\/271
|move|p1a: Mienshao|High Jump Kick|p2a: Mienshao
|-damage|p2a: Mienshao|0 fnt
|faint|p2a: Mienshao
|
|-damage|p1a: Mienshao|172\/271 psn|[from] psn
|
|switch|p2a: Swampert|Swampert, F|262\/401
|turn|21
|leave|BlackFlameBullet
|
|switch|p1a: Celebi|Celebi|135\/357
|-status|p1a: Celebi|psn
|move|p2a: Swampert|Earthquake|p1a: Celebi
|-resisted|p1a: Celebi
|-damage|p1a: Celebi|66\/357 psn
|
|-heal|p2a: Swampert|287\/401|[from] item: Leftovers
|-damage|p1a: Celebi|22\/357 psn|[from] psn
|turn|22
|join|Yankmeister
|
|switch|p2a: Cobalion|Cobalion|323\/323
|move|p1a: Celebi|Seed Bomb|p2a: Cobalion
|-resisted|p2a: Cobalion
|-damage|p2a: Cobalion|274\/323
|
|-heal|p2a: Cobalion|294\/323|[from] item: Leftovers
|-damage|p1a: Celebi|0 fnt|[from] psn
|faint|p1a: Celebi
|join|thymetime
|join|swagger on deck
|
|switch|p1a: Mienshao|Mienshao, M|172\/271 psn
|turn|23
|
|move|p1a: Mienshao|High Jump Kick|p2a: Cobalion
|-supereffective|p2a: Cobalion
|-damage|p2a: Cobalion|0 fnt
|faint|p2a: Cobalion
|
|-damage|p1a: Mienshao|139\/271 psn|[from] psn
|
|switch|p2a: Swampert|Swampert, F|287\/401
|turn|24
|c|★Meruu|i dont see how i can lose
|c|★Meruu|aside from hjmiss
|
|switch|p1a: Raikou|Raikou|321\/321
|-status|p1a: Raikou|psn
|-ability|p1a: Raikou|Pressure
|move|p2a: Swampert|Earthquake|p1a: Raikou
|-crit|p1a: Raikou
|-supereffective|p1a: Raikou
|-damage|p1a: Raikou|0 fnt
|faint|p1a: Raikou
|
|-heal|p2a: Swampert|312\/401|[from] item: Leftovers
|c|★SelfProclaimedGod|Fuck I expect that play but didn't do shit about it
|c|★SelfProclaimedGod|anyaays gg
|c|★SelfProclaimedGod|anyways gg*
|
|switch|p1a: Lucario|Lucario, M|281\/281
|turn|25
|
|move|p1a: Lucario|Close Combat|p2a: Swampert
|-damage|p2a: Swampert|113\/401
|-unboost|p1a: Lucario|def|1
|-unboost|p1a: Lucario|spd|1
|-damage|p1a: Lucario|253\/281|[from] item: Life Orb
|move|p2a: Swampert|Earthquake|p1a: Lucario
|-supereffective|p1a: Lucario
|-damage|p1a: Lucario|0 fnt
|faint|p1a: Lucario
|
|-heal|p2a: Swampert|138\/401|[from] item: Leftovers
|c|★SelfProclaimedGod|Two chances to miss
|
|switch|p1a: Mienshao|Mienshao, M|139\/271 psn
|turn|26
|c|★SelfProclaimedGod|kek
|c|★Meruu|i have an 81% chance to win
|
|move|p1a: Mienshao|High Jump Kick|p2a: Swampert
|-damage|p2a: Swampert|0 fnt
|faint|p2a: Swampert
|
|-damage|p1a: Mienshao|106\/271 psn|[from] psn
|c|+dodmen|252 Atk Reckless Mienshao High Jump Kick vs. 0 HP \/ 4 Def Mega Aerodactyl: 282-333 (93.6 - 110.6%) -- 62.5% chance to OHKO
|
|switch|p2a: Aerodactyl|Aerodactyl-Mega, M|301\/301
|turn|27
|c|★Meruu|does this even ko
|join|YMAS3
|c|★Meruu|252 Atk Reckless Mienshao High Jump Kick vs. 0 HP \/ 4 Def Mega Aerodactyl: 282-333 (93.6 - 110.6%) -- 62.5% chance to OHKO
|join|TheStarJirachi
|
|move|p1a: Mienshao|High Jump Kick|p2a: Aerodactyl
|-damage|p2a: Aerodactyl|61\/301
|move|p2a: Aerodactyl|Aerial Ace|p1a: Mienshao
|-supereffective|p1a: Mienshao
|-damage|p1a: Mienshao|0 fnt
|faint|p1a: Mienshao
|
|win|SelfProclaimedGod
|c|★Meruu|balk
|leave|TheStarJirachi
|leave|I'm Bi...sharp
|leave|Eppy
|leave|YMAS3
|leave|ablert enistein
|leave|Meruu
|leave|SadPierrot
|leave|dodmen
|player|p1
|leave|Typhlosion271