|join|Bl153
|join|who can say
|player|p1|Bl153|101
|player|p2|who can say|238
|gametype|singles
|gen|6
|tier|OU
|rated
|clearpoke
|poke|p1|Cobalion
|poke|p1|Landorus-Therian, M
|poke|p1|Heatran, F, shiny
|poke|p1|Rotom-Wash
|poke|p1|Gallade, M
|poke|p1|Sylveon, F
|poke|p2|Rhyperior, M
|poke|p2|Venusaur, M
|poke|p2|Bronzong
|poke|p2|Clefable, F
|poke|p2|Zapdos
|poke|p2|Keldeo
|rule|Swagger Clause: Swagger is banned
|rule|Baton Pass Clause: Limit one Pokémon knowing Baton Pass
|rule|Sleep Clause Mod: Limit one foe put to sleep
|rule|Species Clause: Limit one of each Pokémon
|rule|OHKO Clause: OHKO moves are banned
|rule|Moody Clause: Moody is banned
|rule|Evasion Moves Clause: Evasion moves are banned
|rule|Endless Battle Clause: Forcing endless battles is banned
|rule|HP Percentage Mod: HP is shown in percentages
|teampreview
|c|★Bl153|gl hf
|c|★who can say|hf
|join|Appreciation
|
|start
|switch|p1a: Landorus-Therian|Landorus-Therian, M|381\/381
|switch|p2a: Use Fire|Bronzong|338\/338
|-ability|p1a: Landorus-Therian|Intimidate|[of] p2a: Use Fire
|-unboost|p2a: Use Fire|atk|1
|turn|1
|leave|Appreciation
|
|move|p1a: Landorus-Therian|Knock Off|p2a: Use Fire
|-supereffective|p2a: Use Fire
|-damage|p2a: Use Fire|106\/338
|-enditem|p2a: Use Fire|Leftovers|[from] move: Knock Off|[of] p1a: Landorus-Therian
|move|p2a: Use Fire|Stealth Rock|p1a: Landorus-Therian
|-sidestart|p1: Bl153|move: Stealth Rock
|
|turn|2
|
|switch|p2a: Fat liek ur mum|Venusaur, M|364\/364
|move|p1a: Landorus-Therian|Earthquake|p2a: Fat liek ur mum
|-damage|p2a: Fat liek ur mum|204\/364
|
|turn|3
|
|detailschange|p2a: Fat liek ur mum|Venusaur-Mega, M
|-mega|p2a: Fat liek ur mum|Venusaur|Venusaurite
|move|p1a: Landorus-Therian|U-turn|p2a: Fat liek ur mum
|-damage|p2a: Fat liek ur mum|153\/364
|
|switch|p1a: Gallade|Gallade, M|277\/277
|-damage|p1a: Gallade|260\/277|[from] Stealth Rock
|move|p2a: Fat liek ur mum|Leech Seed|p1a: Gallade
|-start|p1a: Gallade|move: Leech Seed
|
|-damage|p1a: Gallade|226\/277|[from] Leech Seed|[of] p2a: Fat liek ur mum
|-heal|p2a: Fat liek ur mum|187\/364|[silent]
|turn|4
|
|switch|p2a: Zaptwo|Zapdos|384\/384
|-ability|p2a: Zaptwo|Pressure
|detailschange|p1a: Gallade|Gallade-Mega, M
|-mega|p1a: Gallade|Gallade|Galladite
|move|p1a: Gallade|Swords Dance|p1a: Gallade
|-boost|p1a: Gallade|atk|2
|
|-damage|p1a: Gallade|192\/277|[from] Leech Seed|[of] p2a: Zaptwo
|turn|5
|
|move|p1a: Gallade|Ice Punch|p2a: Zaptwo
|-supereffective|p2a: Zaptwo
|-damage|p2a: Zaptwo|56\/384
|move|p2a: Zaptwo|Volt Switch|p1a: Gallade
|-damage|p1a: Gallade|101\/277
|
|switch|p2a: I am gengar|Clefable, F|393\/393
|
|-damage|p1a: Gallade|67\/277|[from] Leech Seed|[of] p2a: I am gengar
|turn|6
|
|switch|p1a: Heatran|Heatran, F, shiny|385\/385
|-damage|p1a: Heatran|337\/385|[from] Stealth Rock
|move|p2a: I am gengar|Wish|p2a: I am gengar
|
|-heal|p1a: Heatran|361\/385|[from] item: Leftovers
|turn|7
|
|switch|p2a: Fat liek ur mum|Venusaur-Mega, M|187\/364
|move|p1a: Heatran|Lava Plume|p2a: Fat liek ur mum
|-supereffective|p2a: Fat liek ur mum
|-damage|p2a: Fat liek ur mum|77\/364
|
|-heal|p2a: Fat liek ur mum|273\/364|[from] move: Wish|[wisher] I am gengar
|-heal|p1a: Heatran|385\/385|[from] item: Leftovers
|turn|8
|
|switch|p2a: Zaptwo|Zapdos|56\/384
|-ability|p2a: Zaptwo|Pressure
|move|p1a: Heatran|Lava Plume|p2a: Zaptwo
|-damage|p2a: Zaptwo|0 fnt
|faint|p2a: Zaptwo
|
|
|switch|p2a: My small horse|Keldeo|324\/324
|turn|9
|
|switch|p1a: Rotom-Wash|Rotom-Wash|303\/303
|-damage|p1a: Rotom-Wash|266\/303|[from] Stealth Rock
|move|p2a: My small horse|Scald|p1a: Rotom-Wash
|-resisted|p1a: Rotom-Wash
|-damage|p1a: Rotom-Wash|196\/303
|
|-heal|p1a: Rotom-Wash|214\/303|[from] item: Leftovers
|turn|10
|
|switch|p2a: Fat liek ur mum|Venusaur-Mega, M|273\/364
|move|p1a: Rotom-Wash|Will-O-Wisp|p2a: Fat liek ur mum
|-status|p2a: Fat liek ur mum|brn
|
|-heal|p1a: Rotom-Wash|232\/303|[from] item: Leftovers
|-damage|p2a: Fat liek ur mum|228\/364 brn|[from] brn
|turn|11
|
|move|p1a: Rotom-Wash|Volt Switch|p2a: Fat liek ur mum
|-resisted|p2a: Fat liek ur mum
|-damage|p2a: Fat liek ur mum|190\/364 brn
|
|switch|p1a: Landorus-Therian|Landorus-Therian, M|381\/381
|-damage|p1a: Landorus-Therian|334\/381|[from] Stealth Rock
|-ability|p1a: Landorus-Therian|Intimidate|[of] p2a: Fat liek ur mum
|-unboost|p2a: Fat liek ur mum|atk|1
|move|p2a: Fat liek ur mum|Synthesis|p2a: Fat liek ur mum
|-heal|p2a: Fat liek ur mum|364\/364 brn
|
|-heal|p1a: Landorus-Therian|357\/381|[from] item: Leftovers
|-damage|p2a: Fat liek ur mum|319\/364 brn|[from] brn
|turn|12
|
|move|p1a: Landorus-Therian|Stealth Rock|p2a: Fat liek ur mum
|-sidestart|p2: who can say|move: Stealth Rock
|move|p2a: Fat liek ur mum|Giga Drain|p1a: Landorus-Therian
|-damage|p1a: Landorus-Therian|230\/381
|-heal|p2a: Fat liek ur mum|364\/364 brn|[from] drain|[of] p1a: Landorus-Therian
|
|-heal|p1a: Landorus-Therian|253\/381|[from] item: Leftovers
|-damage|p2a: Fat liek ur mum|319\/364 brn|[from] brn
|turn|13
|
|move|p1a: Landorus-Therian|Earthquake|p2a: Fat liek ur mum
|-damage|p2a: Fat liek ur mum|202\/364 brn
|move|p2a: Fat liek ur mum|Leech Seed|p1a: Landorus-Therian
|-start|p1a: Landorus-Therian|move: Leech Seed
|
|-heal|p1a: Landorus-Therian|276\/381|[from] item: Leftovers
|-damage|p1a: Landorus-Therian|229\/381|[from] Leech Seed|[of] p2a: Fat liek ur mum
|-heal|p2a: Fat liek ur mum|249\/364 brn|[silent]
|-damage|p2a: Fat liek ur mum|204\/364 brn|[from] brn
|turn|14
|
|move|p1a: Landorus-Therian|U-turn|p2a: Fat liek ur mum
|-damage|p2a: Fat liek ur mum|153\/364 brn
|
|switch|p1a: Cobalion|Cobalion|369\/369
|-damage|p1a: Cobalion|358\/369|[from] Stealth Rock
|move|p2a: Fat liek ur mum|Synthesis|p2a: Fat liek ur mum
|-heal|p2a: Fat liek ur mum|335\/364 brn
|
|-heal|p1a: Cobalion|369\/369|[from] item: Leftovers
|-damage|p2a: Fat liek ur mum|290\/364 brn|[from] brn
|turn|15
|
|move|p1a: Cobalion|Iron Head|p2a: Fat liek ur mum
|-damage|p2a: Fat liek ur mum|224\/364 brn
|move|p2a: Fat liek ur mum|Leech Seed|p1a: Cobalion
|-start|p1a: Cobalion|move: Leech Seed
|
|-damage|p1a: Cobalion|323\/369|[from] Leech Seed|[of] p2a: Fat liek ur mum
|-heal|p2a: Fat liek ur mum|270\/364 brn|[silent]
|-damage|p2a: Fat liek ur mum|225\/364 brn|[from] brn
|turn|16
|
|move|p1a: Cobalion|Volt Switch|p2a: Fat liek ur mum
|-resisted|p2a: Fat liek ur mum
|-damage|p2a: Fat liek ur mum|207\/364 brn
|
|switch|p1a: Landorus-Therian|Landorus-Therian, M|229\/381
|-damage|p1a: Landorus-Therian|182\/381|[from] Stealth Rock
|-ability|p1a: Landorus-Therian|Intimidate|[of] p2a: Fat liek ur mum
|-unboost|p2a: Fat liek ur mum|atk|1
|move|p2a: Fat liek ur mum|Giga Drain|p1a: Landorus-Therian
|-damage|p1a: Landorus-Therian|68\/381
|-heal|p2a: Fat liek ur mum|264\/364 brn|[from] drain|[of] p1a: Landorus-Therian
|
|-heal|p1a: Landorus-Therian|91\/381|[from] item: Leftovers
|-damage|p2a: Fat liek ur mum|219\/364 brn|[from] brn
|turn|17
|
|move|p1a: Landorus-Therian|Earthquake|p2a: Fat liek ur mum
|-damage|p2a: Fat liek ur mum|99\/364 brn
|move|p2a: Fat liek ur mum|Giga Drain|p1a: Landorus-Therian
|-damage|p1a: Landorus-Therian|0 fnt
|-heal|p2a: Fat liek ur mum|145\/364 brn|[from] drain|[of] p1a: Landorus-Therian
|faint|p1a: Landorus-Therian
|
|-damage|p2a: Fat liek ur mum|100\/364 brn|[from] brn
|
|switch|p1a: Gallade|Gallade-Mega, M|67\/277
|-damage|p1a: Gallade|50\/277|[from] Stealth Rock
|turn|18
|
|switch|p2a: I am gengar|Clefable, F|393\/393
|-damage|p2a: I am gengar|344\/393|[from] Stealth Rock
|move|p1a: Gallade|Psycho Cut|p2a: I am gengar
|-damage|p2a: I am gengar|160\/393
|
|-heal|p2a: I am gengar|184\/393|[from] item: Leftovers
|turn|19
|
|move|p2a: I am gengar|Protect|p2a: I am gengar
|-singleturn|p2a: I am gengar|Protect
|move|p1a: Gallade|Psycho Cut|p2a: I am gengar
|-activate|p2a: I am gengar|Protect
|
|-heal|p2a: I am gengar|208\/393|[from] item: Leftovers
|turn|20
|
|switch|p1a: Heatran|Heatran, F, shiny|385\/385
|-damage|p1a: Heatran|337\/385|[from] Stealth Rock
|move|p2a: I am gengar|Wish|p2a: I am gengar
|
|-heal|p1a: Heatran|361\/385|[from] item: Leftovers
|-heal|p2a: I am gengar|232\/393|[from] item: Leftovers
|turn|21
|
|move|p1a: Heatran|Lava Plume|p2a: I am gengar
|-damage|p2a: I am gengar|141\/393
|move|p2a: I am gengar|Heal Bell|p2a: I am gengar
|-cureteam|p2a: I am gengar|[from] move: HealBell
|
|-heal|p2a: I am gengar|337\/393|[from] move: Wish|[wisher] I am gengar
|-heal|p1a: Heatran|385\/385|[from] item: Leftovers
|-heal|p2a: I am gengar|361\/393|[from] item: Leftovers
|turn|22
|
|switch|p2a: Lightningrod|Rhyperior, M|434\/434
|-damage|p2a: Lightningrod|407\/434|[from] Stealth Rock
|move|p1a: Heatran|Toxic|p2a: Lightningrod
|-status|p2a: Lightningrod|tox
|
|-heal|p2a: Lightningrod|434\/434 tox|[from] item: Leftovers
|-damage|p2a: Lightningrod|407\/434 tox|[from] psn
|turn|23
|
|switch|p1a: Rotom-Wash|Rotom-Wash|232\/303
|-damage|p1a: Rotom-Wash|195\/303|[from] Stealth Rock
|switch|p2a: Fat liek ur mum|Venusaur-Mega, M|100\/364
|-damage|p2a: Fat liek ur mum|55\/364|[from] Stealth Rock
|
|-heal|p1a: Rotom-Wash|213\/303|[from] item: Leftovers
|turn|24
|
|move|p1a: Rotom-Wash|Hydro Pump|p2a: Fat liek ur mum
|-resisted|p2a: Fat liek ur mum
|-damage|p2a: Fat liek ur mum|0 fnt
|faint|p2a: Fat liek ur mum
|
|-heal|p1a: Rotom-Wash|231\/303|[from] item: Leftovers
|
|switch|p2a: I am gengar|Clefable, F|361\/393
|-damage|p2a: I am gengar|312\/393|[from] Stealth Rock
|turn|25
|
|move|p1a: Rotom-Wash|Volt Switch|p2a: I am gengar
|-damage|p2a: I am gengar|249\/393
|
|switch|p1a: Heatran|Heatran, F, shiny|385\/385
|-damage|p1a: Heatran|337\/385|[from] Stealth Rock
|move|p2a: I am gengar|Wish|p2a: I am gengar
|
|-heal|p1a: Heatran|361\/385|[from] item: Leftovers
|-heal|p2a: I am gengar|273\/393|[from] item: Leftovers
|turn|26
|
|move|p1a: Heatran|Flash Cannon|p2a: I am gengar
|-supereffective|p2a: I am gengar
|-damage|p2a: I am gengar|73\/393
|move|p2a: I am gengar|Moonblast|p1a: Heatran
|-resisted|p1a: Heatran
|-damage|p1a: Heatran|342\/385
|-unboost|p1a: Heatran|spa|1
|
|-heal|p2a: I am gengar|269\/393|[from] move: Wish|[wisher] I am gengar
|-heal|p1a: Heatran|366\/385|[from] item: Leftovers
|-heal|p2a: I am gengar|293\/393|[from] item: Leftovers
|turn|27
|
|move|p1a: Heatran|Toxic|p2a: I am gengar
|-status|p2a: I am gengar|tox
|move|p2a: I am gengar|Wish|p2a: I am gengar
|
|-heal|p1a: Heatran|385\/385|[from] item: Leftovers
|-heal|p2a: I am gengar|317\/393 tox|[from] item: Leftovers
|-damage|p2a: I am gengar|293\/393 tox|[from] psn
|turn|28
|
|move|p1a: Heatran|Toxic|p2a: I am gengar
|-fail|p2a: I am gengar|tox
|move|p2a: I am gengar|Heal Bell|p2a: I am gengar
|-cureteam|p2a: I am gengar|[from] move: HealBell
|
|-heal|p2a: I am gengar|393\/393|[from] move: Wish|[wisher] I am gengar
|turn|29
|
|move|p1a: Heatran|Flash Cannon|p2a: I am gengar
|-supereffective|p2a: I am gengar
|-damage|p2a: I am gengar|205\/393
|move|p2a: I am gengar|Wish|p2a: I am gengar
|
|-heal|p2a: I am gengar|229\/393|[from] item: Leftovers
|turn|30
|
|switch|p1a: Sylveon|Sylveon, F|387\/387
|-damage|p1a: Sylveon|339\/387|[from] Stealth Rock
|switch|p2a: Use Fire|Bronzong|106\/338
|-damage|p2a: Use Fire|85\/338|[from] Stealth Rock
|
|-heal|p2a: Use Fire|281\/338|[from] move: Wish|[wisher] I am gengar
|turn|31
|
|switch|p1a: Rotom-Wash|Rotom-Wash|231\/303
|-damage|p1a: Rotom-Wash|194\/303|[from] Stealth Rock
|move|p2a: Use Fire|Earthquake|p1a: Rotom-Wash
|-immune|p1a: Rotom-Wash|[msg]
|
|-heal|p1a: Rotom-Wash|212\/303|[from] item: Leftovers
|turn|32
|
|move|p1a: Rotom-Wash|Will-O-Wisp|p2a: Use Fire
|-status|p2a: Use Fire|brn
|move|p2a: Use Fire|Toxic|p1a: Rotom-Wash
|-status|p1a: Rotom-Wash|tox
|
|-heal|p1a: Rotom-Wash|230\/303 tox|[from] item: Leftovers
|-damage|p1a: Rotom-Wash|212\/303 tox|[from] psn
|-damage|p2a: Use Fire|239\/338 brn|[from] brn
|turn|33
|
|switch|p2a: Lightningrod|Rhyperior, M|407\/434
|-damage|p2a: Lightningrod|380\/434|[from] Stealth Rock
|move|p1a: Rotom-Wash|Volt Switch|p2a: Lightningrod
|-immune|p2a: Lightningrod|[msg]
|
|-heal|p1a: Rotom-Wash|230\/303 tox|[from] item: Leftovers
|-heal|p2a: Lightningrod|407\/434|[from] item: Leftovers
|-damage|p1a: Rotom-Wash|194\/303 tox|[from] psn
|turn|34
|
|switch|p2a: My small horse|Keldeo|324\/324
|-damage|p2a: My small horse|304\/324|[from] Stealth Rock
|move|p1a: Rotom-Wash|Pain Split|p2a: My small horse
|-sethp|p2a: My small horse|249\/324|p1a: Rotom-Wash|249\/303 tox|[from] move: Pain Split
|
|-heal|p2a: My small horse|269\/324|[from] item: Leftovers
|-heal|p1a: Rotom-Wash|267\/303 tox|[from] item: Leftovers
|-damage|p1a: Rotom-Wash|213\/303 tox|[from] psn
|turn|35
|
|move|p2a: My small horse|Substitute|p2a: My small horse
|-start|p2a: My small horse|Substitute
|-damage|p2a: My small horse|188\/324
|move|p1a: Rotom-Wash|Volt Switch|p2a: My small horse
|-supereffective|p2a: My small horse
|-end|p2a: My small horse|Substitute
|
|switch|p1a: Gallade|Gallade-Mega, M|50\/277
|-damage|p1a: Gallade|33\/277|[from] Stealth Rock
|
|-heal|p2a: My small horse|208\/324|[from] item: Leftovers
|turn|36
|
|move|p1a: Gallade|Close Combat|p2a: My small horse
|-damage|p2a: My small horse|0 fnt
|-unboost|p1a: Gallade|def|1
|-unboost|p1a: Gallade|spd|1
|faint|p2a: My small horse
|
|-message|who can say forfeited.
|leave|who can say
|
|win|Bl153
|raw|Ladder updating...
|player|p2
|raw|Bl153's rating: 1559 &rarr; <strong>1584<\/strong><br \/>(+25 for winning)
|raw|who can say's rating: 1647 &rarr; <strong>1622<\/strong><br \/>(-25 for losing)