|join|Brancus
|join|Bl153
|player|p1|Brancus|237
|player|p2|Bl153|101
|gametype|singles
|gen|6
|tier|OU
|rated
|clearpoke
|poke|p1|Heatran, M
|poke|p1|Venusaur, F
|poke|p1|Suicune
|poke|p1|Mandibuzz, F
|poke|p1|Landorus-Therian, M
|poke|p1|Clefable, F
|poke|p2|Dragonite, M
|poke|p2|Azumarill, M
|poke|p2|Scizor, M
|poke|p2|Heatran, M, shiny
|poke|p2|Gengar, M
|poke|p2|Rotom-Wash
|rule|Swagger Clause: Swagger is banned
|rule|Baton Pass Clause: Limit one Pokémon knowing Baton Pass
|rule|Sleep Clause Mod: Limit one foe put to sleep
|rule|Species Clause: Limit one of each Pokémon
|rule|OHKO Clause: OHKO moves are banned
|rule|Moody Clause: Moody is banned
|rule|Evasion Moves Clause: Evasion moves are banned
|rule|Endless Battle Clause: Forcing endless battles is banned
|rule|HP Percentage Mod: HP is shown in percentages
|teampreview
|c|★Bl153|gl hf
|c|★Brancus|gl hf
|
|start
|switch|p1a: Landorus-Therian|Landorus-Therian, M|320\/320
|switch|p2a: Azumarill|Azumarill, M|395\/395
|-ability|p1a: Landorus-Therian|Intimidate|[of] p2a: Azumarill
|-unboost|p2a: Azumarill|atk|1
|turn|1
|
|move|p1a: Landorus-Therian|U-turn|p2a: Azumarill
|-resisted|p2a: Azumarill
|-damage|p2a: Azumarill|338\/395
|
|switch|p1a: Bruteroot|Venusaur, F|364\/364
|move|p2a: Azumarill|Waterfall|p1a: Bruteroot
|-resisted|p1a: Bruteroot
|-damage|p1a: Bruteroot|301\/364
|
|turn|2
|
|switch|p2a: Heatran|Heatran, M, shiny|385\/385
|detailschange|p1a: Bruteroot|Venusaur-Mega, F
|-mega|p1a: Bruteroot|Venusaur|Venusaurite
|move|p1a: Bruteroot|Leech Seed|p2a: Heatran
|-start|p2a: Heatran|move: Leech Seed
|
|-damage|p2a: Heatran|337\/385|[from] Leech Seed|[of] p1a: Bruteroot
|-heal|p1a: Bruteroot|349\/364|[silent]
|turn|3
|
|switch|p1a: Landorus-Therian|Landorus-Therian, M|320\/320
|-ability|p1a: Landorus-Therian|Intimidate|[of] p2a: Heatran
|-unboost|p2a: Heatran|atk|1
|move|p2a: Heatran|Stealth Rock|p1a: Landorus-Therian
|-sidestart|p1: Brancus|move: Stealth Rock
|
|-heal|p2a: Heatran|361\/385|[from] item: Leftovers
|-damage|p2a: Heatran|313\/385|[from] Leech Seed|[of] p1a: Landorus-Therian
|turn|4
|
|switch|p2a: Rotom-Wash|Rotom-Wash|303\/303
|move|p1a: Landorus-Therian|Knock Off|p2a: Rotom-Wash
|-damage|p2a: Rotom-Wash|210\/303
|-enditem|p2a: Rotom-Wash|Leftovers|[from] move: Knock Off|[of] p1a: Landorus-Therian
|
|turn|5
|
|switch|p1a: Bruteroot|Venusaur-Mega, F|349\/364
|-damage|p1a: Bruteroot|304\/364|[from] Stealth Rock
|move|p2a: Rotom-Wash|Will-O-Wisp|p1a: Bruteroot
|-status|p1a: Bruteroot|brn
|
|-damage|p1a: Bruteroot|259\/364 brn|[from] brn
|turn|6
|
|move|p2a: Rotom-Wash|Volt Switch|p1a: Bruteroot
|-resisted|p1a: Bruteroot
|-damage|p1a: Bruteroot|230\/364 brn
|
|switch|p2a: Gengar|Gengar, M|261\/261
|move|p1a: Bruteroot|Giga Drain|p2a: Gengar
|-resisted|p2a: Gengar
|-damage|p2a: Gengar|198\/261
|-heal|p1a: Bruteroot|262\/364 brn|[from] drain|[of] p2a: Gengar
|
|-damage|p1a: Bruteroot|217\/364 brn|[from] brn
|turn|7
|
|switch|p1a: Mandibuzz|Mandibuzz, F|424\/424
|-damage|p1a: Mandibuzz|318\/424|[from] Stealth Rock
|move|p2a: Gengar|Sludge Wave|p1a: Mandibuzz
|-damage|p1a: Mandibuzz|138\/424
|
|-heal|p1a: Mandibuzz|164\/424|[from] item: Leftovers
|turn|8
|
|switch|p1a: Heatran|Heatran, M|386\/386
|-damage|p1a: Heatran|338\/386|[from] Stealth Rock
|move|p2a: Gengar|Sludge Wave|p1a: Heatran
|-immune|p1a: Heatran|[msg]
|
|-heal|p1a: Heatran|362\/386|[from] item: Leftovers
|turn|9
|
|switch|p2a: Azumarill|Azumarill, M|338\/395
|move|p1a: Heatran|Lava Plume|p2a: Azumarill
|-resisted|p2a: Azumarill
|-damage|p2a: Azumarill|288\/395
|
|-heal|p1a: Heatran|386\/386|[from] item: Leftovers
|turn|10
|
|switch|p1a: Clefable|Clefable, F|394\/394
|-damage|p1a: Clefable|345\/394|[from] Stealth Rock
|move|p2a: Azumarill|Knock Off|p1a: Clefable
|-resisted|p1a: Clefable
|-damage|p1a: Clefable|286\/394
|-enditem|p1a: Clefable|Leftovers|[from] move: Knock Off|[of] p2a: Azumarill
|
|turn|11
|
|move|p1a: Clefable|Heal Bell|p1a: Clefable
|-cureteam|p1a: Clefable|[from] move: HealBell
|move|p2a: Azumarill|Waterfall|p1a: Clefable
|-crit|p1a: Clefable
|-damage|p1a: Clefable|46\/394
|
|turn|12
|
|move|p1a: Clefable|Wish|p1a: Clefable
|move|p2a: Azumarill|Waterfall|p1a: Clefable
|-damage|p1a: Clefable|0 fnt
|faint|p1a: Clefable
|
|
|switch|p1a: Bruteroot|Venusaur-Mega, F|217\/364
|-damage|p1a: Bruteroot|172\/364|[from] Stealth Rock
|turn|13
|
|switch|p2a: Heatran|Heatran, M, shiny|313\/385
|move|p1a: Bruteroot|Leech Seed|p2a: Heatran
|-start|p2a: Heatran|move: Leech Seed
|
|-heal|p1a: Bruteroot|364\/364|[from] move: Wish|[wisher] Clefable
|-heal|p2a: Heatran|337\/385|[from] item: Leftovers
|-damage|p2a: Heatran|289\/385|[from] Leech Seed|[of] p1a: Bruteroot
|turn|14
|
|switch|p2a: Dragonite|Dragonite, M|347\/347
|switch|p1a: Suicune|Suicune|404\/404
|-damage|p1a: Suicune|354\/404|[from] Stealth Rock
|-ability|p1a: Suicune|Pressure
|
|-heal|p1a: Suicune|379\/404|[from] item: Leftovers
|turn|15
|
|move|p2a: Dragonite|Dragon Claw|p1a: Suicune
|-damage|p1a: Suicune|231\/404
|move|p1a: Suicune|Scald|p2a: Dragonite
|-resisted|p2a: Dragonite
|-damage|p2a: Dragonite|325\/347
|
|-heal|p1a: Suicune|256\/404|[from] item: Leftovers
|turn|16
|
|switch|p2a: Rotom-Wash|Rotom-Wash|210\/303
|move|p1a: Suicune|Scald|p2a: Rotom-Wash
|-resisted|p2a: Rotom-Wash
|-damage|p2a: Rotom-Wash|168\/303
|
|-heal|p1a: Suicune|281\/404|[from] item: Leftovers
|turn|17
|
|move|p2a: Rotom-Wash|Pain Split|p1a: Suicune
|-sethp|p1a: Suicune|224\/404|p2a: Rotom-Wash|224\/303|[from] move: Pain Split
|move|p1a: Suicune|Calm Mind|p1a: Suicune
|-boost|p1a: Suicune|spa|1
|-boost|p1a: Suicune|spd|1
|
|-heal|p1a: Suicune|249\/404|[from] item: Leftovers
|turn|18
|
|move|p2a: Rotom-Wash|Volt Switch|p1a: Suicune
|-crit|p1a: Suicune
|-supereffective|p1a: Suicune
|-damage|p1a: Suicune|25\/404
|
|switch|p2a: Dragonite|Dragonite, M|325\/347
|move|p1a: Suicune|Calm Mind|p1a: Suicune
|-boost|p1a: Suicune|spa|1
|-boost|p1a: Suicune|spd|1
|
|-heal|p1a: Suicune|50\/404|[from] item: Leftovers
|turn|19
|c|★Brancus|fucking crit
|
|move|p2a: Dragonite|Dragon Claw|p1a: Suicune
|-damage|p1a: Suicune|0 fnt
|faint|p1a: Suicune
|
|
|switch|p1a: Mandibuzz|Mandibuzz, F|164\/424
|-damage|p1a: Mandibuzz|58\/424|[from] Stealth Rock
|turn|20
|
|move|p2a: Dragonite|Dragon Claw|p1a: Mandibuzz
|-damage|p1a: Mandibuzz|0 fnt
|faint|p1a: Mandibuzz
|
|
|switch|p1a: Landorus-Therian|Landorus-Therian, M|320\/320
|-damage|p1a: Landorus-Therian|280\/320|[from] Stealth Rock
|-ability|p1a: Landorus-Therian|Intimidate|[of] p2a: Dragonite
|-unboost|p2a: Dragonite|atk|1
|turn|21
|
|switch|p2a: Scizor|Scizor, M|343\/343
|move|p1a: Landorus-Therian|Rock Slide|p2a: Scizor
|-damage|p2a: Scizor|263\/343
|
|turn|22
|
|switch|p1a: Heatran|Heatran, M|386\/386
|-damage|p1a: Heatran|338\/386|[from] Stealth Rock
|detailschange|p2a: Scizor|Scizor-Mega, M
|-mega|p2a: Scizor|Scizor|Scizorite
|move|p2a: Scizor|Roost|p2a: Scizor
|-heal|p2a: Scizor|343\/343
|
|-heal|p1a: Heatran|362\/386|[from] item: Leftovers
|turn|23
|
|switch|p2a: Rotom-Wash|Rotom-Wash|224\/303
|move|p1a: Heatran|Stealth Rock|p2a: Rotom-Wash
|-sidestart|p2: Bl153|move: Stealth Rock
|
|-heal|p1a: Heatran|386\/386|[from] item: Leftovers
|turn|24
|
|move|p2a: Rotom-Wash|Hydro Pump|p1a: Heatran
|-supereffective|p1a: Heatran
|-damage|p1a: Heatran|194\/386
|move|p1a: Heatran|Toxic|p2a: Rotom-Wash
|-status|p2a: Rotom-Wash|tox
|
|-heal|p1a: Heatran|218\/386|[from] item: Leftovers
|-damage|p2a: Rotom-Wash|206\/303 tox|[from] psn
|turn|25
|
|switch|p1a: Bruteroot|Venusaur-Mega, F|364\/364
|-damage|p1a: Bruteroot|319\/364|[from] Stealth Rock
|move|p2a: Rotom-Wash|Volt Switch|p1a: Bruteroot
|-resisted|p1a: Bruteroot
|-damage|p1a: Bruteroot|289\/364
|
|switch|p2a: Scizor|Scizor-Mega, M|343\/343
|-damage|p2a: Scizor|301\/343|[from] Stealth Rock
|
|turn|26
|
|move|p2a: Scizor|Bullet Punch|p1a: Bruteroot
|-damage|p1a: Bruteroot|190\/364
|move|p1a: Bruteroot|Leech Seed|p2a: Scizor
|-start|p2a: Scizor|move: Leech Seed
|
|-damage|p2a: Scizor|259\/343|[from] Leech Seed|[of] p1a: Bruteroot
|-heal|p1a: Bruteroot|232\/364|[silent]
|turn|27
|
|move|p1a: Bruteroot|Giga Drain|p2a: Scizor
|-resisted|p2a: Scizor
|-damage|p2a: Scizor|232\/343
|-heal|p1a: Bruteroot|246\/364|[from] drain|[of] p2a: Scizor
|move|p2a: Scizor|Defog|p1a: Bruteroot
|-unboost|p1a: Bruteroot|evasion|1
|-sideend|p1: Brancus|Stealth Rock|[from] move: Defog|[of] p1a: Bruteroot
|-sideend|p2: Bl153|Stealth Rock|[from] move: Defog|[of] p2a: Scizor
|
|-damage|p2a: Scizor|190\/343|[from] Leech Seed|[of] p1a: Bruteroot
|-heal|p1a: Bruteroot|288\/364|[silent]
|turn|28
|
|switch|p1a: Landorus-Therian|Landorus-Therian, M|280\/320
|-ability|p1a: Landorus-Therian|Intimidate|[of] p2a: Scizor
|-unboost|p2a: Scizor|atk|1
|switch|p2a: Gengar|Gengar, M|198\/261
|
|turn|29
|
|move|p2a: Gengar|Hidden Power|p1a: Landorus-Therian
|-supereffective|p1a: Landorus-Therian
|-damage|p1a: Landorus-Therian|0 fnt
|faint|p1a: Landorus-Therian
|
|c|★Bl153|I thought he might be scarfed
|c|★Bl153|which he was
|c|★Brancus|yes
|c|★Brancus|gengar is f* fast
|c|★Bl153|I was close to Toxicing with Scizor its a bait one glad I didnt
|c|★Bl153|IKR lol
|c|★Bl153|to fast
|c|★Brancus|any suggestions for my team?
|
|switch|p1a: Bruteroot|Venusaur-Mega, F|288\/364
|turn|30
|c|★Brancus|or tips in general?
|c|★Brancus|things i might have done wrong?
|c|★Bl153|Hmmmmm TBH its good I see u like bulky offense and pretty fat mons
|c|★Bl153|Oh thank u though u think that highly of my opinion ? :]
|c|★Bl153|I mean Im ok at this game
|
|switch|p2a: Heatran|Heatran, M, shiny|289\/385
|move|p1a: Bruteroot|Leech Seed|p2a: Heatran|[miss]
|-miss|p1a: Bruteroot|p2a: Heatran
|
|-heal|p2a: Heatran|313\/385|[from] item: Leftovers
|turn|31
|c|★Brancus|i care about the opinion from everyone who beats me or will beat me :p
|
|move|p2a: Heatran|Flash Cannon|p1a: Bruteroot
|-damage|p1a: Bruteroot|209\/364
|move|p1a: Bruteroot|Leech Seed|p2a: Heatran
|-start|p2a: Heatran|move: Leech Seed
|
|-heal|p2a: Heatran|337\/385|[from] item: Leftovers
|-damage|p2a: Heatran|289\/385|[from] Leech Seed|[of] p1a: Bruteroot
|-heal|p1a: Bruteroot|257\/364|[silent]
|turn|32
|c|★Brancus|and people who i beated can say theirs too if it's a good opinion :p
|
|move|p2a: Heatran|Stealth Rock|p1a: Bruteroot
|-sidestart|p1: Brancus|move: Stealth Rock
|move|p1a: Bruteroot|Giga Drain|p2a: Heatran
|-resisted|p2a: Heatran
|-damage|p2a: Heatran|269\/385
|-heal|p1a: Bruteroot|267\/364|[from] drain|[of] p2a: Heatran
|
|-heal|p2a: Heatran|293\/385|[from] item: Leftovers
|-damage|p2a: Heatran|245\/385|[from] Leech Seed|[of] p1a: Bruteroot
|-heal|p1a: Bruteroot|315\/364|[silent]
|turn|33
|
|move|p2a: Heatran|Lava Plume|p1a: Bruteroot
|-supereffective|p1a: Bruteroot
|-damage|p1a: Bruteroot|241\/364
|-status|p1a: Bruteroot|brn
|move|p1a: Bruteroot|Giga Drain|p2a: Heatran
|-crit|p2a: Heatran
|-resisted|p2a: Heatran
|-damage|p2a: Heatran|219\/385
|-heal|p1a: Bruteroot|254\/364 brn|[from] drain|[of] p2a: Heatran
|
|-heal|p2a: Heatran|243\/385|[from] item: Leftovers
|-damage|p2a: Heatran|195\/385|[from] Leech Seed|[of] p1a: Bruteroot
|-heal|p1a: Bruteroot|302\/364 brn|[silent]
|-damage|p1a: Bruteroot|257\/364 brn|[from] brn
|turn|34
|
|move|p2a: Heatran|Ancient Power|p1a: Bruteroot
|-damage|p1a: Bruteroot|219\/364 brn
|move|p1a: Bruteroot|Synthesis|p1a: Bruteroot
|-heal|p1a: Bruteroot|364\/364 brn
|
|-heal|p2a: Heatran|219\/385|[from] item: Leftovers
|-damage|p2a: Heatran|171\/385|[from] Leech Seed|[of] p1a: Bruteroot
|-damage|p1a: Bruteroot|319\/364 brn|[from] brn
|turn|35
|c|★Bl153|I mean IDK your team seems solid TBH maybe it was team match up that cost u plus bringing in Mandi on my D Nite was questionable IMO
|
|move|p2a: Heatran|Ancient Power|p1a: Bruteroot
|-damage|p1a: Bruteroot|278\/364 brn
|move|p1a: Bruteroot|Giga Drain|p2a: Heatran
|-resisted|p2a: Heatran
|-damage|p2a: Heatran|152\/385
|-heal|p1a: Bruteroot|288\/364 brn|[from] drain|[of] p2a: Heatran
|
|-heal|p2a: Heatran|176\/385|[from] item: Leftovers
|-damage|p2a: Heatran|128\/385|[from] Leech Seed|[of] p1a: Bruteroot
|-heal|p1a: Bruteroot|336\/364 brn|[silent]
|-damage|p1a: Bruteroot|291\/364 brn|[from] brn
|turn|36
|c|★Brancus|i thought my mandi was bulkier xD
|c|★Brancus|i needed to get rid of the rocks(defog)
|
|switch|p2a: Gengar|Gengar, M|198\/261
|move|p1a: Bruteroot|Giga Drain|p2a: Gengar
|-resisted|p2a: Gengar
|-damage|p2a: Gengar|136\/261
|-heal|p1a: Bruteroot|322\/364 brn|[from] drain|[of] p2a: Gengar
|
|-damage|p1a: Bruteroot|277\/364 brn|[from] brn
|turn|37
|
|move|p2a: Gengar|Shadow Ball|p1a: Bruteroot
|-crit|p1a: Bruteroot
|-damage|p1a: Bruteroot|144\/364 brn
|move|p1a: Bruteroot|Leech Seed|p2a: Gengar
|-start|p2a: Gengar|move: Leech Seed
|
|-damage|p2a: Gengar|104\/261|[from] Leech Seed|[of] p1a: Bruteroot
|-heal|p1a: Bruteroot|176\/364 brn|[silent]
|-damage|p1a: Bruteroot|131\/364 brn|[from] brn
|turn|38
|
|move|p2a: Gengar|Shadow Ball|p1a: Bruteroot
|-crit|p1a: Bruteroot
|-damage|p1a: Bruteroot|0 fnt
|faint|p1a: Bruteroot
|
|c|★Bl153|Sorry dude
|c|★Bl153|:\/
|c|★Brancus|that's my luck
|c|★Bl153|two straight OH MAN
|
|switch|p1a: Heatran|Heatran, M|218\/386
|-damage|p1a: Heatran|170\/386|[from] Stealth Rock
|turn|39
|c|★Brancus|i was probably going to lose anyway
|
|move|p2a: Gengar|Shadow Ball|p1a: Heatran
|-damage|p1a: Heatran|67\/386
|move|p1a: Heatran|Lava Plume|p2a: Gengar
|-damage|p2a: Gengar|0 fnt
|faint|p2a: Gengar
|
|-heal|p1a: Heatran|91\/386|[from] item: Leftovers
|c|★Brancus|who is my best member against gengar?
|
|switch|p2a: Dragonite|Dragonite, M|325\/347
|turn|40
|c|★Bl153|Mandi IMO
|c|★Bl153|Or Vena
|c|★Bl153|gg
|c|★Brancus|yes, thought so too, need to keep that in mind next time i play against gengar :p
|
|move|p2a: Dragonite|Earthquake|p1a: Heatran
|-supereffective|p1a: Heatran
|-damage|p1a: Heatran|0 fnt
|faint|p1a: Heatran
|
|win|Bl153
|raw|Ladder updating...
|c|★Brancus|gg
|raw|Brancus's rating: 1616 &rarr; <strong>1594<\/strong><br \/>(-22 for losing)
|raw|Bl153's rating: 1585 &rarr; <strong>1607<\/strong><br \/>(+22 for winning)
|c|★Bl153|wp man
|c|★Brancus|thanks, you too ^^
|leave|Brancus
|player|p1