|join|Mrlopertoper
|join|Darth Venomous
|player|p1|Mrlopertoper|183
|player|p2|Darth Venomous|101
|gametype|singles
|gen|6
|tier|OU
|rated
|clearpoke
|poke|p1|Tyranitar, F, shiny
|poke|p1|Excadrill, M
|poke|p1|Talonflame, M
|poke|p1|Landorus-Therian, M
|poke|p1|Magnezone
|poke|p1|Greninja, M
|poke|p2|Conkeldurr, F
|poke|p2|Gengar, M
|poke|p2|Scizor, M
|poke|p2|Gyarados, M
|poke|p2|Mew
|poke|p2|Manectric, F
|rule|Swagger Clause: Swagger is banned
|rule|Baton Pass Clause: Limit one Pokémon knowing Baton Pass
|rule|Sleep Clause Mod: Limit one foe put to sleep
|rule|Species Clause: Limit one of each Pokémon
|rule|OHKO Clause: OHKO moves are banned
|rule|Moody Clause: Moody is banned
|rule|Evasion Moves Clause: Evasion moves are banned
|rule|Endless Battle Clause: Forcing endless battles is banned
|rule|HP Percentage Mod: HP is shown in percentages
|teampreview
|
|start
|switch|p1a: Landorus-Therian|Landorus-Therian, M|382\/382
|switch|p2a: Heart|Scizor, M|308\/308
|-ability|p1a: Landorus-Therian|Intimidate|[of] p2a: Heart
|-unboost|p2a: Heart|atk|1
|turn|1
|
|move|p1a: Landorus-Therian|Stealth Rock|p2a: Heart
|-sidestart|p2: Darth Venomous|move: Stealth Rock
|move|p2a: Heart|U-turn|p1a: Landorus-Therian
|-resisted|p1a: Landorus-Therian
|-damage|p1a: Landorus-Therian|349\/382
|
|switch|p2a: Manectric|Manectric, F|281\/281
|-damage|p2a: Manectric|246\/281|[from] Stealth Rock
|
|-heal|p1a: Landorus-Therian|372\/382|[from] item: Leftovers
|turn|2
|
|switch|p1a: Tyranitar|Tyranitar, F, shiny|342\/342
|-weather|Sandstorm
|detailschange|p2a: Manectric|Manectric-Mega, F
|message|Manectric has Mega Evolved into Mega Manectric!
|-ability|p2a: Manectric|Intimidate|[of] p1a: Tyranitar
|-unboost|p1a: Tyranitar|atk|1
|move|p2a: Manectric|Volt Switch|p1a: Tyranitar
|-damage|p1a: Tyranitar|258\/342
|
|switch|p2a: Darth Sidious|Conkeldurr, F|410\/410
|-damage|p2a: Darth Sidious|385\/410|[from] Stealth Rock
|
|-weather|Sandstorm|[upkeep]
|-damage|p2a: Darth Sidious|360\/410|[from] sandstorm
|-heal|p2a: Darth Sidious|385\/410|[from] item: Leftovers
|turn|3
|
|switch|p1a: Landorus-Therian|Landorus-Therian, M|372\/382
|-ability|p1a: Landorus-Therian|Intimidate|[of] p2a: Darth Sidious
|-unboost|p2a: Darth Sidious|atk|1
|move|p2a: Darth Sidious|Bulk Up|p2a: Darth Sidious
|-boost|p2a: Darth Sidious|atk|1
|-boost|p2a: Darth Sidious|def|1
|
|-weather|Sandstorm|[upkeep]
|-damage|p2a: Darth Sidious|360\/410|[from] sandstorm
|-heal|p1a: Landorus-Therian|382\/382|[from] item: Leftovers
|-heal|p2a: Darth Sidious|385\/410|[from] item: Leftovers
|turn|4
|
|move|p1a: Landorus-Therian|U-turn|p2a: Darth Sidious
|-crit|p2a: Darth Sidious
|-resisted|p2a: Darth Sidious
|-damage|p2a: Darth Sidious|328\/410
|
|switch|p1a: Talonflame|Talonflame, M|320\/320
|move|p2a: Darth Sidious|Bulk Up|p2a: Darth Sidious
|-boost|p2a: Darth Sidious|atk|1
|-boost|p2a: Darth Sidious|def|1
|
|-weather|Sandstorm|[upkeep]
|-damage|p1a: Talonflame|300\/320|[from] sandstorm
|-damage|p2a: Darth Sidious|303\/410|[from] sandstorm
|-heal|p1a: Talonflame|320\/320|[from] item: Leftovers
|-heal|p2a: Darth Sidious|328\/410|[from] item: Leftovers
|turn|5
|
|move|p1a: Talonflame|Swords Dance|p1a: Talonflame
|-boost|p1a: Talonflame|atk|2
|move|p2a: Darth Sidious|Drain Punch|p1a: Talonflame
|-resisted|p1a: Talonflame
|-damage|p1a: Talonflame|212\/320
|-heal|p2a: Darth Sidious|382\/410|[from] drain|[of] p1a: Talonflame
|
|-weather|Sandstorm|[upkeep]
|-damage|p1a: Talonflame|192\/320|[from] sandstorm
|-damage|p2a: Darth Sidious|357\/410|[from] sandstorm
|-heal|p1a: Talonflame|212\/320|[from] item: Leftovers
|-heal|p2a: Darth Sidious|382\/410|[from] item: Leftovers
|turn|6
|
|move|p1a: Talonflame|Brave Bird|p2a: Darth Sidious
|-supereffective|p2a: Darth Sidious
|-damage|p2a: Darth Sidious|50\/410
|-damage|p1a: Talonflame|102\/320|[from] recoil|[of] p2a: Darth Sidious
|move|p2a: Darth Sidious|Knock Off|p1a: Talonflame
|-damage|p1a: Talonflame|0 fnt
|-enditem|p1a: Talonflame|Leftovers|[from] move: Knock Off|[of] p2a: Darth Sidious
|faint|p1a: Talonflame
|
|-weather|none
|-heal|p2a: Darth Sidious|75\/410|[from] item: Leftovers
|
|switch|p1a: Landorus-Therian|Landorus-Therian, M|382\/382
|-ability|p1a: Landorus-Therian|Intimidate|[of] p2a: Darth Sidious
|-unboost|p2a: Darth Sidious|atk|1
|turn|7
|
|move|p1a: Landorus-Therian|Earthquake|p2a: Darth Sidious
|-damage|p2a: Darth Sidious|0 fnt
|faint|p2a: Darth Sidious
|
|
|switch|p2a: Manectric|Manectric-Mega, F|246\/281
|-damage|p2a: Manectric|211\/281|[from] Stealth Rock
|-ability|p2a: Manectric|Intimidate|[of] p1a: Landorus-Therian
|-unboost|p1a: Landorus-Therian|atk|1
|turn|8
|
|move|p2a: Manectric|Hidden Power|p1a: Landorus-Therian
|-supereffective|p1a: Landorus-Therian
|-damage|p1a: Landorus-Therian|10\/382
|move|p1a: Landorus-Therian|Earthquake|p2a: Manectric
|-supereffective|p2a: Manectric
|-damage|p2a: Manectric|0 fnt
|faint|p2a: Manectric
|
|-heal|p1a: Landorus-Therian|33\/382|[from] item: Leftovers
|
|switch|p2a: Gyarados|Gyarados, M|386\/386
|-damage|p2a: Gyarados|290\/386|[from] Stealth Rock
|turn|9
|
|switch|p1a: Tyranitar|Tyranitar, F, shiny|258\/342
|-weather|Sandstorm
|move|p2a: Gyarados|Dragon Dance|p2a: Gyarados
|-boost|p2a: Gyarados|atk|1
|-boost|p2a: Gyarados|spe|1
|
|-weather|Sandstorm|[upkeep]
|-damage|p2a: Gyarados|266\/386|[from] sandstorm
|-heal|p2a: Gyarados|290\/386|[from] item: Leftovers
|turn|10
|
|detailschange|p1a: Tyranitar|Tyranitar-Mega, F, shiny
|message|Tyranitar has Mega Evolved into Mega Tyranitar!
|move|p2a: Gyarados|Waterfall|p1a: Tyranitar
|-supereffective|p1a: Tyranitar
|-damage|p1a: Tyranitar|30\/342
|move|p1a: Tyranitar|Stone Edge|p2a: Gyarados
|-supereffective|p2a: Gyarados
|-damage|p2a: Gyarados|0 fnt
|faint|p2a: Gyarados
|
|-weather|Sandstorm|[upkeep]
|
|switch|p2a: spooky|Gengar, M|261\/261
|-damage|p2a: spooky|229\/261|[from] Stealth Rock
|turn|11
|
|move|p2a: spooky|Shadow Ball|p1a: Tyranitar
|-resisted|p1a: Tyranitar
|-damage|p1a: Tyranitar|0 fnt
|-damage|p2a: spooky|203\/261|[from] item: Life Orb
|faint|p1a: Tyranitar
|
|-weather|Sandstorm|[upkeep]
|-damage|p2a: spooky|187\/261|[from] sandstorm
|
|switch|p1a: Greninja|Greninja, M|285\/285
|turn|12
|
|move|p1a: Greninja|Hydro Pump|p2a: spooky
|-start|p1a: Greninja|typechange|Water|[from] Protean
|-damage|p2a: spooky|0 fnt
|-damage|p1a: Greninja|257\/285|[from] item: Life Orb
|faint|p2a: spooky
|
|-weather|Sandstorm|[upkeep]
|-damage|p1a: Greninja|240\/285|[from] sandstorm
|
|switch|p2a: Mew|Mew|404\/404
|-damage|p2a: Mew|354\/404|[from] Stealth Rock
|turn|13
|
|move|p1a: Greninja|Hydro Pump|p2a: Mew
|-damage|p2a: Mew|193\/404
|-damage|p1a: Greninja|212\/285|[from] item: Life Orb
|move|p2a: Mew|Soft-Boiled|p2a: Mew
|-heal|p2a: Mew|395\/404
|
|-weather|none
|-heal|p2a: Mew|404\/404|[from] item: Leftovers
|turn|14
|
|switch|p1a: Excadrill|Excadrill, M|362\/362
|move|p2a: Mew|Transform|p1a: Excadrill
|-transform|p2a: Mew|p1a: Excadrill
|
|turn|15
|
|move|p1a: Excadrill|Earthquake|p2a: Mew
|-supereffective|p2a: Mew
|-damage|p2a: Mew|0 fnt
|-damage|p1a: Excadrill|326\/362|[from] item: Life Orb
|faint|p2a: Mew
|
|-message|Darth Venomous forfeited.
|
|win|Mrlopertoper
|raw|Ladder updating...
|leave|Darth Venomous
|player|p2