|join|Darth Venomous
|join|Chocolove
|player|p1|Darth Venomous|265
|player|p2|Chocolove|29
|gametype|singles
|gen|6
|tier|OU
|rated
|clearpoke
|poke|p1|Conkeldurr, F
|poke|p1|Jirachi
|poke|p1|Milotic, F
|poke|p1|Thundurus-Therian, M
|poke|p1|Landorus-Therian, M
|poke|p1|Sableye, M
|poke|p2|Mew
|poke|p2|Gyarados, M
|poke|p2|Latias, F
|poke|p2|Thundurus, M
|poke|p2|Mamoswine, M
|poke|p2|Scizor, F
|rule|Swagger Clause: Swagger is banned
|rule|Baton Pass Clause: Limit one Pokémon knowing Baton Pass
|rule|Sleep Clause Mod: Limit one foe put to sleep
|rule|Species Clause: Limit one of each Pokémon
|rule|OHKO Clause: OHKO moves are banned
|rule|Moody Clause: Moody is banned
|rule|Evasion Moves Clause: Evasion moves are banned
|rule|Endless Battle Clause: Forcing endless battles is banned
|rule|HP Percentage Mod: HP is shown in percentages
|teampreview
|
|start
|switch|p1a: Sableye|Sableye, M|295\/295
|switch|p2a: Varys|Mew|404\/404
|turn|1
|
|switch|p2a: Robert|Thundurus, M|299\/299
|move|p1a: Sableye|Taunt|p2a: Robert
|-start|p2a: Robert|move: Taunt
|
|turn|2
|
|switch|p1a: Landorus-Therian|Landorus-Therian, M|319\/319
|-ability|p1a: Landorus-Therian|Intimidate|[of] p2a: Robert
|-unboost|p2a: Robert|atk|1
|move|p2a: Robert|Hidden Power|p1a: Landorus-Therian
|-supereffective|p1a: Landorus-Therian
|-damage|p1a: Landorus-Therian|0 fnt
|faint|p1a: Landorus-Therian
|
|
|switch|p1a: Jirachi|Jirachi|404\/404
|turn|3
|
|move|p2a: Robert|Thunderbolt|p1a: Jirachi
|-damage|p1a: Jirachi|283\/404
|move|p1a: Jirachi|Stealth Rock|p2a: Robert
|-sidestart|p2: Chocolove|move: Stealth Rock
|
|-heal|p1a: Jirachi|308\/404|[from] item: Leftovers
|turn|4
|
|move|p2a: Robert|Thunderbolt|p1a: Jirachi
|-damage|p1a: Jirachi|190\/404
|move|p1a: Jirachi|Body Slam|p2a: Robert
|-damage|p2a: Robert|205\/299
|
|-heal|p2a: Robert|223\/299|[from] item: Leftovers
|-heal|p1a: Jirachi|215\/404|[from] item: Leftovers
|-end|p2a: Robert|move: Taunt
|turn|5
|
|move|p2a: Robert|Nasty Plot|p2a: Robert
|-boost|p2a: Robert|spa|2
|move|p1a: Jirachi|Body Slam|p2a: Robert
|-damage|p2a: Robert|131\/299
|
|-heal|p2a: Robert|149\/299|[from] item: Leftovers
|-heal|p1a: Jirachi|240\/404|[from] item: Leftovers
|turn|6
|-message|Darth Venomous forfeited.
|leave|Darth Venomous
|
|win|Chocolove
|raw|Ladder updating...
|player|p1
|raw|Darth Venomous's rating: 1519 &rarr; <strong>1497<\/strong><br \/>(-22 for losing)
|raw|Chocolove's rating: 1486 &rarr; <strong>1508<\/strong><br \/>(+22 for winning)