|join|Draegod
|join|Jack41
|player|p1|Draegod|238
|player|p2|Jack41|17
|gametype|singles
|gen|6
|tier|OU
|rated
|clearpoke
|poke|p1|Kingdra, F
|poke|p1|Galvantula, M
|poke|p1|Klefki, F
|poke|p1|Donphan, M
|poke|p1|Kyurem-Black
|poke|p1|Manaphy
|poke|p2|Thundurus, M
|poke|p2|Azumarill, F
|poke|p2|Volcarona, F
|poke|p2|Garchomp, M
|poke|p2|Medicham, M
|poke|p2|Bisharp, F
|rule|Swagger Clause: Swagger is banned
|rule|Baton Pass Clause: Limit one Pokémon knowing Baton Pass
|rule|Sleep Clause Mod: Limit one foe put to sleep
|rule|Species Clause: Limit one of each Pokémon
|rule|OHKO Clause: OHKO moves are banned
|rule|Moody Clause: Moody is banned
|rule|Evasion Moves Clause: Evasion moves are banned
|rule|Endless Battle Clause: Forcing endless battles is banned
|rule|HP Percentage Mod: HP is shown in percentages
|teampreview
|
|start
|switch|p1a: Klefki|Klefki, F|256\/256
|switch|p2a: Medicham|Medicham, M|261\/261
|turn|1
|
|detailschange|p2a: Medicham|Medicham-Mega, M
|-mega|p2a: Medicham|Medicham|Medichamite
|move|p2a: Medicham|Fake Out|p1a: Klefki
|-resisted|p1a: Klefki
|-damage|p1a: Klefki|223\/256
|cant|p1a: Klefki|flinch
|
|turn|2
|
|switch|p2a: Garchomp|Garchomp, M|357\/357
|move|p1a: Klefki|Reflect|p1a: Klefki
|-sidestart|p1: Draegod|Reflect
|
|turn|3
|
|switch|p1a: Galvantula|Galvantula, M|282\/282
|move|p2a: Garchomp|Stealth Rock|p1a: Galvantula
|-sidestart|p1: Draegod|move: Stealth Rock
|
|turn|4
|
|move|p1a: Galvantula|Sticky Web|p2a: Garchomp
|-sidestart|p2: Jack41|move: Sticky Web
|move|p2a: Garchomp|Swords Dance|p2a: Garchomp
|-boost|p2a: Garchomp|atk|2
|
|turn|5
|
|move|p1a: Galvantula|Bug Buzz|p2a: Garchomp
|-crit|p2a: Garchomp
|-damage|p2a: Garchomp|113\/357
|move|p2a: Garchomp|Dragon Claw|p1a: Galvantula
|-damage|p1a: Galvantula|84\/282
|
|turn|6
|
|move|p1a: Galvantula|Bug Buzz|p2a: Garchomp
|-damage|p2a: Garchomp|0 fnt
|faint|p2a: Garchomp
|
|
|switch|p2a: Bisharp|Bisharp, F|271\/271
|-activate|p2a: Bisharp|move: Sticky Web
|-unboost|p2a: Bisharp|spe|1
|-boost|p2a: Bisharp|atk|2|[from] ability: Defiant
|turn|7
|
|move|p2a: Bisharp|Sucker Punch|p1a: Galvantula
|-fail|p1a: Galvantula
|move|p1a: Galvantula|Thunder Wave|p2a: Bisharp
|-status|p2a: Bisharp|par
|
|turn|8
|
|move|p2a: Bisharp|Sucker Punch|p1a: Galvantula
|-damage|p1a: Galvantula|0 fnt
|-damage|p2a: Bisharp|244\/271 par|[from] item: Life Orb
|faint|p1a: Galvantula
|
|
|switch|p1a: Donphan|Donphan, M|322\/322
|-damage|p1a: Donphan|302\/322|[from] Stealth Rock
|turn|9
|
|switch|p2a: Thundurus|Thundurus, M|299\/299
|move|p1a: Donphan|Stealth Rock|p2a: Thundurus
|-sidestart|p2: Jack41|move: Stealth Rock
|
|-heal|p1a: Donphan|322\/322|[from] item: Leftovers
|-sideend|p1: Draegod|Reflect
|turn|10
|
|move|p2a: Thundurus|Hidden Power|p1a: Donphan
|-supereffective|p1a: Donphan
|-damage|p1a: Donphan|52\/322
|-damage|p2a: Thundurus|270\/299|[from] item: Life Orb
|move|p1a: Donphan|Rapid Spin|p2a: Thundurus
|-crit|p2a: Thundurus
|-damage|p2a: Thundurus|218\/299
|-sideend|p1: Draegod|Stealth Rock|[from] move: Rapid Spin|[of] p1a: Donphan
|
|-heal|p1a: Donphan|72\/322|[from] item: Leftovers
|turn|11
|
|move|p2a: Thundurus|Hidden Power|p1a: Donphan
|-supereffective|p1a: Donphan
|-damage|p1a: Donphan|0 fnt
|-damage|p2a: Thundurus|189\/299|[from] item: Life Orb
|faint|p1a: Donphan
|
|
|switch|p1a: Klefki|Klefki, F|223\/256
|turn|12
|
|switch|p2a: Bisharp|Bisharp, F|244\/271 par
|-activate|p2a: Bisharp|move: Sticky Web
|-unboost|p2a: Bisharp|spe|1
|-boost|p2a: Bisharp|atk|2|[from] ability: Defiant
|-damage|p2a: Bisharp|228\/271 par|[from] Stealth Rock
|move|p1a: Klefki|Light Screen|p1a: Klefki
|-sidestart|p1: Draegod|move: Light Screen
|
|turn|13
|
|move|p1a: Klefki|Reflect|p1a: Klefki
|-sidestart|p1: Draegod|Reflect
|move|p2a: Bisharp|Swords Dance|p2a: Bisharp
|-boost|p2a: Bisharp|atk|2
|
|turn|14
|
|switch|p1a: Kingdra|Kingdra, F|292\/292
|move|p2a: Bisharp|Swords Dance|p2a: Bisharp
|-boost|p2a: Bisharp|atk|2
|
|turn|15
|
|cant|p2a: Bisharp|par
|move|p1a: Kingdra|Focus Energy|p1a: Kingdra
|-start|p1a: Kingdra|move: Focus Energy
|
|turn|16
|
|move|p2a: Bisharp|Sucker Punch|p1a: Kingdra
|-damage|p1a: Kingdra|0 fnt
|-damage|p2a: Bisharp|201\/271 par|[from] item: Life Orb
|faint|p1a: Kingdra
|
|
|switch|p1a: Manaphy|Manaphy|341\/341
|turn|17
|
|move|p1a: Manaphy|Tail Glow|p1a: Manaphy
|-boost|p1a: Manaphy|spa|3
|move|p2a: Bisharp|Knock Off|p1a: Manaphy
|-damage|p1a: Manaphy|0 fnt
|-enditem|p1a: Manaphy|Leftovers|[from] move: Knock Off|[of] p2a: Bisharp
|-damage|p2a: Bisharp|174\/271 par|[from] item: Life Orb
|faint|p1a: Manaphy
|
|
|switch|p1a: Kyurem-Black|Kyurem-Black|392\/392
|-ability|p1a: Kyurem-Black|Teravolt
|turn|18
|
|move|p2a: Bisharp|Sucker Punch|p1a: Kyurem-Black
|-damage|p1a: Kyurem-Black|0 fnt
|-damage|p2a: Bisharp|147\/271 par|[from] item: Life Orb
|faint|p1a: Kyurem-Black
|
|-message|Draegod forfeited.
|leave|Draegod
|
|win|Jack41
|raw|Ladder updating...
|player|p1