|join|jack41
|join|Shenlong1
|player|p1|jack41|169
|player|p2|Shenlong1|101
|gametype|singles
|gen|6
|tier|OU
|rated
|clearpoke
|poke|p1|Metagross
|poke|p1|Volcarona, F
|poke|p1|Garchomp, F
|poke|p1|Starmie
|poke|p1|Bisharp, M
|poke|p1|Talonflame, F
|poke|p2|Swampert, M
|poke|p2|Kingdra, M
|poke|p2|Celebi
|poke|p2|Toxicroak, M
|poke|p2|Politoed, M
|poke|p2|Ferrothorn, F
|rule|Swagger Clause: Swagger is banned
|rule|Baton Pass Clause: Limit one Pokémon knowing Baton Pass
|rule|Sleep Clause Mod: Limit one foe put to sleep
|rule|Species Clause: Limit one of each Pokémon
|rule|OHKO Clause: OHKO moves are banned
|rule|Moody Clause: Moody is banned
|rule|Evasion Moves Clause: Evasion moves are banned
|rule|Endless Battle Clause: Forcing endless battles is banned
|rule|HP Percentage Mod: HP is shown in percentages
|teampreview
|
|start
|switch|p1a: Garchomp|Garchomp, F|357\/357
|switch|p2a: Politoed|Politoed, M|383\/383
|-weather|RainDance
|turn|1
|
|move|p1a: Garchomp|Stealth Rock|p2a: Politoed
|-sidestart|p2: Shenlong1|move: Stealth Rock
|move|p2a: Politoed|Scald|p1a: Garchomp
|-damage|p1a: Garchomp|206\/357
|
|-weather|RainDance|[upkeep]
|turn|2
|
|move|p1a: Garchomp|Dragon Claw|p2a: Politoed
|-damage|p2a: Politoed|215\/383
|move|p2a: Politoed|Scald|p1a: Garchomp
|-damage|p1a: Garchomp|68\/357
|-status|p1a: Garchomp|brn
|-enditem|p1a: Garchomp|Lum Berry|[eat]
|-curestatus|p1a: Garchomp|brn
|
|-weather|RainDance|[upkeep]
|turn|3
|
|switch|p2a: Ferrothorn|Ferrothorn, F|352\/352
|-damage|p2a: Ferrothorn|330\/352|[from] Stealth Rock
|move|p1a: Garchomp|Earthquake|p2a: Ferrothorn
|-damage|p2a: Ferrothorn|203\/352
|
|-weather|RainDance|[upkeep]
|turn|4
|
|move|p1a: Garchomp|Earthquake|p2a: Ferrothorn
|-damage|p2a: Ferrothorn|85\/352
|move|p2a: Ferrothorn|Stealth Rock|p1a: Garchomp
|-sidestart|p1: jack41|move: Stealth Rock
|
|-weather|RainDance|[upkeep]
|turn|5
|
|move|p1a: Garchomp|Earthquake|p2a: Ferrothorn
|-damage|p2a: Ferrothorn|0 fnt
|faint|p2a: Ferrothorn
|
|-weather|RainDance|[upkeep]
|
|switch|p2a: Kingdra|Kingdra, M|298\/298
|-damage|p2a: Kingdra|261\/298|[from] Stealth Rock
|turn|6
|
|move|p2a: Kingdra|Ice Beam|p1a: Garchomp
|-supereffective|p1a: Garchomp
|-damage|p1a: Garchomp|0 fnt
|faint|p1a: Garchomp
|
|-weather|RainDance|[upkeep]
|
|switch|p1a: Starmie|Starmie|261\/261
|-damage|p1a: Starmie|229\/261|[from] Stealth Rock
|turn|7
|
|switch|p2a: Celebi|Celebi|377\/377
|-damage|p2a: Celebi|330\/377|[from] Stealth Rock
|move|p1a: Starmie|Rapid Spin|p2a: Celebi
|-damage|p2a: Celebi|314\/377
|-sideend|p1: jack41|Stealth Rock|[from] move: Rapid Spin|[of] p1a: Starmie
|-damage|p1a: Starmie|203\/261|[from] item: Life Orb
|
|-weather|RainDance|[upkeep]
|turn|8
|
|switch|p2a: Toxicroak|Toxicroak, M|313\/313
|-damage|p2a: Toxicroak|294\/313|[from] Stealth Rock
|move|p1a: Starmie|Ice Beam|p2a: Toxicroak
|-damage|p2a: Toxicroak|119\/313
|-damage|p1a: Starmie|177\/261|[from] item: Life Orb
|
|-weather|none
|turn|9
|
|move|p2a: Toxicroak|Sucker Punch|p1a: Starmie
|-supereffective|p1a: Starmie
|-damage|p1a: Starmie|0 fnt
|-damage|p2a: Toxicroak|88\/313|[from] item: Life Orb
|faint|p1a: Starmie
|
|
|switch|p1a: Volcarona|Volcarona, F|329\/329
|turn|10
|
|move|p1a: Volcarona|Quiver Dance|p1a: Volcarona
|-boost|p1a: Volcarona|spa|1
|-boost|p1a: Volcarona|spd|1
|-boost|p1a: Volcarona|spe|1
|move|p2a: Toxicroak|Gunk Shot|p1a: Volcarona
|-damage|p1a: Volcarona|0 fnt
|-damage|p2a: Toxicroak|57\/313|[from] item: Life Orb
|faint|p1a: Volcarona
|
|
|switch|p1a: Metagross|Metagross|301\/301
|turn|11
|
|detailschange|p1a: Metagross|Metagross-Mega
|-mega|p1a: Metagross|Metagross|Metagrossite
|move|p2a: Toxicroak|Drain Punch|p1a: Metagross
|-damage|p1a: Metagross|194\/301
|-heal|p2a: Toxicroak|111\/313|[from] drain|[of] p1a: Metagross
|-damage|p2a: Toxicroak|80\/313|[from] item: Life Orb
|move|p1a: Metagross|Earthquake|p2a: Toxicroak
|-supereffective|p2a: Toxicroak
|-damage|p2a: Toxicroak|0 fnt
|faint|p2a: Toxicroak
|
|
|switch|p2a: Politoed|Politoed, M|215\/383
|-damage|p2a: Politoed|168\/383|[from] Stealth Rock
|-weather|RainDance
|turn|12
|
|move|p1a: Metagross|Zen Headbutt|p2a: Politoed
|-crit|p2a: Politoed
|-damage|p2a: Politoed|0 fnt
|faint|p2a: Politoed
|
|-weather|RainDance|[upkeep]
|
|switch|p2a: Kingdra|Kingdra, M|261\/298
|-damage|p2a: Kingdra|224\/298|[from] Stealth Rock
|turn|13
|
|move|p2a: Kingdra|Hydro Pump|p1a: Metagross|[miss]
|-miss|p2a: Kingdra|p1a: Metagross
|move|p1a: Metagross|Earthquake|p2a: Kingdra
|-crit|p2a: Kingdra
|-damage|p2a: Kingdra|12\/298
|
|-weather|RainDance|[upkeep]
|turn|14
|
|move|p2a: Kingdra|Hydro Pump|p1a: Metagross|[miss]
|-miss|p2a: Kingdra|p1a: Metagross
|move|p1a: Metagross|Earthquake|p2a: Kingdra
|-damage|p2a: Kingdra|0 fnt
|faint|p2a: Kingdra
|
|-weather|RainDance|[upkeep]
|c|★jack41|so sorry
|
|switch|p2a: Swampert|Swampert, M|360\/360
|-damage|p2a: Swampert|338\/360|[from] Stealth Rock
|turn|15
|
|detailschange|p2a: Swampert|Swampert-Mega, M
|-mega|p2a: Swampert|Swampert|Swampertite
|move|p1a: Metagross|Earthquake|p2a: Swampert
|-damage|p2a: Swampert|226\/360
|move|p2a: Swampert|Earthquake|p1a: Metagross
|-supereffective|p1a: Metagross
|-damage|p1a: Metagross|0 fnt
|faint|p1a: Metagross
|
|-weather|RainDance|[upkeep]
|
|switch|p1a: Bisharp|Bisharp, M|271\/271
|turn|16
|
|switch|p2a: Celebi|Celebi|314\/377
|-damage|p2a: Celebi|267\/377|[from] Stealth Rock
|move|p1a: Bisharp|Swords Dance|p1a: Bisharp
|-boost|p1a: Bisharp|atk|2
|
|-weather|RainDance|[upkeep]
|turn|17
|
|move|p2a: Celebi|Hidden Power|p1a: Bisharp
|-supereffective|p1a: Bisharp
|-damage|p1a: Bisharp|159\/271
|-damage|p2a: Celebi|230\/377|[from] item: Life Orb
|move|p1a: Bisharp|Knock Off|p2a: Celebi
|-supereffective|p2a: Celebi
|-damage|p2a: Celebi|0 fnt
|-enditem|p2a: Celebi|Life Orb|[from] move: Knock Off|[of] p1a: Bisharp
|faint|p2a: Celebi
|
|-weather|RainDance|[upkeep]
|-message|Shenlong1 forfeited.
|leave|Shenlong1
|
|win|jack41
|raw|Ladder updating...
|player|p2
|raw|jack41's rating: 1614 &rarr; <strong>1628<\/strong><br \/>(+14 for winning)
|raw|Shenlong1's rating: 1516 &rarr; <strong>1502<\/strong><br \/>(-14 for losing)