|join|Gattsbsk
|join|Jack41
|player|p1|Gattsbsk|101
|player|p2|Jack41|17
|gametype|singles
|gen|6
|tier|OU
|rated
|clearpoke
|poke|p1|Gliscor, M
|poke|p1|Azumarill, F
|poke|p1|Latios, M
|poke|p1|Rotom-Wash
|poke|p1|Heatran, M
|poke|p1|Diancie
|poke|p2|Diancie
|poke|p2|Volcarona, F
|poke|p2|Keldeo-Resolute
|poke|p2|Garchomp, M
|poke|p2|Bisharp, M
|poke|p2|Latias, F
|rule|Swagger Clause: Swagger is banned
|rule|Baton Pass Clause: Limit one Pokémon knowing Baton Pass
|rule|Sleep Clause Mod: Limit one foe put to sleep
|rule|Species Clause: Limit one of each Pokémon
|rule|OHKO Clause: OHKO moves are banned
|rule|Moody Clause: Moody is banned
|rule|Evasion Moves Clause: Evasion moves are banned
|rule|Endless Battle Clause: Forcing endless battles is banned
|rule|HP Percentage Mod: HP is shown in percentages
|teampreview
|
|start
|switch|p1a: Diancie|Diancie|242\/242
|switch|p2a: Garchomp|Garchomp, M|357\/357
|turn|1
|
|switch|p2a: Keldeo-Resolute|Keldeo-Resolute|323\/323
|detailschange|p1a: Diancie|Diancie-Mega
|-mega|p1a: Diancie|Diancie|Diancite
|move|p1a: Diancie|Moonblast|p2a: Keldeo-Resolute
|-supereffective|p2a: Keldeo-Resolute
|-damage|p2a: Keldeo-Resolute|0 fnt
|faint|p2a: Keldeo-Resolute
|
|
|switch|p2a: Bisharp|Bisharp, M|271\/271
|turn|2
|
|switch|p1a: Gliscor|Gliscor, M|354\/354
|move|p2a: Bisharp|Iron Head|p1a: Gliscor
|-damage|p1a: Gliscor|208\/354
|-damage|p2a: Bisharp|244\/271|[from] item: Life Orb
|
|-status|p1a: Gliscor|tox|[from] item: Toxic Orb
|turn|3
|
|switch|p2a: Garchomp|Garchomp, M|357\/357
|move|p1a: Gliscor|Knock Off|p2a: Garchomp
|-damage|p2a: Garchomp|278\/357
|-damage|p1a: Gliscor|164\/354 tox|[from] ability: Rough Skin|[of] p2a: Garchomp
|-enditem|p2a: Garchomp|Lum Berry|[from] move: Knock Off|[of] p1a: Gliscor
|
|-heal|p1a: Gliscor|208\/354 tox|[from] ability: Poison Heal
|turn|4
|
|move|p2a: Garchomp|Earthquake|p1a: Gliscor
|-immune|p1a: Gliscor|[msg]
|move|p1a: Gliscor|Toxic|p2a: Garchomp
|-status|p2a: Garchomp|tox
|
|-damage|p2a: Garchomp|256\/357 tox|[from] psn
|-heal|p1a: Gliscor|252\/354 tox|[from] ability: Poison Heal
|turn|5
|
|move|p2a: Garchomp|Stealth Rock|p1a: Gliscor
|-sidestart|p1: Gattsbsk|move: Stealth Rock
|move|p1a: Gliscor|Earthquake|p2a: Garchomp
|-damage|p2a: Garchomp|141\/357 tox
|
|-damage|p2a: Garchomp|97\/357 tox|[from] psn
|-heal|p1a: Gliscor|296\/354 tox|[from] ability: Poison Heal
|turn|6
|
|move|p2a: Garchomp|Dragon Claw|p1a: Gliscor
|-damage|p1a: Gliscor|187\/354 tox
|move|p1a: Gliscor|Earthquake|p2a: Garchomp
|-damage|p2a: Garchomp|0 fnt
|faint|p2a: Garchomp
|
|-heal|p1a: Gliscor|231\/354 tox|[from] ability: Poison Heal
|
|switch|p2a: Volcarona|Volcarona, F|329\/329
|turn|7
|
|move|p2a: Volcarona|Quiver Dance|p2a: Volcarona
|-boost|p2a: Volcarona|spa|1
|-boost|p2a: Volcarona|spd|1
|-boost|p2a: Volcarona|spe|1
|move|p1a: Gliscor|Taunt|p2a: Volcarona
|-start|p2a: Volcarona|move: Taunt
|
|-heal|p1a: Gliscor|275\/354 tox|[from] ability: Poison Heal
|turn|8
|
|move|p2a: Volcarona|Fiery Dance|p1a: Gliscor
|-crit|p1a: Gliscor
|-damage|p1a: Gliscor|0 fnt
|-boost|p2a: Volcarona|spa|1
|-damage|p2a: Volcarona|297\/329|[from] item: Life Orb
|faint|p1a: Gliscor
|
|
|switch|p1a: Heatran|Heatran, M|323\/323
|-damage|p1a: Heatran|283\/323|[from] Stealth Rock
|-item|p1a: Heatran|Air Balloon
|turn|9
|
|move|p2a: Volcarona|Bug Buzz|p1a: Heatran
|-resisted|p1a: Heatran
|-damage|p1a: Heatran|188\/323
|-enditem|p1a: Heatran|Air Balloon
|-damage|p2a: Volcarona|265\/329|[from] item: Life Orb
|move|p1a: Heatran|Toxic|p2a: Volcarona
|-status|p2a: Volcarona|tox
|
|-damage|p2a: Volcarona|245\/329 tox|[from] psn
|turn|10
|join|Corazono
|
|move|p2a: Volcarona|Bug Buzz|p1a: Heatran
|-resisted|p1a: Heatran
|-damage|p1a: Heatran|79\/323
|-damage|p2a: Volcarona|213\/329 tox|[from] item: Life Orb
|move|p1a: Heatran|Earth Power|p2a: Volcarona
|-damage|p2a: Volcarona|150\/329 tox
|
|-damage|p2a: Volcarona|110\/329 tox|[from] psn
|-end|p2a: Volcarona|move: Taunt
|turn|11
|
|move|p2a: Volcarona|Bug Buzz|p1a: Heatran
|-resisted|p1a: Heatran
|-damage|p1a: Heatran|0 fnt
|-damage|p2a: Volcarona|78\/329 tox|[from] item: Life Orb
|faint|p1a: Heatran
|
|-damage|p2a: Volcarona|18\/329 tox|[from] psn
|
|switch|p1a: Rotom-Wash|Rotom-Wash|304\/304
|-damage|p1a: Rotom-Wash|266\/304|[from] Stealth Rock
|turn|12
|
|move|p2a: Volcarona|Giga Drain|p1a: Rotom-Wash
|-supereffective|p1a: Rotom-Wash
|-damage|p1a: Rotom-Wash|0 fnt
|-heal|p2a: Volcarona|151\/329 tox|[from] drain|[of] p1a: Rotom-Wash
|-damage|p2a: Volcarona|119\/329 tox|[from] item: Life Orb
|faint|p1a: Rotom-Wash
|
|-damage|p2a: Volcarona|39\/329 tox|[from] psn
|
|switch|p1a: Latios|Latios, M|301\/301
|-damage|p1a: Latios|264\/301|[from] Stealth Rock
|turn|13
|
|move|p1a: Latios|Psyshock|p2a: Volcarona
|-damage|p2a: Volcarona|0 fnt
|faint|p2a: Volcarona
|
|
|switch|p2a: Bisharp|Bisharp, M|244\/271
|turn|14
|
|move|p2a: Bisharp|Pursuit|p1a: Latios|[from]Pursuit
|-supereffective|p1a: Latios
|-damage|p1a: Latios|0 fnt
|-damage|p2a: Bisharp|217\/271|[from] item: Life Orb
|faint|p1a: Latios
|
|
|switch|p1a: Azumarill|Azumarill, F|404\/404
|-damage|p1a: Azumarill|354\/404|[from] Stealth Rock
|turn|15
|
|move|p2a: Bisharp|Iron Head|p1a: Azumarill
|-damage|p1a: Azumarill|124\/404
|-damage|p2a: Bisharp|190\/271|[from] item: Life Orb
|-enditem|p1a: Azumarill|Sitrus Berry|[eat]
|-heal|p1a: Azumarill|225\/404|[from] item: Sitrus Berry
|move|p1a: Azumarill|Belly Drum|p1a: Azumarill
|-damage|p1a: Azumarill|23\/404
|-setboost|p1a: Azumarill|atk|6|[from] move: Belly Drum
|
|turn|16
|
|move|p2a: Bisharp|Sucker Punch|p1a: Azumarill
|-resisted|p1a: Azumarill
|-damage|p1a: Azumarill|0 fnt
|-damage|p2a: Bisharp|163\/271|[from] item: Life Orb
|faint|p1a: Azumarill
|
|-message|Gattsbsk forfeited.
|leave|Gattsbsk
|
|win|Jack41
|raw|Ladder updating...
|player|p1
|raw|Gattsbsk's rating: 1466 &rarr; <strong>1442<\/strong><br \/>(-24 for losing)
|raw|Jack41's rating: 1393 &rarr; <strong>1417<\/strong><br \/>(+24 for winning)