|join|10co
|join|widetomato
|player|p1|10co|203
|player|p2|widetomato|101
|gametype|singles
|gen|6
|tier|OU
|rated
|clearpoke
|poke|p1|Ampharos, M
|poke|p1|Skarmory, F
|poke|p1|Hippowdon, F
|poke|p1|Alomomola, M
|poke|p1|Excadrill, F
|poke|p1|Gengar, M
|poke|p2|Charizard, M
|poke|p2|Keldeo-Resolute
|poke|p2|Latios, M
|poke|p2|Talonflame, F
|poke|p2|Tyranitar, F
|poke|p2|Excadrill, F
|rule|Swagger Clause: Swagger is banned
|rule|Baton Pass Clause: Limit one Pokémon knowing Baton Pass
|rule|Sleep Clause Mod: Limit one foe put to sleep
|rule|Species Clause: Limit one of each Pokémon
|rule|OHKO Clause: OHKO moves are banned
|rule|Moody Clause: Moody is banned
|rule|Evasion Moves Clause: Evasion moves are banned
|rule|Endless Battle Clause: Forcing endless battles is banned
|rule|HP Percentage Mod: HP is shown in percentages
|teampreview
|c|★10co|lol you again
|c|★widetomato|lol
|c|★10co|hf
|
|start
|switch|p1a: Alomomola|Alomomola, M|533\/533
|switch|p2a: Hurricane beach|Tyranitar, F|403\/403
|-weather|Sandstorm
|turn|1
|
|move|p1a: Alomomola|Toxic|p2a: Hurricane beach
|-status|p2a: Hurricane beach|tox
|move|p2a: Hurricane beach|Stealth Rock|p1a: Alomomola
|-sidestart|p1: 10co|move: Stealth Rock
|
|-weather|Sandstorm|[upkeep]
|-damage|p1a: Alomomola|500\/533|[from] sandstorm
|-heal|p1a: Alomomola|533\/533|[from] item: Leftovers
|-damage|p2a: Hurricane beach|378\/403 tox|[from] psn
|turn|2
|
|switch|p2a: 1.5xMeteor|Latios, M|302\/302
|move|p1a: Alomomola|Wish|p1a: Alomomola
|
|-weather|Sandstorm|[upkeep]
|-damage|p2a: 1.5xMeteor|284\/302|[from] sandstorm
|-damage|p1a: Alomomola|500\/533|[from] sandstorm
|-heal|p1a: Alomomola|533\/533|[from] item: Leftovers
|turn|3
|
|switch|p1a: Excadrill|Excadrill, F|405\/405
|-damage|p1a: Excadrill|393\/405|[from] Stealth Rock
|move|p2a: 1.5xMeteor|Thunderbolt|p1a: Excadrill
|-immune|p1a: Excadrill|[msg]
|
|-weather|Sandstorm|[upkeep]
|-damage|p2a: 1.5xMeteor|266\/302|[from] sandstorm
|-heal|p1a: Excadrill|405\/405|[from] move: Wish|[wisher] Alomomola
|turn|4
|
|switch|p2a: My little power|Keldeo-Resolute|323\/323
|move|p1a: Excadrill|Rapid Spin|p2a: My little power
|-damage|p2a: My little power|293\/323
|-sideend|p1: 10co|Stealth Rock|[from] move: Rapid Spin|[of] p1a: Excadrill
|
|-weather|Sandstorm|[upkeep]
|-damage|p2a: My little power|273\/323|[from] sandstorm
|turn|5
|
|switch|p1a: Alomomola|Alomomola, M|533\/533
|move|p2a: My little power|Secret Sword|p1a: Alomomola
|-damage|p1a: Alomomola|284\/533
|
|-weather|Sandstorm|[upkeep]
|-damage|p2a: My little power|253\/323|[from] sandstorm
|-damage|p1a: Alomomola|251\/533|[from] sandstorm
|-heal|p1a: Alomomola|284\/533|[from] item: Leftovers
|turn|6
|
|move|p1a: Alomomola|Protect|p1a: Alomomola
|-singleturn|p1a: Alomomola|Protect
|move|p2a: My little power|Secret Sword|p1a: Alomomola
|-activate|p1a: Alomomola|Protect
|
|-weather|Sandstorm|[upkeep]
|-damage|p2a: My little power|233\/323|[from] sandstorm
|-damage|p1a: Alomomola|251\/533|[from] sandstorm
|-heal|p1a: Alomomola|284\/533|[from] item: Leftovers
|turn|7
|
|switch|p1a: Gengar|Gengar, M|268\/268
|move|p2a: My little power|Secret Sword|p1a: Gengar
|-immune|p1a: Gengar|[msg]
|
|-weather|Sandstorm|[upkeep]
|-damage|p1a: Gengar|252\/268|[from] sandstorm
|-damage|p2a: My little power|213\/323|[from] sandstorm
|-heal|p1a: Gengar|268\/268|[from] item: Black Sludge
|turn|8
|
|switch|p1a: Ampharos|Ampharos, M|383\/383
|switch|p2a: Hurricane beach|Tyranitar, F|378\/403 tox
|
|-weather|none
|-damage|p2a: Hurricane beach|353\/403 tox|[from] psn
|turn|9
|
|detailschange|p1a: Ampharos|Ampharos-Mega, M
|message|Ampharos has Mega Evolved into Mega Ampharos!
|-ability|p1a: Ampharos|Mold Breaker
|move|p1a: Ampharos|Volt Switch|p2a: Hurricane beach
|-damage|p2a: Hurricane beach|230\/403 tox
|
|move|p2a: Hurricane beach|Pursuit|p1a: Ampharos|[from]Pursuit
|-damage|p1a: Ampharos|274\/383
|switch|p1a: Hippowdon|Hippowdon, F|419\/419
|-weather|Sandstorm
|
|-weather|Sandstorm|[upkeep]
|-damage|p2a: Hurricane beach|180\/403 tox|[from] psn
|turn|10
|
|switch|p2a: FINALY DRAGON|Charizard, M|297\/297
|move|p1a: Hippowdon|Toxic|p2a: FINALY DRAGON
|-status|p2a: FINALY DRAGON|tox
|
|-weather|Sandstorm|[upkeep]
|-damage|p2a: FINALY DRAGON|279\/297 tox|[from] sandstorm
|-damage|p2a: FINALY DRAGON|261\/297 tox|[from] psn
|turn|11
|
|switch|p1a: Ampharos|Ampharos-Mega, M|274\/383
|-ability|p1a: Ampharos|Mold Breaker
|detailschange|p2a: FINALY DRAGON|Charizard-Mega-Y, M
|message|Charizard has Mega Evolved into Mega Charizard!
|-weather|SunnyDay
|move|p2a: FINALY DRAGON|Fire Blast|p1a: Ampharos
|-resisted|p1a: Ampharos
|-damage|p1a: Ampharos|158\/383
|
|-weather|SunnyDay|[upkeep]
|-damage|p2a: FINALY DRAGON|225\/297 tox|[from] psn
|turn|12
|join|ArtKH31
|
|switch|p2a: WAYAUUU|Excadrill, F|362\/362
|move|p1a: Ampharos|Rest|p1a: Ampharos
|-status|p1a: Ampharos|slp
|-heal|p1a: Ampharos|383\/383 slp|[silent]
|-status|p1a: Ampharos|slp|[from] move: Rest
|
|-weather|SunnyDay|[upkeep]
|turn|13
|
|switch|p1a: Skarmory|Skarmory, F|333\/333
|move|p2a: WAYAUUU|Swords Dance|p2a: WAYAUUU
|-boost|p2a: WAYAUUU|atk|2
|
|-weather|SunnyDay|[upkeep]
|turn|14
|
|move|p2a: WAYAUUU|Rock Slide|p1a: Skarmory
|-damage|p1a: Skarmory|195\/333
|-damage|p2a: WAYAUUU|326\/362|[from] item: Life Orb
|cant|p1a: Skarmory|flinch
|
|-weather|SunnyDay|[upkeep]
|turn|15
|
|move|p2a: WAYAUUU|Swords Dance|p2a: WAYAUUU
|-boost|p2a: WAYAUUU|atk|2
|move|p1a: Skarmory|Roost|p1a: Skarmory
|-heal|p1a: Skarmory|333\/333
|
|-weather|none
|turn|16
|
|move|p2a: WAYAUUU|Rock Slide|p1a: Skarmory
|-damage|p1a: Skarmory|102\/333
|-damage|p2a: WAYAUUU|290\/362|[from] item: Life Orb
|move|p1a: Skarmory|Whirlwind|p2a: WAYAUUU
|drag|p2a: Hurricane beach|Tyranitar, F|180\/403 tox
|-weather|Sandstorm
|
|-weather|Sandstorm|[upkeep]
|-damage|p2a: Hurricane beach|155\/403 tox|[from] psn
|turn|17
|
|move|p1a: Skarmory|Roost|p1a: Skarmory
|-heal|p1a: Skarmory|269\/333
|move|p2a: Hurricane beach|Stealth Rock|p1a: Skarmory
|-sidestart|p1: 10co|move: Stealth Rock
|
|-weather|Sandstorm|[upkeep]
|-damage|p2a: Hurricane beach|105\/403 tox|[from] psn
|turn|18
|
|switch|p1a: Excadrill|Excadrill, F|405\/405
|-damage|p1a: Excadrill|393\/405|[from] Stealth Rock
|switch|p2a: FINALY DRAGON|Charizard-Mega-Y, M|225\/297 tox
|-weather|SunnyDay
|
|-weather|SunnyDay|[upkeep]
|-damage|p2a: FINALY DRAGON|207\/297 tox|[from] psn
|turn|19
|
|switch|p1a: Ampharos|Ampharos-Mega, M|383\/383 slp
|-damage|p1a: Ampharos|336\/383 slp|[from] Stealth Rock
|-ability|p1a: Ampharos|Mold Breaker
|move|p2a: FINALY DRAGON|Fire Blast|p1a: Ampharos|[miss]
|-miss|p2a: FINALY DRAGON|p1a: Ampharos
|
|-weather|SunnyDay|[upkeep]
|-damage|p2a: FINALY DRAGON|171\/297 tox|[from] psn
|turn|20
|
|switch|p2a: WAYAUUU|Excadrill, F|290\/362
|cant|p1a: Ampharos|slp
|move|p1a: Ampharos|Sleep Talk|p1a: Ampharos
|move|p1a: Ampharos|Dragon Pulse|p2a: WAYAUUU|[from]Sleep Talk
|-resisted|p2a: WAYAUUU
|-damage|p2a: WAYAUUU|174\/362
|
|-weather|SunnyDay|[upkeep]
|turn|21
|
|switch|p2a: FINALY DRAGON|Charizard-Mega-Y, M|171\/297 tox
|switch|p1a: Hippowdon|Hippowdon, F|419\/419
|-damage|p1a: Hippowdon|393\/419|[from] Stealth Rock
|-weather|Sandstorm
|
|-weather|Sandstorm|[upkeep]
|-damage|p2a: FINALY DRAGON|153\/297 tox|[from] sandstorm
|-damage|p2a: FINALY DRAGON|135\/297 tox|[from] psn
|turn|22
|
|switch|p2a: My little power|Keldeo-Resolute|213\/323
|switch|p1a: Alomomola|Alomomola, M|461\/533
|-damage|p1a: Alomomola|395\/533|[from] Stealth Rock
|
|-weather|Sandstorm|[upkeep]
|-damage|p2a: My little power|193\/323|[from] sandstorm
|-damage|p1a: Alomomola|362\/533|[from] sandstorm
|-heal|p1a: Alomomola|395\/533|[from] item: Leftovers
|turn|23
|
|switch|p2a: FINALY DRAGON|Charizard-Mega-Y, M|135\/297 tox
|-weather|SunnyDay
|move|p1a: Alomomola|Wish|p1a: Alomomola
|
|-weather|SunnyDay|[upkeep]
|-heal|p1a: Alomomola|428\/533|[from] item: Leftovers
|-damage|p2a: FINALY DRAGON|117\/297 tox|[from] psn
|turn|24
|
|switch|p2a: 1.5xMeteor|Latios, M|266\/302
|switch|p1a: Ampharos|Ampharos-Mega, M|336\/383 slp
|-damage|p1a: Ampharos|289\/383 slp|[from] Stealth Rock
|-ability|p1a: Ampharos|Mold Breaker
|
|-weather|SunnyDay|[upkeep]
|-heal|p1a: Ampharos|383\/383 slp|[from] move: Wish|[wisher] Alomomola
|turn|25
|
|switch|p1a: Excadrill|Excadrill, F|393\/405
|-damage|p1a: Excadrill|381\/405|[from] Stealth Rock
|move|p2a: 1.5xMeteor|Draco Meteor|p1a: Excadrill
|-resisted|p1a: Excadrill
|-damage|p1a: Excadrill|226\/405
|-unboost|p2a: 1.5xMeteor|spa|2
|-damage|p2a: 1.5xMeteor|236\/302|[from] item: Life Orb
|
|-weather|SunnyDay|[upkeep]
|turn|26
|
|switch|p2a: Just try|Talonflame, F|319\/319
|move|p1a: Excadrill|Rock Slide|p2a: Just try
|-supereffective|p2a: Just try
|-damage|p2a: Just try|0 fnt
|faint|p2a: Just try
|
|-weather|SunnyDay|[upkeep]
|
|switch|p2a: My little power|Keldeo-Resolute|193\/323
|turn|27
|
|switch|p1a: Alomomola|Alomomola, M|533\/533
|-damage|p1a: Alomomola|467\/533|[from] Stealth Rock
|move|p2a: My little power|Secret Sword|p1a: Alomomola
|-damage|p1a: Alomomola|197\/533
|
|-weather|none
|-heal|p1a: Alomomola|230\/533|[from] item: Leftovers
|turn|28
|
|switch|p2a: 1.5xMeteor|Latios, M|236\/302
|switch|p1a: Hippowdon|Hippowdon, F|393\/419
|-damage|p1a: Hippowdon|367\/419|[from] Stealth Rock
|-weather|Sandstorm
|
|-weather|Sandstorm|[upkeep]
|-damage|p2a: 1.5xMeteor|218\/302|[from] sandstorm
|turn|29
|
|switch|p1a: Skarmory|Skarmory, F|269\/333
|-damage|p1a: Skarmory|228\/333|[from] Stealth Rock
|move|p2a: 1.5xMeteor|Draco Meteor|p1a: Skarmory
|-resisted|p1a: Skarmory
|-damage|p1a: Skarmory|38\/333
|-unboost|p2a: 1.5xMeteor|spa|2
|-damage|p2a: 1.5xMeteor|188\/302|[from] item: Life Orb
|
|-weather|Sandstorm|[upkeep]
|-damage|p2a: 1.5xMeteor|170\/302|[from] sandstorm
|turn|30
|
|move|p2a: 1.5xMeteor|Draco Meteor|p1a: Skarmory
|-resisted|p1a: Skarmory
|-damage|p1a: Skarmory|0 fnt
|-unboost|p2a: 1.5xMeteor|spa|2
|-damage|p2a: 1.5xMeteor|140\/302|[from] item: Life Orb
|faint|p1a: Skarmory
|
|-weather|Sandstorm|[upkeep]
|-damage|p2a: 1.5xMeteor|122\/302|[from] sandstorm
|
|switch|p1a: Excadrill|Excadrill, F|226\/405
|-damage|p1a: Excadrill|214\/405|[from] Stealth Rock
|turn|31
|
|switch|p2a: My little power|Keldeo-Resolute|193\/323
|move|p1a: Excadrill|Rock Slide|p2a: My little power
|-resisted|p2a: My little power
|-damage|p2a: My little power|142\/323
|
|-weather|Sandstorm|[upkeep]
|-damage|p2a: My little power|122\/323|[from] sandstorm
|turn|32
|
|switch|p1a: Ampharos|Ampharos-Mega, M|383\/383 slp
|-damage|p1a: Ampharos|336\/383 slp|[from] Stealth Rock
|-ability|p1a: Ampharos|Mold Breaker
|switch|p2a: FINALY DRAGON|Charizard-Mega-Y, M|117\/297 tox
|-weather|SunnyDay
|
|-weather|SunnyDay|[upkeep]
|-damage|p2a: FINALY DRAGON|99\/297 tox|[from] psn
|turn|33
|
|move|p2a: FINALY DRAGON|Roost|p2a: FINALY DRAGON
|-heal|p2a: FINALY DRAGON|248\/297 tox
|cant|p1a: Ampharos|slp
|move|p1a: Ampharos|Sleep Talk|p1a: Ampharos
|move|p1a: Ampharos|Rest|p1a: Ampharos|[from]Sleep Talk
|-fail|p1a: Ampharos
|
|-weather|SunnyDay|[upkeep]
|-damage|p2a: FINALY DRAGON|212\/297 tox|[from] psn
|turn|34
|
|switch|p2a: 1.5xMeteor|Latios, M|122\/302
|-curestatus|p1a: Ampharos|slp
|move|p1a: Ampharos|Dragon Pulse|p2a: 1.5xMeteor
|-supereffective|p2a: 1.5xMeteor
|-damage|p2a: 1.5xMeteor|0 fnt
|faint|p2a: 1.5xMeteor
|
|-weather|SunnyDay|[upkeep]
|
|switch|p2a: WAYAUUU|Excadrill, F|174\/362
|turn|35
|
|switch|p1a: Hippowdon|Hippowdon, F|367\/419
|-damage|p1a: Hippowdon|341\/419|[from] Stealth Rock
|-weather|Sandstorm
|move|p2a: WAYAUUU|Earthquake|p1a: Hippowdon
|-damage|p1a: Hippowdon|180\/419
|-damage|p2a: WAYAUUU|138\/362|[from] item: Life Orb
|
|-weather|Sandstorm|[upkeep]
|turn|36
|
|move|p2a: WAYAUUU|Swords Dance|p2a: WAYAUUU
|-boost|p2a: WAYAUUU|atk|2
|move|p1a: Hippowdon|Slack Off|p1a: Hippowdon
|-heal|p1a: Hippowdon|390\/419
|
|-weather|Sandstorm|[upkeep]
|turn|37
|
|switch|p2a: FINALY DRAGON|Charizard-Mega-Y, M|212\/297 tox
|-weather|SunnyDay
|move|p1a: Hippowdon|Earthquake|p2a: FINALY DRAGON
|-immune|p2a: FINALY DRAGON|[msg]
|
|-weather|SunnyDay|[upkeep]
|-damage|p2a: FINALY DRAGON|194\/297 tox|[from] psn
|turn|38
|
|switch|p1a: Ampharos|Ampharos-Mega, M|336\/383
|-damage|p1a: Ampharos|289\/383|[from] Stealth Rock
|-ability|p1a: Ampharos|Mold Breaker
|move|p2a: FINALY DRAGON|Fire Blast|p1a: Ampharos|[miss]
|-miss|p2a: FINALY DRAGON|p1a: Ampharos
|
|-weather|SunnyDay|[upkeep]
|-damage|p2a: FINALY DRAGON|158\/297 tox|[from] psn
|turn|39
|
|move|p2a: FINALY DRAGON|Roost|p2a: FINALY DRAGON
|-heal|p2a: FINALY DRAGON|297\/297 tox
|move|p1a: Ampharos|Dragon Pulse|p2a: FINALY DRAGON
|-damage|p2a: FINALY DRAGON|150\/297 tox
|
|-weather|SunnyDay|[upkeep]
|-damage|p2a: FINALY DRAGON|96\/297 tox|[from] psn
|turn|40
|
|move|p2a: FINALY DRAGON|Fire Blast|p1a: Ampharos
|-resisted|p1a: Ampharos
|-damage|p1a: Ampharos|182\/383
|move|p1a: Ampharos|Dragon Pulse|p2a: FINALY DRAGON
|-damage|p2a: FINALY DRAGON|0 fnt
|faint|p2a: FINALY DRAGON
|
|-weather|SunnyDay|[upkeep]
|
|switch|p2a: WAYAUUU|Excadrill, F|138\/362
|turn|41
|
|switch|p1a: Gengar|Gengar, M|268\/268
|-damage|p1a: Gengar|235\/268|[from] Stealth Rock
|move|p2a: WAYAUUU|Swords Dance|p2a: WAYAUUU
|-boost|p2a: WAYAUUU|atk|2
|
|-weather|none
|-heal|p1a: Gengar|251\/268|[from] item: Black Sludge
|turn|42
|
|move|p1a: Gengar|Substitute|p1a: Gengar
|-start|p1a: Gengar|Substitute
|-damage|p1a: Gengar|184\/268
|move|p2a: WAYAUUU|Iron Head|p1a: Gengar
|-end|p1a: Gengar|Substitute
|-damage|p2a: WAYAUUU|102\/362|[from] item: Life Orb
|
|-heal|p1a: Gengar|200\/268|[from] item: Black Sludge
|turn|43
|-message|widetomato forfeited.
|
|win|10co
|raw|Ladder updating...
|leave|widetomato
|player|p2
|raw|10co's rating: 1857 &rarr; <strong>1873<\/strong><br \/>(+16 for winning)
|raw|widetomato's rating: 1797 &rarr; <strong>1780<\/strong><br \/>(-17 for losing)
|leave|10co
|player|p1
|join|10co