|join|widetomato
|join|W4mbo
|player|p1|widetomato|101
|player|p2|W4mbo|102
|gametype|singles
|gen|6
|tier|OU
|rated
|clearpoke
|poke|p1|Omastar, M
|poke|p1|Pidgeot, M
|poke|p1|Zapdos
|poke|p1|Nidoking, M
|poke|p1|Lapras, M
|poke|p1|Venomoth, F
|poke|p2|Azumarill, M
|poke|p2|Ferrothorn, F
|poke|p2|Swampert, M
|poke|p2|Volcarona, F
|poke|p2|Politoed, F
|poke|p2|Magnezone
|rule|Swagger Clause: Swagger is banned
|rule|Baton Pass Clause: Limit one Pokémon knowing Baton Pass
|rule|Sleep Clause Mod: Limit one foe put to sleep
|rule|Species Clause: Limit one of each Pokémon
|rule|OHKO Clause: OHKO moves are banned
|rule|Moody Clause: Moody is banned
|rule|Evasion Moves Clause: Evasion moves are banned
|rule|Endless Battle Clause: Forcing endless battles is banned
|rule|HP Percentage Mod: HP is shown in percentages
|teampreview
|
|start
|switch|p1a: Bird Jesus|Pidgeot, M|307\/307
|switch|p2a: Politoed|Politoed, F|384\/384
|-weather|RainDance
|turn|1
|
|detailschange|p1a: Bird Jesus|Pidgeot-Mega, M
|message|Pidgeot has Mega Evolved into Mega Pidgeot!
|move|p1a: Bird Jesus|Hurricane|p2a: Politoed
|-damage|p2a: Politoed|237\/384
|-start|p2a: Politoed|confusion
|-activate|p2a: Politoed|confusion
|-damage|p2a: Politoed|208\/384|[from] confusion
|
|-weather|RainDance|[upkeep]
|turn|2
|
|move|p1a: Bird Jesus|U-turn|p2a: Politoed
|-damage|p2a: Politoed|159\/384
|
|switch|p1a: Air Jordan|Lapras, M|464\/464
|-activate|p2a: Politoed|confusion
|move|p2a: Politoed|Scald|p1a: Air Jordan
|-resisted|p1a: Air Jordan
|-damage|p1a: Air Jordan|416\/464
|
|-weather|RainDance|[upkeep]
|turn|3
|
|-activate|p2a: Politoed|confusion
|move|p2a: Politoed|Toxic|p1a: Air Jordan
|-status|p1a: Air Jordan|tox
|move|p1a: Air Jordan|Whirlpool|p2a: Politoed
|-resisted|p2a: Politoed
|-damage|p2a: Politoed|140\/384
|-activate|p2a: Politoed|move: Whirlpool|[of] p1a: Air Jordan
|
|-weather|RainDance|[upkeep]
|-curestatus|p1a: Air Jordan|tox
|-damage|p2a: Politoed|92\/384|[from] move: Whirlpool|[partiallytrapped]
|turn|4
|
|-end|p2a: Politoed|confusion
|move|p2a: Politoed|Encore|p1a: Air Jordan
|-start|p1a: Air Jordan|Encore
|move|p1a: Air Jordan|Whirlpool|p2a: Politoed
|-resisted|p2a: Politoed
|-damage|p2a: Politoed|71\/384
|
|-weather|RainDance|[upkeep]
|-damage|p2a: Politoed|23\/384|[from] move: Whirlpool|[partiallytrapped]
|turn|5
|
|move|p2a: Politoed|Scald|p1a: Air Jordan
|-resisted|p1a: Air Jordan
|-damage|p1a: Air Jordan|365\/464
|-status|p1a: Air Jordan|brn
|move|p1a: Air Jordan|Whirlpool|p2a: Politoed
|-resisted|p2a: Politoed
|-damage|p2a: Politoed|3\/384
|
|-weather|RainDance|[upkeep]
|-curestatus|p1a: Air Jordan|brn
|-damage|p2a: Politoed|0 fnt|[from] move: Whirlpool|[partiallytrapped]
|faint|p2a: Politoed
|
|switch|p2a: Magnezone|Magnezone|281\/281
|turn|6
|
|move|p2a: Magnezone|Substitute|p2a: Magnezone
|-start|p2a: Magnezone|Substitute
|-damage|p2a: Magnezone|211\/281
|move|p1a: Air Jordan|Whirlpool|p2a: Magnezone
|-activate|p2a: Magnezone|Substitute|[damage]
|
|-weather|RainDance|[upkeep]
|-heal|p2a: Magnezone|228\/281|[from] item: Leftovers
|-end|p1a: Air Jordan|Encore
|turn|7
|
|move|p2a: Magnezone|Thunderbolt|p1a: Air Jordan
|-supereffective|p1a: Air Jordan
|-damage|p1a: Air Jordan|101\/464
|move|p1a: Air Jordan|Perish Song|p1a: Air Jordan
|-fieldactivate|move: Perish Song
|
|-start|p2a: Magnezone|perish3
|-start|p1a: Air Jordan|perish3
|-weather|RainDance|[upkeep]
|-heal|p2a: Magnezone|245\/281|[from] item: Leftovers
|turn|8
|
|switch|p1a: King Fonz|Nidoking, M|304\/304
|move|p2a: Magnezone|Flash Cannon|p1a: King Fonz
|-damage|p1a: King Fonz|94\/304
|
|-start|p2a: Magnezone|perish2
|-weather|none
|-heal|p2a: Magnezone|262\/281|[from] item: Leftovers
|turn|9
|
|switch|p1a: Anarchy Jesus|Zapdos|384\/384
|-ability|p1a: Anarchy Jesus|Pressure
|move|p2a: Magnezone|Flash Cannon|p1a: Anarchy Jesus
|-resisted|p1a: Anarchy Jesus
|-damage|p1a: Anarchy Jesus|295\/384
|
|-start|p2a: Magnezone|perish1
|-heal|p1a: Anarchy Jesus|319\/384|[from] item: Leftovers
|-heal|p2a: Magnezone|279\/281|[from] item: Leftovers
|turn|10
|
|switch|p2a: Swampert|Swampert, M|341\/341
|move|p1a: Anarchy Jesus|Thunder|p2a: Swampert
|-immune|p2a: Swampert|[msg]
|
|-heal|p1a: Anarchy Jesus|343\/384|[from] item: Leftovers
|turn|11
|
|detailschange|p2a: Swampert|Swampert-Mega, M
|message|Swampert has Mega Evolved into Mega Swampert!
|move|p1a: Anarchy Jesus|Hidden Power|p2a: Swampert
|-damage|p2a: Swampert|289\/341
|move|p2a: Swampert|Rain Dance|p2a: Swampert
|-weather|RainDance
|
|-weather|RainDance|[upkeep]
|-heal|p1a: Anarchy Jesus|367\/384|[from] item: Leftovers
|turn|12
|
|move|p2a: Swampert|Waterfall|p1a: Anarchy Jesus
|-damage|p1a: Anarchy Jesus|132\/384
|cant|p1a: Anarchy Jesus|flinch
|
|-weather|RainDance|[upkeep]
|-heal|p1a: Anarchy Jesus|156\/384|[from] item: Leftovers
|turn|13
|
|move|p2a: Swampert|Waterfall|p1a: Anarchy Jesus
|-damage|p1a: Anarchy Jesus|0 fnt
|faint|p1a: Anarchy Jesus
|
|-weather|RainDance|[upkeep]
|
|switch|p1a: Lord Helix|Omastar, M|282\/282
|turn|14
|
|move|p2a: Swampert|Earthquake|p1a: Lord Helix
|-supereffective|p1a: Lord Helix
|-damage|p1a: Lord Helix|0 fnt
|faint|p1a: Lord Helix
|
|-weather|RainDance|[upkeep]
|
|switch|p1a: Air Jordan|Lapras, M|101\/464
|turn|15
|
|move|p2a: Swampert|Earthquake|p1a: Air Jordan
|-damage|p1a: Air Jordan|0 fnt
|faint|p1a: Air Jordan
|
|-weather|none
|
|switch|p1a: All Terrian Venomo|Venomoth, F|343\/343
|turn|16
|
|switch|p2a: Ferrothorn|Ferrothorn, F|352\/352
|move|p1a: All Terrian Venomo|Sleep Powder|p2a: Ferrothorn
|-fail|p2a: Ferrothorn
|
|turn|17
|
|move|p1a: All Terrian Venomo|Substitute|p1a: All Terrian Venomo
|-start|p1a: All Terrian Venomo|Substitute
|-damage|p1a: All Terrian Venomo|258\/343
|move|p2a: Ferrothorn|Stealth Rock|p1a: All Terrian Venomo
|-sidestart|p1: widetomato|move: Stealth Rock
|
|-heal|p1a: All Terrian Venomo|279\/343|[from] item: Leftovers
|turn|18
|
|switch|p2a: Volcarona|Volcarona, F|313\/313
|move|p1a: All Terrian Venomo|Quiver Dance|p1a: All Terrian Venomo
|-boost|p1a: All Terrian Venomo|spa|1
|-boost|p1a: All Terrian Venomo|spd|1
|-boost|p1a: All Terrian Venomo|spe|1
|
|-heal|p1a: All Terrian Venomo|300\/343|[from] item: Leftovers
|turn|19
|
|move|p1a: All Terrian Venomo|Quiver Dance|p1a: All Terrian Venomo
|-boost|p1a: All Terrian Venomo|spa|1
|-boost|p1a: All Terrian Venomo|spd|1
|-boost|p1a: All Terrian Venomo|spe|1
|move|p2a: Volcarona|Hurricane|p1a: All Terrian Venomo
|-supereffective|p1a: All Terrian Venomo
|-end|p1a: All Terrian Venomo|Substitute
|
|-heal|p1a: All Terrian Venomo|321\/343|[from] item: Leftovers
|turn|20
|
|move|p1a: All Terrian Venomo|Baton Pass|p1a: All Terrian Venomo
|
|switch|p1a: Bird Jesus|Pidgeot-Mega, M|307\/307
|-damage|p1a: Bird Jesus|231\/307|[from] Stealth Rock
|move|p2a: Volcarona|Hurricane|p1a: Bird Jesus
|-damage|p1a: Bird Jesus|144\/307
|
|turn|21
|
|move|p1a: Bird Jesus|Hurricane|p2a: Volcarona
|-supereffective|p2a: Volcarona
|-damage|p2a: Volcarona|0 fnt
|faint|p2a: Volcarona
|
|
|switch|p2a: Azumarill|Azumarill, M|404\/404
|turn|22
|
|move|p2a: Azumarill|Aqua Jet|p1a: Bird Jesus
|-damage|p1a: Bird Jesus|30\/307
|move|p1a: Bird Jesus|Hurricane|p2a: Azumarill
|-damage|p2a: Azumarill|0 fnt
|faint|p2a: Azumarill
|
|
|switch|p2a: Swampert|Swampert-Mega, M|289\/341
|turn|23
|
|move|p1a: Bird Jesus|Hurricane|p2a: Swampert
|-damage|p2a: Swampert|0 fnt
|faint|p2a: Swampert
|
|-message|W4mbo forfeited.
|
|win|widetomato
|raw|Ladder updating...
|leave|W4mbo
|player|p2
|raw|widetomato's rating: 1543 &rarr; <strong>1554<\/strong><br \/>(+11 for winning)
|raw|W4mbo's rating: 1385 &rarr; <strong>1374<\/strong><br \/>(-11 for losing)