|join|nyc_test
|join|WideTomato
|player|p1|nyc_test|92
|player|p2|WideTomato|101
|gametype|singles
|gen|6
|tier|OU
|rated
|clearpoke
|poke|p1|Tyranitar, M, shiny
|poke|p1|Excadrill, M
|poke|p1|Starmie
|poke|p1|Ferrothorn, M
|poke|p1|Landorus-Therian, M
|poke|p1|Charizard, M, shiny
|poke|p2|Manaphy, shiny
|poke|p2|Thundurus, M
|poke|p2|Charizard, F, shiny
|poke|p2|Terrakion, shiny
|poke|p2|Jirachi
|poke|p2|Latias, F, shiny
|rule|Swagger Clause: Swagger is banned
|rule|Baton Pass Clause: Limit one Pokémon knowing Baton Pass
|rule|Sleep Clause Mod: Limit one foe put to sleep
|rule|Species Clause: Limit one of each Pokémon
|rule|OHKO Clause: OHKO moves are banned
|rule|Moody Clause: Moody is banned
|rule|Evasion Moves Clause: Evasion moves are banned
|rule|Endless Battle Clause: Forcing endless battles is banned
|rule|HP Percentage Mod: HP is shown in percentages
|teampreview
|
|start
|switch|p1a: Landorus-Therian|Landorus-Therian, M|349\/349
|switch|p2a: Little nightmare|Manaphy, shiny|352\/352
|-ability|p1a: Landorus-Therian|Intimidate|[of] p2a: Little nightmare
|-unboost|p2a: Little nightmare|atk|1
|turn|1
|
|move|p1a: Landorus-Therian|U-turn|p2a: Little nightmare
|-damage|p2a: Little nightmare|251\/352
|
|switch|p1a: Ferrothorn|Ferrothorn, M|352\/352
|move|p2a: Little nightmare|Tail Glow|p2a: Little nightmare
|-boost|p2a: Little nightmare|spa|3
|
|-heal|p2a: Little nightmare|273\/352|[from] item: Leftovers
|turn|2
|
|move|p2a: Little nightmare|Tail Glow|p2a: Little nightmare
|-boost|p2a: Little nightmare|spa|3
|move|p1a: Ferrothorn|Leech Seed|p2a: Little nightmare
|-start|p2a: Little nightmare|move: Leech Seed
|
|-heal|p2a: Little nightmare|295\/352|[from] item: Leftovers
|-damage|p2a: Little nightmare|251\/352|[from] Leech Seed|[of] p1a: Ferrothorn
|turn|3
|
|move|p1a: Ferrothorn|Protect|p1a: Ferrothorn
|-singleturn|p1a: Ferrothorn|Protect
|move|p2a: Little nightmare|Rain Dance|p2a: Little nightmare
|-weather|RainDance
|
|-weather|RainDance|[upkeep]
|-heal|p2a: Little nightmare|273\/352|[from] item: Leftovers
|-damage|p2a: Little nightmare|229\/352|[from] Leech Seed|[of] p1a: Ferrothorn
|turn|4
|
|move|p2a: Little nightmare|Surf|p1a: Ferrothorn
|-resisted|p1a: Ferrothorn
|-damage|p1a: Ferrothorn|72\/352
|move|p1a: Ferrothorn|Stealth Rock|p2a: Little nightmare
|-sidestart|p2: WideTomato|move: Stealth Rock
|
|-weather|RainDance|[upkeep]
|-heal|p2a: Little nightmare|251\/352|[from] item: Leftovers
|-heal|p1a: Ferrothorn|94\/352|[from] item: Leftovers
|-damage|p2a: Little nightmare|207\/352|[from] Leech Seed|[of] p1a: Ferrothorn
|-heal|p1a: Ferrothorn|138\/352|[silent]
|turn|5
|
|move|p1a: Ferrothorn|Protect|p1a: Ferrothorn
|-singleturn|p1a: Ferrothorn|Protect
|move|p2a: Little nightmare|Surf|p1a: Ferrothorn
|-activate|p1a: Ferrothorn|Protect
|
|-weather|RainDance|[upkeep]
|-heal|p2a: Little nightmare|229\/352|[from] item: Leftovers
|-heal|p1a: Ferrothorn|160\/352|[from] item: Leftovers
|-damage|p2a: Little nightmare|185\/352|[from] Leech Seed|[of] p1a: Ferrothorn
|-heal|p1a: Ferrothorn|204\/352|[silent]
|turn|6
|
|move|p1a: Ferrothorn|Protect|p1a: Ferrothorn
|-fail|p1a: Ferrothorn
|move|p2a: Little nightmare|Surf|p1a: Ferrothorn
|-resisted|p1a: Ferrothorn
|-damage|p1a: Ferrothorn|0 fnt
|faint|p1a: Ferrothorn
|
|-weather|RainDance|[upkeep]
|-heal|p2a: Little nightmare|207\/352|[from] item: Leftovers
|
|switch|p1a: Charizard|Charizard, M, shiny|297\/297
|turn|7
|
|detailschange|p1a: Charizard|Charizard-Mega-Y, M, shiny
|message|Charizard has Mega Evolved into Mega Charizard!
|-weather|SunnyDay
|move|p2a: Little nightmare|Surf|p1a: Charizard
|-supereffective|p1a: Charizard
|-damage|p1a: Charizard|0 fnt
|faint|p1a: Charizard
|
|-weather|SunnyDay|[upkeep]
|-heal|p2a: Little nightmare|229\/352|[from] item: Leftovers
|
|switch|p1a: Tyranitar|Tyranitar, M, shiny|341\/341
|-weather|Sandstorm
|turn|8
|
|move|p2a: Little nightmare|Surf|p1a: Tyranitar
|-supereffective|p1a: Tyranitar
|-damage|p1a: Tyranitar|0 fnt
|faint|p1a: Tyranitar
|
|-weather|Sandstorm|[upkeep]
|-damage|p2a: Little nightmare|207\/352|[from] sandstorm
|-heal|p2a: Little nightmare|229\/352|[from] item: Leftovers
|
|switch|p1a: Excadrill|Excadrill, M|361\/361
|turn|9
|
|move|p1a: Excadrill|Earthquake|p2a: Little nightmare
|-damage|p2a: Little nightmare|0 fnt
|-damage|p1a: Excadrill|325\/361|[from] item: Life Orb
|faint|p2a: Little nightmare
|
|-weather|Sandstorm|[upkeep]
|
|switch|p2a: Lol nope|Latias, F, shiny|301\/301
|-damage|p2a: Lol nope|264\/301|[from] Stealth Rock
|turn|10
|
|move|p1a: Excadrill|Iron Head|p2a: Lol nope
|-damage|p2a: Lol nope|52\/301
|-damage|p1a: Excadrill|289\/361|[from] item: Life Orb
|cant|p2a: Lol nope|flinch
|
|-weather|Sandstorm|[upkeep]
|-damage|p2a: Lol nope|34\/301|[from] sandstorm
|turn|11
|
|switch|p2a: Desire da Doom|Jirachi|404\/404
|-damage|p2a: Desire da Doom|379\/404|[from] Stealth Rock
|move|p1a: Excadrill|Iron Head|p2a: Desire da Doom
|-resisted|p2a: Desire da Doom
|-damage|p2a: Desire da Doom|267\/404
|-damage|p1a: Excadrill|253\/361|[from] item: Life Orb
|
|-weather|Sandstorm|[upkeep]
|-heal|p2a: Desire da Doom|292\/404|[from] item: Leftovers
|turn|12
|
|switch|p2a: Lol nope|Latias, F, shiny|34\/301
|-damage|p2a: Lol nope|0 fnt|[from] Stealth Rock
|faint|p2a: Lol nope
|move|p1a: Excadrill|Earthquake|p2: Lol nope|[notarget]
|-notarget
|
|-weather|Sandstorm|[upkeep]
|
|switch|p2a: Desire da Doom|Jirachi|292\/404
|-damage|p2a: Desire da Doom|267\/404|[from] Stealth Rock
|turn|13
|
|switch|p2a: Tailballs|Thundurus, M|299\/299
|-damage|p2a: Tailballs|225\/299|[from] Stealth Rock
|move|p1a: Excadrill|Iron Head|p2a: Tailballs
|-resisted|p2a: Tailballs
|-damage|p2a: Tailballs|85\/299
|-damage|p1a: Excadrill|217\/361|[from] item: Life Orb
|
|-weather|Sandstorm|[upkeep]
|-damage|p2a: Tailballs|67\/299|[from] sandstorm
|turn|14
|
|move|p1a: Excadrill|Iron Head|p2a: Tailballs
|-crit|p2a: Tailballs
|-resisted|p2a: Tailballs
|-damage|p2a: Tailballs|0 fnt
|-damage|p1a: Excadrill|181\/361|[from] item: Life Orb
|faint|p2a: Tailballs
|
|-weather|Sandstorm|[upkeep]
|
|switch|p2a: Desire da Doom|Jirachi|267\/404
|-damage|p2a: Desire da Doom|242\/404|[from] Stealth Rock
|turn|15
|
|switch|p2a: I'm so smexy|Charizard, F, shiny|297\/297
|-damage|p2a: I'm so smexy|149\/297|[from] Stealth Rock
|move|p1a: Excadrill|Earthquake|p2a: I'm so smexy
|-immune|p2a: I'm so smexy|[msg]
|
|-weather|none
|turn|16
|
|detailschange|p2a: I'm so smexy|Charizard-Mega-X, F, shiny
|message|Charizard has Mega Evolved into Mega Charizard!
|move|p2a: I'm so smexy|Flare Blitz|p1a: Excadrill
|-supereffective|p1a: Excadrill
|-damage|p1a: Excadrill|0 fnt
|-damage|p2a: I'm so smexy|89\/297|[from] recoil|[of] p1a: Excadrill
|faint|p1a: Excadrill
|
|
|switch|p1a: Landorus-Therian|Landorus-Therian, M|349\/349
|-ability|p1a: Landorus-Therian|Intimidate|[of] p2a: I'm so smexy
|-unboost|p2a: I'm so smexy|atk|1
|turn|17
|
|move|p1a: Landorus-Therian|Earthquake|p2a: I'm so smexy
|-supereffective|p2a: I'm so smexy
|-damage|p2a: I'm so smexy|0 fnt
|faint|p2a: I'm so smexy
|
|
|switch|p2a: Desire da Doom|Jirachi|242\/404
|-damage|p2a: Desire da Doom|217\/404|[from] Stealth Rock
|turn|18
|
|move|p1a: Landorus-Therian|Earthquake|p2a: Desire da Doom
|-supereffective|p2a: Desire da Doom
|-damage|p2a: Desire da Doom|0 fnt
|faint|p2a: Desire da Doom
|
|
|switch|p2a: Gives you wings|Terrakion, shiny|323\/323
|-damage|p2a: Gives you wings|303\/323|[from] Stealth Rock
|turn|19
|
|move|p2a: Gives you wings|Stone Edge|p1a: Landorus-Therian
|-damage|p1a: Landorus-Therian|147\/349
|move|p1a: Landorus-Therian|Earthquake|p2a: Gives you wings
|-supereffective|p2a: Gives you wings
|-damage|p2a: Gives you wings|0 fnt
|faint|p2a: Gives you wings
|
|win|nyc_test
|raw|Ladder updating...
|raw|nyc_test's rating: 1854 &rarr; <strong>1870<\/strong><br \/>(+16 for winning)
|raw|WideTomato's rating: 1791 &rarr; <strong>1774<\/strong><br \/>(-17 for losing)
|leave|WideTomato
|player|p2