|join|Pashkuale
|join|widetomato
|player|p1|Pashkuale|214
|player|p2|widetomato|101
|gametype|singles
|gen|6
|tier|OU
|rated
|clearpoke
|poke|p1|Celebi
|poke|p1|Breloom, M
|poke|p1|Keldeo
|poke|p1|Landorus-Therian, M
|poke|p1|Gengar, F
|poke|p1|Metagross
|poke|p2|Beedrill, F
|poke|p2|Magnezone
|poke|p2|Landorus-Therian, M
|poke|p2|Gengar, M
|poke|p2|Terrakion
|poke|p2|Sylveon, F
|rule|Swagger Clause: Swagger is banned
|rule|Baton Pass Clause: Limit one Pokémon knowing Baton Pass
|rule|Sleep Clause Mod: Limit one foe put to sleep
|rule|Species Clause: Limit one of each Pokémon
|rule|OHKO Clause: OHKO moves are banned
|rule|Moody Clause: Moody is banned
|rule|Evasion Moves Clause: Evasion moves are banned
|rule|Endless Battle Clause: Forcing endless battles is banned
|rule|HP Percentage Mod: HP is shown in percentages
|teampreview
|
|start
|switch|p1a: Landorus-Therian|Landorus-Therian, M|382\/382
|switch|p2a: Beedrill|Beedrill, F|271\/271
|-ability|p1a: Landorus-Therian|Intimidate|[of] p2a: Beedrill
|-unboost|p2a: Beedrill|atk|1
|turn|1
|
|detailschange|p2a: Beedrill|Beedrill-Mega, F
|message|Beedrill has Mega Evolved into Mega Beedrill!
|move|p2a: Beedrill|Protect|p2a: Beedrill
|-singleturn|p2a: Beedrill|Protect
|move|p1a: Landorus-Therian|Earthquake|p2a: Beedrill
|-activate|p2a: Beedrill|Protect
|
|turn|2
|
|switch|p2a: Landorus-Therian|Landorus-Therian, M|320\/320
|-ability|p2a: Landorus-Therian|Intimidate|[of] p1a: Landorus-Therian
|-unboost|p1a: Landorus-Therian|atk|1
|move|p1a: Landorus-Therian|Stealth Rock|p2a: Landorus-Therian
|-sidestart|p2: widetomato|move: Stealth Rock
|
|turn|3
|
|move|p2a: Landorus-Therian|Knock Off|p1a: Landorus-Therian
|-damage|p1a: Landorus-Therian|291\/382
|-enditem|p1a: Landorus-Therian|Leftovers|[from] move: Knock Off|[of] p2a: Landorus-Therian
|move|p1a: Landorus-Therian|U-turn|p2a: Landorus-Therian
|-crit|p2a: Landorus-Therian
|-resisted|p2a: Landorus-Therian
|-damage|p2a: Landorus-Therian|256\/320
|
|switch|p1a: Breloom|Breloom, M|262\/262
|
|turn|4
|
|move|p2a: Landorus-Therian|Knock Off|p1a: Breloom
|-resisted|p1a: Breloom
|-damage|p1a: Breloom|189\/262
|-enditem|p1a: Breloom|Life Orb|[from] move: Knock Off|[of] p2a: Landorus-Therian
|move|p1a: Breloom|Spore|p2a: Landorus-Therian
|-status|p2a: Landorus-Therian|slp
|
|turn|5
|
|switch|p2a: Sylveon|Sylveon, F|394\/394
|-damage|p2a: Sylveon|345\/394|[from] Stealth Rock
|move|p1a: Breloom|Bullet Seed|p2a: Sylveon
|-damage|p2a: Sylveon|243\/394
|-damage|p2a: Sylveon|147\/394
|-damage|p2a: Sylveon|48\/394
|-hitcount|p2a: Sylveon|3
|
|turn|6
|
|move|p1a: Breloom|Bullet Seed|p2a: Sylveon
|-damage|p2a: Sylveon|0 fnt
|-hitcount|p2a: Sylveon|1
|faint|p2a: Sylveon
|
|
|switch|p2a: Gengar|Gengar, M|262\/262
|-damage|p2a: Gengar|230\/262|[from] Stealth Rock
|turn|7
|
|switch|p1a: Celebi|Celebi|404\/404
|move|p2a: Gengar|Sludge Wave|p1a: Celebi
|-supereffective|p1a: Celebi
|-damage|p1a: Celebi|105\/404
|-damage|p2a: Gengar|204\/262|[from] item: Life Orb
|
|-heal|p1a: Celebi|130\/404|[from] item: Leftovers
|turn|8
|
|move|p2a: Gengar|Shadow Ball|p1a: Celebi
|-supereffective|p1a: Celebi
|-damage|p1a: Celebi|0 fnt
|-damage|p2a: Gengar|178\/262|[from] item: Life Orb
|faint|p1a: Celebi
|
|
|switch|p1a: Gengar|Gengar, F|262\/262
|turn|9
|
|move|p1a: Gengar|Shadow Ball|p2a: Gengar
|-supereffective|p2a: Gengar
|-damage|p2a: Gengar|0 fnt
|faint|p2a: Gengar
|
|
|switch|p2a: Terrakion|Terrakion|323\/323
|-damage|p2a: Terrakion|303\/323|[from] Stealth Rock
|turn|10
|
|switch|p1a: Metagross|Metagross|301\/301
|move|p2a: Terrakion|Stone Edge|p1a: Metagross
|-resisted|p1a: Metagross
|-damage|p1a: Metagross|234\/301
|
|turn|11
|
|switch|p2a: Magnezone|Magnezone|282\/282
|-damage|p2a: Magnezone|265\/282|[from] Stealth Rock
|move|p1a: Metagross|Zen Headbutt|p2a: Magnezone|[miss]
|-miss|p1a: Metagross|p2a: Magnezone
|
|turn|12
|
|detailschange|p1a: Metagross|Metagross-Mega
|message|Metagross has Mega Evolved into Mega Metagross!
|move|p2a: Magnezone|Hidden Power|p1a: Metagross
|-supereffective|p1a: Metagross
|-damage|p1a: Metagross|108\/301
|move|p1a: Metagross|Earthquake|p2a: Magnezone
|-supereffective|p2a: Magnezone
|-damage|p2a: Magnezone|0 fnt
|faint|p2a: Magnezone
|
|
|switch|p2a: Beedrill|Beedrill-Mega, F|271\/271
|-damage|p2a: Beedrill|204\/271|[from] Stealth Rock
|turn|13
|
|move|p1a: Metagross|Bullet Punch|p2a: Beedrill
|-damage|p2a: Beedrill|2\/271
|move|p2a: Beedrill|U-turn|p1a: Metagross
|-damage|p1a: Metagross|0 fnt
|faint|p1a: Metagross
|-message|widetomato forfeited.
|
|win|Pashkuale
|raw|Ladder updating...
|leave|widetomato
|player|p2
|raw|Pashkuale's rating: 1502 &rarr; <strong>1521<\/strong><br \/>(+19 for winning)
|raw|widetomato's rating: 1486 &rarr; <strong>1467<\/strong><br \/>(-19 for losing)