|join|jjbizzle14
|join|Spammernoob
|player|p1|jjbizzle14|290
|player|p2|Spammernoob|292
|gametype|singles
|gen|6
|tier|OU
|rated
|clearpoke
|poke|p1|Gallade, M
|poke|p1|Landorus-Therian, M
|poke|p1|Rotom-Wash
|poke|p1|Slowbro, F
|poke|p1|Zapdos
|poke|p1|Excadrill, F
|poke|p2|Sableye, M
|poke|p2|Excadrill, F
|poke|p2|Honchkrow, F
|poke|p2|Bisharp, F
|poke|p2|Crawdaunt, M
|poke|p2|Greninja, M
|rule|Swagger Clause: Swagger is banned
|rule|Baton Pass Clause: Limit one Pokémon knowing Baton Pass
|rule|Sleep Clause Mod: Limit one foe put to sleep
|rule|Species Clause: Limit one of each Pokémon
|rule|OHKO Clause: OHKO moves are banned
|rule|Moody Clause: Moody is banned
|rule|Evasion Moves Clause: Evasion moves are banned
|rule|Endless Battle Clause: Forcing endless battles is banned
|rule|HP Percentage Mod: HP is shown in percentages
|teampreview
|
|start
|switch|p1a: Zapdos|Zapdos|322\/322
|switch|p2a: Sableye|Sableye, M|304\/304
|-ability|p1a: Zapdos|Pressure
|turn|1
|
|detailschange|p2a: Sableye|Sableye-Mega, M
|message|Sableye has Mega Evolved into Mega Sableye!
|move|p2a: Sableye|Calm Mind|p2a: Sableye
|-boost|p2a: Sableye|spa|1
|-boost|p2a: Sableye|spd|1
|move|p1a: Zapdos|Thunderbolt|p2a: Sableye
|-damage|p2a: Sableye|174\/304
|
|turn|2
|
|switch|p1a: Excadrill|Excadrill, F|424\/424
|-ability|p1a: Excadrill|Mold Breaker
|move|p2a: Sableye|Calm Mind|p2a: Sableye
|-boost|p2a: Sableye|spa|1
|-boost|p2a: Sableye|spd|1
|
|turn|3
|
|move|p1a: Excadrill|Earthquake|p2a: Sableye
|-damage|p2a: Sableye|50\/304
|move|p2a: Sableye|Recover|p2a: Sableye
|-heal|p2a: Sableye|202\/304
|
|turn|4
|c|★Spammernoob|Unless CB Excac or crit, you'll do 0
|
|move|p1a: Excadrill|Rock Slide|p2a: Sableye
|-damage|p2a: Sableye|145\/304
|move|p2a: Sableye|Will-O-Wisp|p1a: Excadrill
|-status|p1a: Excadrill|brn
|
|-damage|p1a: Excadrill|371\/424 brn|[from] brn
|turn|5
|
|switch|p1a: Landorus-Therian|Landorus-Therian, M|319\/319
|-ability|p1a: Landorus-Therian|Intimidate|[of] p2a: Sableye
|-unboost|p2a: Sableye|atk|1
|move|p2a: Sableye|Recover|p2a: Sableye
|-heal|p2a: Sableye|297\/304
|
|turn|6
|
|move|p1a: Landorus-Therian|U-turn|p2a: Sableye
|-damage|p2a: Sableye|253\/304
|
|switch|p1a: Zapdos|Zapdos|322\/322
|-ability|p1a: Zapdos|Pressure
|move|p2a: Sableye|Will-O-Wisp|p1a: Zapdos|[miss]
|-miss|p2a: Sableye|p1a: Zapdos
|
|turn|7
|c|★Spammernoob|*sigh
|
|move|p1a: Zapdos|Volt Switch|p2a: Sableye
|-damage|p2a: Sableye|171\/304
|
|switch|p1a: Landorus-Therian|Landorus-Therian, M|319\/319
|-ability|p1a: Landorus-Therian|Intimidate|[of] p2a: Sableye
|-unboost|p2a: Sableye|atk|1
|move|p2a: Sableye|Calm Mind|p2a: Sableye
|-boost|p2a: Sableye|spa|1
|-boost|p2a: Sableye|spd|1
|
|turn|8
|
|move|p1a: Landorus-Therian|U-turn|p2a: Sableye
|-damage|p2a: Sableye|124\/304
|c|★Spammernoob|You're really going to do this?
|
|switch|p1a: Gallade|Gallade, M|339\/339
|move|p2a: Sableye|Recover|p2a: Sableye
|-heal|p2a: Sableye|276\/304
|
|turn|9
|
|detailschange|p1a: Gallade|Gallade-Mega, M
|message|Gallade has Mega Evolved into Mega Gallade!
|move|p1a: Gallade|Zen Headbutt|p2a: Sableye
|-immune|p2a: Sableye|[msg]
|move|p2a: Sableye|Will-O-Wisp|p1a: Gallade
|-status|p1a: Gallade|brn
|
|-damage|p1a: Gallade|297\/339 brn|[from] brn
|turn|10
|-message|jjbizzle14 forfeited.
|
|win|Spammernoob
|raw|Ladder updating...
|leave|jjbizzle14
|player|p1