|join|Bionic Puppy
|join|Spammernoob
|player|p1|Bionic Puppy|52
|player|p2|Spammernoob|101
|gametype|singles
|gen|6
|tier|OU
|clearpoke
|poke|p1|Gengar, M, shiny
|poke|p1|Zapdos
|poke|p1|Talonflame, F
|poke|p1|Excadrill, F
|poke|p1|Hippowdon, M, shiny
|poke|p1|Mamoswine, M, shiny
|poke|p2|Greninja, M
|poke|p2|Tyranitar, M
|poke|p2|Bisharp, F
|poke|p2|Scizor, M
|poke|p2|Sableye, F
|poke|p2|Crawdaunt, M
|rule|Swagger Clause: Swagger is banned
|rule|Baton Pass Clause: Limit one Pokémon knowing Baton Pass
|rule|Sleep Clause Mod: Limit one foe put to sleep
|rule|Species Clause: Limit one of each Pokémon
|rule|OHKO Clause: OHKO moves are banned
|rule|Moody Clause: Moody is banned
|rule|Evasion Moves Clause: Evasion moves are banned
|rule|Endless Battle Clause: Forcing endless battles is banned
|rule|HP Percentage Mod: HP is shown in percentages
|teampreview
|c|★Spammernoob|NU ;-;
|c|★Bionic Puppy|huh?
|
|start
|switch|p1a: Hippowdon|Hippowdon, M, shiny|420\/420
|switch|p2a: Crawdaunt|Crawdaunt, M|267\/267
|-weather|Sandstorm
|turn|1
|c|★Spammernoob|Dat team doe
|
|move|p2a: Crawdaunt|Crabhammer|p1a: Hippowdon
|-crit|p1a: Hippowdon
|-supereffective|p1a: Hippowdon
|-damage|p1a: Hippowdon|0 fnt
|-damage|p2a: Crawdaunt|241\/267|[from] item: Life Orb
|faint|p1a: Hippowdon
|
|-weather|Sandstorm|[upkeep]
|-damage|p2a: Crawdaunt|225\/267|[from] sandstorm
|c|★Bionic Puppy|naw thnx
|c|★Bionic Puppy|\/me sighs
|
|switch|p1a: Zapdos|Zapdos|384\/384
|-ability|p1a: Zapdos|Pressure
|turn|2
|
|switch|p2a: Tyranitar|Tyranitar, M|404\/404
|move|p1a: Zapdos|Thunderbolt|p2a: Tyranitar
|-crit|p2a: Tyranitar
|-damage|p2a: Tyranitar|268\/404
|
|-weather|Sandstorm|[upkeep]
|-damage|p1a: Zapdos|360\/384|[from] sandstorm
|-heal|p1a: Zapdos|384\/384|[from] item: Leftovers
|-heal|p2a: Tyranitar|293\/404|[from] item: Leftovers
|turn|3
|
|switch|p1a: Excadrill|Excadrill, F|361\/361
|-item|p1a: Excadrill|Air Balloon
|move|p2a: Tyranitar|Stealth Rock|p1a: Excadrill
|-sidestart|p1: Bionic Puppy|move: Stealth Rock
|
|-weather|Sandstorm|[upkeep]
|-heal|p2a: Tyranitar|318\/404|[from] item: Leftovers
|turn|4
|c|★Spammernoob|Aint got nothin' on SpD-tar
|
|move|p1a: Excadrill|Iron Head|p2a: Tyranitar
|-supereffective|p2a: Tyranitar
|-damage|p2a: Tyranitar|88\/404
|cant|p2a: Tyranitar|flinch
|
|-weather|Sandstorm|[upkeep]
|-heal|p2a: Tyranitar|113\/404|[from] item: Leftovers
|turn|5
|c|★Bionic Puppy|now we're even
|c|★Spammernoob|;-;
|
|move|p1a: Excadrill|Iron Head|p2a: Tyranitar
|-supereffective|p2a: Tyranitar
|-damage|p2a: Tyranitar|0 fnt
|faint|p2a: Tyranitar
|
|-weather|none
|c|★Spammernoob|Hax. lol
|c|★Spammernoob|I have Fire Blast
|c|★Bionic Puppy|0.0
|c|★Bionic Puppy|wtf
|
|switch|p2a: Sableye|Sableye, F|304\/304
|turn|6
|c|★Spammernoob|xD
|
|switch|p1a: Talonflame|Talonflame, F|297\/297
|-damage|p1a: Talonflame|149\/297|[from] Stealth Rock
|move|p2a: Sableye|Will-O-Wisp|p1a: Talonflame
|-fail|p1a: Talonflame
|
|turn|7
|
|detailschange|p2a: Sableye|Sableye-Mega, F
|-mega|p2a: Sableye|Sableye|Sablenite
|move|p1a: Talonflame|Brave Bird|p2a: Sableye
|-damage|p2a: Sableye|160\/304
|-damage|p1a: Talonflame|101\/297|[from] recoil|[of] p2a: Sableye
|move|p2a: Sableye|Calm Mind|p2a: Sableye
|-boost|p2a: Sableye|spa|1
|-boost|p2a: Sableye|spd|1
|
|turn|8
|c|★Spammernoob|Nice CB
|c|★Bionic Puppy|merci
|
|move|p1a: Talonflame|Brave Bird|p2a: Sableye
|-damage|p2a: Sableye|28\/304
|-damage|p1a: Talonflame|57\/297|[from] recoil|[of] p2a: Sableye
|move|p2a: Sableye|Recover|p2a: Sableye
|-heal|p2a: Sableye|180\/304
|
|turn|9
|
|switch|p2a: Bisharp|Bisharp, F|271\/271
|move|p1a: Talonflame|Brave Bird|p2a: Bisharp
|-resisted|p2a: Bisharp
|-damage|p2a: Bisharp|149\/271
|-damage|p1a: Talonflame|17\/297|[from] recoil|[of] p2a: Bisharp
|
|turn|10
|
|move|p1a: Talonflame|Brave Bird|p2a: Bisharp
|-resisted|p2a: Bisharp
|-damage|p2a: Bisharp|35\/271
|-damage|p1a: Talonflame|0 fnt|[from] recoil|[of] p2a: Bisharp
|faint|p1a: Talonflame
|move|p2a: Bisharp|Swords Dance|p2a: Bisharp
|-boost|p2a: Bisharp|atk|2
|
|c|★Spammernoob|:3
|
|switch|p1a: Zapdos|Zapdos|384\/384
|-damage|p1a: Zapdos|288\/384|[from] Stealth Rock
|-ability|p1a: Zapdos|Pressure
|turn|11
|c|★Bionic Puppy|weel
|c|★Bionic Puppy|shit
|
|move|p2a: Bisharp|Sucker Punch|p1a: Zapdos
|-damage|p1a: Zapdos|0 fnt
|-damage|p2a: Bisharp|8\/271|[from] item: Life Orb
|faint|p1a: Zapdos
|
|c|★Spammernoob|xD
|c|★Bionic Puppy|0.0
|c|★Spammernoob|gg lol
|
|switch|p1a: Mamoswine|Mamoswine, M, shiny|361\/361
|-damage|p1a: Mamoswine|316\/361|[from] Stealth Rock
|turn|12
|c|★Spammernoob|Everything dies to 'ninja
|
|move|p1a: Mamoswine|Ice Shard|p2a: Bisharp
|-resisted|p2a: Bisharp
|-damage|p2a: Bisharp|0 fnt
|faint|p2a: Bisharp
|
|c|★Bionic Puppy|OR NAWWWWWWWWWWWWWWWWWWWWWWWWWWWW
|
|switch|p2a: Greninja|Greninja, M|285\/285
|turn|13
|
|switch|p1a: Excadrill|Excadrill, F|361\/361
|-damage|p1a: Excadrill|350\/361|[from] Stealth Rock
|-item|p1a: Excadrill|Air Balloon
|move|p2a: Greninja|Grass Knot|p1a: Excadrill
|-start|p2a: Greninja|typechange|Grass|[from] Protean
|-damage|p1a: Excadrill|190\/361
|-enditem|p1a: Excadrill|Air Balloon
|-damage|p2a: Greninja|257\/285|[from] item: Life Orb
|
|turn|14
|c|★Spammernoob|Or priority spam
|c|★Spammernoob|;-;
|
|move|p2a: Greninja|Ice Beam|p1a: Excadrill
|-start|p2a: Greninja|typechange|Ice|[from] Protean
|-damage|p1a: Excadrill|0 fnt
|-damage|p2a: Greninja|229\/285|[from] item: Life Orb
|faint|p1a: Excadrill
|
|
|switch|p1a: Mamoswine|Mamoswine, M, shiny|316\/361
|-damage|p1a: Mamoswine|271\/361|[from] Stealth Rock
|turn|15
|c|★Spammernoob|gg lol
|
|move|p1a: Mamoswine|Stone Edge|p2a: Greninja
|-supereffective|p2a: Greninja
|-damage|p2a: Greninja|0 fnt
|faint|p2a: Greninja
|
|c|★Bionic Puppy|nope
|c|★Spammernoob|O_o
|
|switch|p2a: Scizor|Scizor, M|319\/319
|turn|16
|c|★Spammernoob|Scarf-Mamo
|c|★Spammernoob|Doesn't even matter tho.
|
|switch|p1a: Gengar|Gengar, M, shiny|261\/261
|-damage|p1a: Gengar|229\/261|[from] Stealth Rock
|move|p2a: Scizor|Bullet Punch|p1a: Gengar
|-damage|p1a: Gengar|0 fnt
|faint|p1a: Gengar
|
|c|★Spammernoob|This team is so Priorty-heavy
|
|switch|p1a: Mamoswine|Mamoswine, M, shiny|271\/361
|-damage|p1a: Mamoswine|226\/361|[from] Stealth Rock
|turn|17
|c|★Spammernoob|Pew pew pew
|
|move|p2a: Scizor|Bullet Punch|p1a: Mamoswine
|-supereffective|p1a: Mamoswine
|-damage|p1a: Mamoswine|0 fnt
|faint|p1a: Mamoswine
|
|win|Spammernoob
|c|★Bionic Puppy|;~;
|leave|Bionic Puppy
|player|p1