|join|Quaggsterrr
|join|Lord Qwilfish
|player|p1|Quaggsterrr|175
|player|p2|Lord Qwilfish|1
|gametype|singles
|gen|6
|tier|OU
|clearpoke
|poke|p1|Roserade, F
|poke|p1|Chandelure, M
|poke|p1|Krookodile, F
|poke|p1|Gligar, M
|poke|p1|Mienshao, F
|poke|p1|Blastoise, M
|poke|p2|Aerodactyl, F
|poke|p2|Hawlucha, M
|poke|p2|Kingdra, F
|poke|p2|Jirachi
|poke|p2|Raikou
|poke|p2|Nidoqueen, F
|rule|Swagger Clause: Swagger is banned
|rule|Baton Pass Clause: Limit one Pokémon knowing Baton Pass
|rule|Sleep Clause Mod: Limit one foe put to sleep
|rule|Species Clause: Limit one of each Pokémon
|rule|OHKO Clause: OHKO moves are banned
|rule|Moody Clause: Moody is banned
|rule|Evasion Moves Clause: Evasion moves are banned
|rule|Endless Battle Clause: Forcing endless battles is banned
|rule|HP Percentage Mod: HP is shown in percentages
|teampreview
|c|★Quaggsterrr|ich guck trotzdem nochmal schnell nach
|c|★Lord Qwilfish|yo
|c|★Quaggsterrr|krass
|c|★Quaggsterrr|wie scheiße sind diese tiers bitte
|c|★Lord Qwilfish|xd
|c|★Lord Qwilfish|joo
|c|★Quaggsterrr|ich denk grad echt dran einfach auszusteigen
|c|★Quaggsterrr|weil ich mir das nich geben will
|
|start
|switch|p1a: Mienshao|Mienshao, F|271\/271
|switch|p2a: Nidoqueen|Nidoqueen, F|353\/353
|turn|1
|
|move|p1a: Mienshao|Knock Off|p2a: Nidoqueen
|-damage|p2a: Nidoqueen|216\/353
|-enditem|p2a: Nidoqueen|Life Orb|[from] move: Knock Off|[of] p1a: Mienshao
|move|p2a: Nidoqueen|Stealth Rock|p1a: Mienshao
|-sidestart|p1: Quaggsterrr|move: Stealth Rock
|
|turn|2
|
|switch|p1a: Blastoise|Blastoise, M|334\/334
|-damage|p1a: Blastoise|293\/334|[from] Stealth Rock
|switch|p2a: Raikou|Raikou|322\/322
|-ability|p2a: Raikou|Pressure
|
|turn|3
|join|Keaa
|c|★Lord Qwilfish|best of 3 oder?
|c|★Quaggsterrr|ja
|c|★Lord Qwilfish|k
|
|switch|p1a: Roserade|Roserade, F|281\/281
|-damage|p1a: Roserade|246\/281|[from] Stealth Rock
|move|p2a: Raikou|Volt Switch|p1a: Roserade
|-resisted|p1a: Roserade
|-damage|p1a: Roserade|187\/281
|
|switch|p2a: Jirachi|Jirachi|341\/341
|
|-heal|p1a: Roserade|204\/281|[from] item: Black Sludge
|turn|4
|
|move|p2a: Jirachi|Trick|p1a: Roserade
|-activate|p2a: Jirachi|move: Trick|[of] p1a: Roserade
|-item|p1a: Roserade|Choice Scarf|[from] move: Trick
|-item|p2a: Jirachi|Black Sludge|[from] move: Trick
|move|p1a: Roserade|Sleep Powder|p2a: Jirachi
|-status|p2a: Jirachi|slp
|
|-damage|p2a: Jirachi|299\/341 slp|[from] item: Black Sludge
|turn|5
|c|★Quaggsterrr|wp lol
|
|switch|p1a: Mienshao|Mienshao, F|271\/271
|-damage|p1a: Mienshao|255\/271|[from] Stealth Rock
|switch|p2a: Raikou|Raikou|322\/322
|-ability|p2a: Raikou|Pressure
|
|turn|6
|c|★Lord Qwilfish|ah scheiße xd
|
|switch|p2a: Nidoqueen|Nidoqueen, F|216\/353
|move|p1a: Mienshao|High Jump Kick|p2a: Nidoqueen
|-resisted|p2a: Nidoqueen
|-damage|p2a: Nidoqueen|77\/353
|
|turn|7
|
|move|p1a: Mienshao|High Jump Kick|p2a: Nidoqueen|[miss]
|-miss|p1a: Mienshao|p2a: Nidoqueen
|-damage|p1a: Mienshao|120\/271|[from] highjumpkick
|move|p2a: Nidoqueen|Sludge Wave|p1a: Mienshao
|-damage|p1a: Mienshao|0 fnt
|faint|p1a: Mienshao
|
|c|★Quaggsterrr|kb mehr
|c|★Lord Qwilfish|omg
|
|switch|p1a: Roserade|Roserade, F|204\/281
|-damage|p1a: Roserade|169\/281|[from] Stealth Rock
|turn|8
|c|★Quaggsterrr|alder mein win condition
|c|★Quaggsterrr|einfach weg
|
|move|p1a: Roserade|Giga Drain|p2a: Nidoqueen
|-damage|p2a: Nidoqueen|0 fnt
|-heal|p1a: Roserade|208\/281|[from] drain|[of] p2a: Nidoqueen
|faint|p2a: Nidoqueen
|
|
|switch|p2a: Kingdra|Kingdra, F|291\/291
|turn|9
|
|move|p1a: Roserade|Giga Drain|p2a: Kingdra
|-damage|p2a: Kingdra|167\/291
|-heal|p1a: Roserade|270\/281|[from] drain|[of] p2a: Kingdra
|move|p2a: Kingdra|Draco Meteor|p1a: Roserade
|-damage|p1a: Roserade|9\/281
|-unboost|p2a: Kingdra|spa|2
|
|turn|10
|
|move|p1a: Roserade|Giga Drain|p2a: Kingdra
|-damage|p2a: Kingdra|43\/291
|-heal|p1a: Roserade|71\/281|[from] drain|[of] p2a: Kingdra
|move|p2a: Kingdra|Draco Meteor|p1a: Roserade
|-damage|p1a: Roserade|0 fnt
|-unboost|p2a: Kingdra|spa|2
|faint|p1a: Roserade
|
|
|switch|p1a: Chandelure|Chandelure, M|289\/289
|-damage|p1a: Chandelure|217\/289|[from] Stealth Rock
|turn|11
|
|switch|p2a: Raikou|Raikou|322\/322
|-ability|p2a: Raikou|Pressure
|move|p1a: Chandelure|Substitute|p1a: Chandelure
|-start|p1a: Chandelure|Substitute
|-damage|p1a: Chandelure|145\/289
|
|-heal|p1a: Chandelure|163\/289|[from] item: Leftovers
|turn|12
|
|move|p2a: Raikou|Thunderbolt|p1a: Chandelure
|-end|p1a: Chandelure|Substitute
|move|p1a: Chandelure|Shadow Ball|p2a: Raikou
|-damage|p2a: Raikou|217\/322
|
|-heal|p1a: Chandelure|181\/289|[from] item: Leftovers
|turn|13
|
|move|p2a: Raikou|Thunderbolt|p1a: Chandelure
|-damage|p1a: Chandelure|27\/289
|move|p1a: Chandelure|Shadow Ball|p2a: Raikou
|-damage|p2a: Raikou|112\/322
|
|-heal|p1a: Chandelure|45\/289|[from] item: Leftovers
|turn|14
|c|★Quaggsterrr|j
|c|★Quaggsterrr|das war eh vorbei nach dem hjk miss
|
|move|p2a: Raikou|Volt Switch|p1a: Chandelure
|-damage|p1a: Chandelure|0 fnt
|faint|p1a: Chandelure
|c|★Lord Qwilfish|jo..
|
|switch|p2a: Kingdra|Kingdra, F|43\/291
|
|
|switch|p1a: Blastoise|Blastoise, M|293\/334
|-damage|p1a: Blastoise|252\/334|[from] Stealth Rock
|turn|15
|
|detailschange|p1a: Blastoise|Blastoise-Mega, M
|message|Blastoise has Mega Evolved into Mega Blastoise!
|move|p2a: Kingdra|Draco Meteor|p1a: Blastoise
|-damage|p1a: Blastoise|0 fnt
|-unboost|p2a: Kingdra|spa|2
|faint|p1a: Blastoise
|
|leave|Quaggsterrr
|player|p1
|-message|Player 1 lost due to inactivity.
|
|win|Lord Qwilfish