|join|Aragorn1398
|join|Fh27
|player|p1|Aragorn1398|52
|player|p2|Fh27|166
|gametype|singles
|gen|6
|tier|OU
|rated
|clearpoke
|poke|p1|Venusaur, M
|poke|p1|Dragonite, F
|poke|p1|Heatran, M, shiny
|poke|p1|Scizor, F
|poke|p1|Keldeo-Resolute, shiny
|poke|p1|Thundurus, M
|poke|p2|Gyarados, M
|poke|p2|Latios, M
|poke|p2|Clefable, M
|poke|p2|Slowbro, F
|poke|p2|Ferrothorn, F
|poke|p2|Heatran, F
|rule|Swagger Clause: Swagger is banned
|rule|Baton Pass Clause: Limit one Pokémon knowing Baton Pass
|rule|Sleep Clause Mod: Limit one foe put to sleep
|rule|Species Clause: Limit one of each Pokémon
|rule|OHKO Clause: OHKO moves are banned
|rule|Moody Clause: Moody is banned
|rule|Evasion Moves Clause: Evasion moves are banned
|rule|Endless Battle Clause: Forcing endless battles is banned
|rule|HP Percentage Mod: HP is shown in percentages
|teampreview
|join|Christcrusher
|
|start
|switch|p1a: Thundurus|Thundurus, M|299\/299
|switch|p2a: Slowbro|Slowbro, F|394\/394
|turn|1
|c| Christcrusher|GL
|c|★Aragorn1398|u2
|c|★Fh27|ty
|c|★Aragorn1398|oh lol
|c|★Fh27|pahaha
|
|switch|p2a: Clefable|Clefable, M|394\/394
|move|p1a: Thundurus|Knock Off|p2a: Clefable
|-resisted|p2a: Clefable
|-damage|p2a: Clefable|347\/394
|-enditem|p2a: Clefable|Leftovers|[from] move: Knock Off|[of] p1a: Thundurus
|-damage|p1a: Thundurus|270\/299|[from] item: Life Orb
|
|turn|2
|c| Christcrusher|nice name
|c| Christcrusher|LOTR is cool
|c|★Aragorn1398|yeah
|
|switch|p1a: Heatran|Heatran, M, shiny|385\/385
|switch|p2a: Heatran|Heatran, F|342\/342
|
|turn|3
|c| Christcrusher|i love how gandalf gets high in it
|c| Christcrusher|xD
|c|★Aragorn1398|lol
|c| Christcrusher|with that pipe
|
|switch|p1a: Keldeo-Resolute|Keldeo-Resolute, shiny|323\/323
|move|p2a: Heatran|Earth Power|p1a: Keldeo-Resolute
|-damage|p1a: Keldeo-Resolute|190\/323
|
|turn|4
|
|switch|p2a: Slowbro|Slowbro, F|394\/394
|move|p1a: Keldeo-Resolute|Scald|p2a: Slowbro
|-resisted|p2a: Slowbro
|-damage|p2a: Slowbro|280\/394
|
|-heal|p2a: Slowbro|304\/394|[from] item: Leftovers
|turn|5
|c| Christcrusher|we all know that wasnt normal tobaccy
|
|switch|p1a: Scizor|Scizor, F|337\/337
|move|p2a: Slowbro|Scald|p1a: Scizor
|-damage|p1a: Scizor|234\/337
|
|-heal|p1a: Scizor|255\/337|[from] item: Leftovers
|-heal|p2a: Slowbro|328\/394|[from] item: Leftovers
|turn|6
|
|move|p1a: Scizor|U-turn|p2a: Slowbro
|-supereffective|p2a: Slowbro
|-damage|p2a: Slowbro|178\/394
|
|switch|p1a: Thundurus|Thundurus, M|270\/299
|move|p2a: Slowbro|Fire Blast|p1a: Thundurus
|-damage|p1a: Thundurus|148\/299
|-status|p1a: Thundurus|brn
|
|-heal|p2a: Slowbro|202\/394|[from] item: Leftovers
|-damage|p1a: Thundurus|111\/299 brn|[from] brn
|turn|7
|c|★Fh27|nice and burn
|
|switch|p2a: Clefable|Clefable, M|347\/394
|move|p1a: Thundurus|Thunderbolt|p2a: Clefable
|-damage|p2a: Clefable|131\/394
|-status|p2a: Clefable|par
|-damage|p1a: Thundurus|82\/299 brn|[from] item: Life Orb
|
|-damage|p1a: Thundurus|45\/299 brn|[from] brn
|turn|8
|c|★Fh27|holy
|c|★Fh27|that dud so much
|c|★Aragorn1398|nice and para
|c|★Fh27|my spread is wrong baaha
|c|★Fh27|my bad lel
|c|★Aragorn1398|XD
|c|★Aragorn1398|no sp def?
|c|★Fh27|dis is supposed to be spdef
|c|★Fh27|but its offensive
|c|★Aragorn1398|ah
|
|switch|p2a: Ferrothorn|Ferrothorn, F|352\/352
|move|p1a: Thundurus|Thunderbolt|p2a: Ferrothorn
|-resisted|p2a: Ferrothorn
|-damage|p2a: Ferrothorn|281\/352
|-damage|p1a: Thundurus|16\/299 brn|[from] item: Life Orb
|
|-damage|p1a: Thundurus|0 fnt|[from] brn
|faint|p1a: Thundurus
|
|switch|p1a: Heatran|Heatran, M, shiny|385\/385
|turn|9
|
|switch|p2a: Slowbro|Slowbro, F|333\/394
|move|p1a: Heatran|Lava Plume|p2a: Slowbro
|-resisted|p2a: Slowbro
|-damage|p2a: Slowbro|258\/394
|
|-heal|p2a: Slowbro|282\/394|[from] item: Leftovers
|turn|10
|
|switch|p1a: Venusaur|Venusaur, M|363\/363
|move|p2a: Slowbro|Thunder Wave|p1a: Venusaur
|-status|p1a: Venusaur|par
|
|-heal|p2a: Slowbro|306\/394|[from] item: Leftovers
|turn|11
|
|switch|p2a: Ferrothorn|Ferrothorn, F|281\/352
|detailschange|p1a: Venusaur|Venusaur-Mega, M
|-mega|p1a: Venusaur|Venusaur|Venusaurite
|cant|p1a: Venusaur|par
|
|turn|12
|
|switch|p2a: Heatran|Heatran, F|342\/342
|cant|p1a: Venusaur|par
|
|turn|13
|
|switch|p2a: Latios|Latios, M|301\/301
|switch|p1a: Keldeo-Resolute|Keldeo-Resolute, shiny|190\/323
|
|turn|14
|
|switch|p1a: Scizor|Scizor, F|255\/337
|move|p2a: Latios|Psyshock|p1a: Scizor
|-resisted|p1a: Scizor
|-damage|p1a: Scizor|187\/337
|-damage|p2a: Latios|271\/301|[from] item: Life Orb
|
|-heal|p1a: Scizor|208\/337|[from] item: Leftovers
|turn|15
|c| Christcrusher|nice
|
|switch|p2a: Gyarados|Gyarados, M|351\/351
|-ability|p2a: Gyarados|Intimidate|[of] p1a: Scizor
|-unboost|p1a: Scizor|atk|1
|move|p1a: Scizor|Roost|p1a: Scizor
|-heal|p1a: Scizor|337\/337
|
|turn|16
|
|move|p2a: Gyarados|Crunch|p1a: Scizor
|-damage|p1a: Scizor|268\/337
|move|p1a: Scizor|U-turn|p2a: Gyarados
|-crit|p2a: Gyarados
|-resisted|p2a: Gyarados
|-damage|p2a: Gyarados|253\/351
|c|★Fh27|make a move bruh
|
|switch|p1a: Dragonite|Dragonite, F|323\/323
|
|turn|17
|c|★Fh27|you know mold breaker ignores multiscale??
|c|★Fh27|i never knew that
|
|switch|p2a: Slowbro|Slowbro, F|394\/394
|move|p1a: Dragonite|Thunder Punch|p2a: Slowbro
|-supereffective|p2a: Slowbro
|-damage|p2a: Slowbro|198\/394
|
|-heal|p2a: Slowbro|222\/394|[from] item: Leftovers
|turn|18
|
|move|p1a: Dragonite|Thunder Punch|p2a: Slowbro
|-supereffective|p2a: Slowbro
|-damage|p2a: Slowbro|4\/394
|move|p2a: Slowbro|Thunder Wave|p1a: Dragonite
|-status|p1a: Dragonite|par
|
|-heal|p2a: Slowbro|28\/394|[from] item: Leftovers
|turn|19
|
|switch|p2a: Ferrothorn|Ferrothorn, F|281\/352
|switch|p1a: Heatran|Heatran, M, shiny|385\/385
|
|turn|20
|
|switch|p2a: Slowbro|Slowbro, F|159\/394
|move|p1a: Heatran|Stealth Rock|p2a: Slowbro
|-sidestart|p2: Fh27|move: Stealth Rock
|
|-heal|p2a: Slowbro|183\/394|[from] item: Leftovers
|turn|21
|
|switch|p1a: Venusaur|Venusaur-Mega, M|363\/363 par
|move|p2a: Slowbro|Slack Off|p2a: Slowbro
|-heal|p2a: Slowbro|380\/394
|
|-heal|p2a: Slowbro|394\/394|[from] item: Leftovers
|turn|22
|
|switch|p2a: Ferrothorn|Ferrothorn, F|281\/352
|-damage|p2a: Ferrothorn|259\/352|[from] Stealth Rock
|switch|p1a: Dragonite|Dragonite, F|323\/323 par
|
|turn|23
|
|move|p1a: Dragonite|Superpower|p2a: Ferrothorn
|-supereffective|p2a: Ferrothorn
|-damage|p2a: Ferrothorn|0 fnt
|-damage|p1a: Dragonite|283\/323 par|[from] ability: Iron Barbs|[of] p2a: Ferrothorn
|-unboost|p1a: Dragonite|atk|1
|-unboost|p1a: Dragonite|def|1
|faint|p2a: Ferrothorn
|
|
|switch|p2a: Gyarados|Gyarados, M|253\/351
|-damage|p2a: Gyarados|166\/351|[from] Stealth Rock
|-ability|p2a: Gyarados|Intimidate|[of] p1a: Dragonite
|-unboost|p1a: Dragonite|atk|1
|turn|24
|
|switch|p1a: Venusaur|Venusaur-Mega, M|363\/363 par
|move|p2a: Gyarados|Dragon Dance|p2a: Gyarados
|-boost|p2a: Gyarados|atk|1
|-boost|p2a: Gyarados|spe|1
|
|turn|25
|
|move|p2a: Gyarados|Crunch|p1a: Venusaur
|-damage|p1a: Venusaur|231\/363 par
|move|p1a: Venusaur|Giga Drain|p2a: Gyarados
|-damage|p2a: Gyarados|34\/351
|-heal|p1a: Venusaur|297\/363 par|[from] drain|[of] p2a: Gyarados
|
|turn|26
|
|detailschange|p2a: Gyarados|Gyarados-Mega, M
|-mega|p2a: Gyarados|Gyarados|Gyaradosite
|-ability|p2a: Gyarados|Mold Breaker
|move|p2a: Gyarados|Crunch|p1a: Venusaur
|-damage|p1a: Venusaur|62\/363 par
|move|p1a: Venusaur|Giga Drain|p2a: Gyarados
|-supereffective|p2a: Gyarados
|-damage|p2a: Gyarados|0 fnt
|-heal|p1a: Venusaur|79\/363 par|[from] drain|[of] p2a: Gyarados
|faint|p2a: Gyarados
|
|
|switch|p2a: Latios|Latios, M|271\/301
|-damage|p2a: Latios|234\/301|[from] Stealth Rock
|turn|27
|
|switch|p1a: Heatran|Heatran, M, shiny|385\/385
|move|p2a: Latios|Psyshock|p1a: Heatran
|-resisted|p1a: Heatran
|-damage|p1a: Heatran|295\/385
|-damage|p2a: Latios|204\/301|[from] item: Life Orb
|
|-heal|p1a: Heatran|319\/385|[from] item: Leftovers
|turn|28
|
|switch|p2a: Heatran|Heatran, F|342\/342
|-damage|p2a: Heatran|300\/342|[from] Stealth Rock
|move|p1a: Heatran|Ancient Power|p2a: Heatran
|-damage|p2a: Heatran|245\/342
|
|-heal|p1a: Heatran|343\/385|[from] item: Leftovers
|turn|29
|
|switch|p1a: Dragonite|Dragonite, F|283\/323 par
|move|p2a: Heatran|Flash Cannon|p1a: Dragonite
|-damage|p1a: Dragonite|135\/323 par
|
|turn|30
|
|switch|p2a: Slowbro|Slowbro, F|394\/394
|-damage|p2a: Slowbro|345\/394|[from] Stealth Rock
|move|p1a: Dragonite|Extreme Speed|p2a: Slowbro
|-damage|p2a: Slowbro|243\/394
|
|-heal|p2a: Slowbro|267\/394|[from] item: Leftovers
|turn|31
|
|switch|p1a: Venusaur|Venusaur-Mega, M|79\/363 par
|move|p2a: Slowbro|Scald|p1a: Venusaur
|-resisted|p1a: Venusaur
|-damage|p1a: Venusaur|40\/363 par
|
|-heal|p2a: Slowbro|291\/394|[from] item: Leftovers
|turn|32
|
|move|p2a: Slowbro|Fire Blast|p1a: Venusaur
|-supereffective|p1a: Venusaur
|-damage|p1a: Venusaur|0 fnt
|faint|p1a: Venusaur
|
|-heal|p2a: Slowbro|315\/394|[from] item: Leftovers
|
|switch|p1a: Scizor|Scizor, F|268\/337
|turn|33
|
|move|p1a: Scizor|U-turn|p2a: Slowbro
|-supereffective|p2a: Slowbro
|-damage|p2a: Slowbro|165\/394
|c| Christcrusher|hmm
|
|switch|p1a: Keldeo-Resolute|Keldeo-Resolute, shiny|190\/323
|move|p2a: Slowbro|Thunder Wave|p1a: Keldeo-Resolute
|-status|p1a: Keldeo-Resolute|par
|
|-heal|p2a: Slowbro|189\/394|[from] item: Leftovers
|turn|34
|c| Christcrusher|nice!
|
|switch|p2a: Latios|Latios, M|204\/301
|-damage|p2a: Latios|167\/301|[from] Stealth Rock
|cant|p1a: Keldeo-Resolute|par
|
|turn|35
|
|switch|p1a: Heatran|Heatran, M, shiny|343\/385
|move|p2a: Latios|Psyshock|p1a: Heatran
|-resisted|p1a: Heatran
|-damage|p1a: Heatran|260\/385
|-damage|p2a: Latios|137\/301|[from] item: Life Orb
|
|-heal|p1a: Heatran|284\/385|[from] item: Leftovers
|turn|36
|c|★Aragorn1398|i was rekt at teammatch up really
|
|switch|p2a: Heatran|Heatran, F|245\/342
|-damage|p2a: Heatran|203\/342|[from] Stealth Rock
|move|p1a: Heatran|Lava Plume|p2a: Heatran
|-start|p2a: Heatran|ability: Flash Fire
|
|-heal|p1a: Heatran|308\/385|[from] item: Leftovers
|turn|37
|c| Christcrusher|ha
|
|switch|p1a: Dragonite|Dragonite, F|135\/323 par
|move|p2a: Heatran|Fire Blast|p1a: Dragonite
|-resisted|p1a: Dragonite
|-damage|p1a: Dragonite|0 fnt
|faint|p1a: Dragonite
|
|
|switch|p1a: Keldeo-Resolute|Keldeo-Resolute, shiny|190\/323 par
|turn|38
|c|★Fh27|do u like team preview?
|
|switch|p2a: Slowbro|Slowbro, F|320\/394
|-damage|p2a: Slowbro|271\/394|[from] Stealth Rock
|cant|p1a: Keldeo-Resolute|par
|
|-heal|p2a: Slowbro|295\/394|[from] item: Leftovers
|turn|39
|c|★Aragorn1398|?
|
|move|p2a: Slowbro|Scald|p1a: Keldeo-Resolute
|-resisted|p1a: Keldeo-Resolute
|-damage|p1a: Keldeo-Resolute|136\/323 par
|cant|p1a: Keldeo-Resolute|par
|
|-heal|p2a: Slowbro|319\/394|[from] item: Leftovers
|turn|40
|c|★Fh27|were you around before team preview?
|
|move|p2a: Slowbro|Scald|p1a: Keldeo-Resolute
|-resisted|p1a: Keldeo-Resolute
|-damage|p1a: Keldeo-Resolute|85\/323 par
|move|p1a: Keldeo-Resolute|Scald|p2a: Slowbro
|-resisted|p2a: Slowbro
|-damage|p2a: Slowbro|187\/394
|
|-heal|p2a: Slowbro|211\/394|[from] item: Leftovers
|turn|41
|c|★Aragorn1398|not on PS
|
|switch|p2a: Clefable|Clefable, M|131\/394 par
|move|p1a: Keldeo-Resolute|Scald|p2a: Clefable
|-damage|p2a: Clefable|0 fnt
|faint|p2a: Clefable
|
|
|switch|p2a: Latios|Latios, M|137\/301
|-damage|p2a: Latios|100\/301|[from] Stealth Rock
|turn|42
|
|switch|p1a: Scizor|Scizor, F|268\/337
|move|p2a: Latios|Roost|p2a: Latios
|-heal|p2a: Latios|251\/301
|
|-heal|p1a: Scizor|289\/337|[from] item: Leftovers
|turn|43
|c|★Fh27|do u like team preview?
|
|switch|p2a: Slowbro|Slowbro, F|342\/394
|-damage|p2a: Slowbro|293\/394|[from] Stealth Rock
|move|p1a: Scizor|U-turn|p2a: Slowbro
|-supereffective|p2a: Slowbro
|-damage|p2a: Slowbro|147\/394
|c|★Aragorn1398|sure\/
|
|switch|p1a: Keldeo-Resolute|Keldeo-Resolute, shiny|85\/323 par
|
|-heal|p2a: Slowbro|171\/394|[from] item: Leftovers
|turn|44
|
|move|p2a: Slowbro|Slack Off|p2a: Slowbro
|-heal|p2a: Slowbro|368\/394
|move|p1a: Keldeo-Resolute|Hydro Pump|p2a: Slowbro|[miss]
|-miss|p1a: Keldeo-Resolute|p2a: Slowbro
|
|-heal|p2a: Slowbro|392\/394|[from] item: Leftovers
|turn|45
|
|move|p2a: Slowbro|Scald|p1a: Keldeo-Resolute
|-resisted|p1a: Keldeo-Resolute
|-damage|p1a: Keldeo-Resolute|31\/323 par
|move|p1a: Keldeo-Resolute|Hydro Pump|p2a: Slowbro|[miss]
|-miss|p1a: Keldeo-Resolute|p2a: Slowbro
|
|-heal|p2a: Slowbro|394\/394|[from] item: Leftovers
|turn|46
|
|move|p2a: Slowbro|Scald|p1a: Keldeo-Resolute
|-resisted|p1a: Keldeo-Resolute
|-damage|p1a: Keldeo-Resolute|0 fnt
|faint|p1a: Keldeo-Resolute
|
|c| Christcrusher|i like it
|
|switch|p1a: Scizor|Scizor, F|289\/337
|turn|47
|c|★Fh27|i think its neccesary
|
|move|p1a: Scizor|U-turn|p2a: Slowbro
|-supereffective|p2a: Slowbro
|-damage|p2a: Slowbro|236\/394
|
|switch|p1a: Heatran|Heatran, M, shiny|308\/385
|move|p2a: Slowbro|Fire Blast|p1a: Heatran
|-start|p1a: Heatran|ability: Flash Fire
|
|-heal|p1a: Heatran|332\/385|[from] item: Leftovers
|-heal|p2a: Slowbro|260\/394|[from] item: Leftovers
|turn|48
|c| Christcrusher|it would be so dumb without it
|c|★Aragorn1398|kinda
|c| Christcrusher|it is necessary
|c| Christcrusher|no
|c|★Aragorn1398|im just saying ur team counters mine
|c| Christcrusher|not kinda
|
|switch|p1a: Scizor|Scizor, F|289\/337
|move|p2a: Slowbro|Thunder Wave|p1a: Scizor
|-status|p1a: Scizor|par
|
|-heal|p2a: Slowbro|284\/394|[from] item: Leftovers
|-heal|p1a: Scizor|310\/337 par|[from] item: Leftovers
|turn|49
|c|★Fh27|i dont think so tbh
|c| Christcrusher|you cock sucker :P
|c|★Fh27|thundy reks me
|c|★Aragorn1398|yeah
|c|★Aragorn1398|but i only have so many hits
|c|★Fh27|and venu is the best counter to my team
|c|★Aragorn1398|venu is the worst lol
|c|★Fh27|venu is my worst possible machup for me
|
|move|p2a: Slowbro|Scald|p1a: Scizor
|-damage|p1a: Scizor|190\/337 par
|move|p1a: Scizor|U-turn|p2a: Slowbro
|-supereffective|p2a: Slowbro
|-damage|p2a: Slowbro|132\/394
|c|★Aragorn1398|u have heatran and latios
|
|switch|p1a: Heatran|Heatran, M, shiny|332\/385
|
|-heal|p1a: Heatran|356\/385|[from] item: Leftovers
|-heal|p2a: Slowbro|156\/394|[from] item: Leftovers
|turn|50
|c|★Fh27|yh but thick fat
|c|★Fh27|latios cant come in on sludge bomb
|c|★Aragorn1398|psyshock?
|c|★Fh27|and heatran is scarfed
|c|★Aragorn1398|and my spread doesnt have eq
|c| Christcrusher|yeah latios does it
|
|switch|p1a: Scizor|Scizor, F|190\/337 par
|move|p2a: Slowbro|Slack Off|p2a: Slowbro
|-heal|p2a: Slowbro|353\/394
|
|-heal|p2a: Slowbro|377\/394|[from] item: Leftovers
|-heal|p1a: Scizor|211\/337 par|[from] item: Leftovers
|turn|51
|c| Christcrusher|but heatran dont
|
|move|p2a: Slowbro|Scald|p1a: Scizor
|-damage|p1a: Scizor|96\/337 par
|move|p1a: Scizor|Roost|p1a: Scizor
|-heal|p1a: Scizor|265\/337 par
|
|-heal|p2a: Slowbro|394\/394|[from] item: Leftovers
|-heal|p1a: Scizor|286\/337 par|[from] item: Leftovers
|turn|52
|c|★Fh27|this team is built well
|
|move|p2a: Slowbro|Scald|p1a: Scizor
|-damage|p1a: Scizor|178\/337 par
|move|p1a: Scizor|Roost|p1a: Scizor
|-heal|p1a: Scizor|337\/337 par
|
|turn|53
|
|move|p2a: Slowbro|Fire Blast|p1a: Scizor
|-supereffective|p1a: Scizor
|-damage|p1a: Scizor|0 fnt
|faint|p1a: Scizor
|
|c|★Aragorn1398|gg
|
|switch|p1a: Heatran|Heatran, M, shiny|356\/385
|turn|54
|
|move|p1a: Heatran|Ancient Power|p2a: Slowbro
|-damage|p2a: Slowbro|325\/394
|move|p2a: Slowbro|Thunder Wave|p1a: Heatran
|-status|p1a: Heatran|par
|
|-heal|p2a: Slowbro|349\/394|[from] item: Leftovers
|-heal|p1a: Heatran|380\/385 par|[from] item: Leftovers
|turn|55
|
|move|p2a: Slowbro|Scald|p1a: Heatran
|-supereffective|p1a: Heatran
|-damage|p1a: Heatran|248\/385 par
|move|p1a: Heatran|Ancient Power|p2a: Slowbro
|-damage|p2a: Slowbro|282\/394
|-boost|p1a: Heatran|atk|1
|-boost|p1a: Heatran|def|1
|-boost|p1a: Heatran|spa|1
|-boost|p1a: Heatran|spd|1
|-boost|p1a: Heatran|spe|1
|
|-heal|p2a: Slowbro|306\/394|[from] item: Leftovers
|-heal|p1a: Heatran|272\/385 par|[from] item: Leftovers
|turn|56
|c|★Fh27|lol
|c|★Aragorn1398|ITS HAPPENING
|
|move|p1a: Heatran|Protect|p1a: Heatran
|-singleturn|p1a: Heatran|Protect
|move|p2a: Slowbro|Scald|p1a: Heatran
|-activate|p1a: Heatran|Protect
|
|-heal|p2a: Slowbro|330\/394|[from] item: Leftovers
|-heal|p1a: Heatran|296\/385 par|[from] item: Leftovers
|turn|57
|c| Christcrusher|yep gg kiddo
|
|move|p2a: Slowbro|Scald|p1a: Heatran
|-supereffective|p1a: Heatran
|-damage|p1a: Heatran|206\/385 par
|cant|p1a: Heatran|par
|
|-heal|p2a: Slowbro|354\/394|[from] item: Leftovers
|-heal|p1a: Heatran|230\/385 par|[from] item: Leftovers
|turn|58
|
|move|p1a: Heatran|Protect|p1a: Heatran
|-singleturn|p1a: Heatran|Protect
|move|p2a: Slowbro|Scald|p1a: Heatran
|-activate|p1a: Heatran|Protect
|
|-heal|p2a: Slowbro|378\/394|[from] item: Leftovers
|-heal|p1a: Heatran|254\/385 par|[from] item: Leftovers
|turn|59
|c| Christcrusher|meh
|c|★Fh27|stone edge imo
|
|move|p2a: Slowbro|Scald|p1a: Heatran
|-supereffective|p1a: Heatran
|-damage|p1a: Heatran|164\/385 par
|move|p1a: Heatran|Ancient Power|p2a: Slowbro
|-damage|p2a: Slowbro|272\/394
|
|-heal|p2a: Slowbro|296\/394|[from] item: Leftovers
|-heal|p1a: Heatran|188\/385 par|[from] item: Leftovers
|turn|60
|c|★Fh27|i run modest
|c|★Fh27|and stone edge still hits harder on zard y and talon
|
|move|p2a: Slowbro|Scald|p1a: Heatran
|-supereffective|p1a: Heatran
|-damage|p1a: Heatran|102\/385 par
|move|p1a: Heatran|Ancient Power|p2a: Slowbro
|-damage|p2a: Slowbro|198\/394
|-boost|p1a: Heatran|atk|1
|-boost|p1a: Heatran|def|1
|-boost|p1a: Heatran|spa|1
|-boost|p1a: Heatran|spd|1
|-boost|p1a: Heatran|spe|1
|
|-heal|p2a: Slowbro|222\/394|[from] item: Leftovers
|-heal|p1a: Heatran|126\/385 par|[from] item: Leftovers
|turn|61
|c|★Aragorn1398|dat miss chance though
|c|★Aragorn1398|omg these boosts
|
|move|p1a: Heatran|Protect|p1a: Heatran
|-singleturn|p1a: Heatran|Protect
|move|p2a: Slowbro|Scald|p1a: Heatran
|-activate|p1a: Heatran|Protect
|
|-heal|p2a: Slowbro|246\/394|[from] item: Leftovers
|-heal|p1a: Heatran|150\/385 par|[from] item: Leftovers
|turn|62
|c|★Fh27|youre a fir type
|c| Christcrusher|wow
|c|★Fh27|youre gonna get boosts anyway
|
|move|p2a: Slowbro|Scald|p1a: Heatran
|-supereffective|p1a: Heatran
|-damage|p1a: Heatran|78\/385 par
|move|p1a: Heatran|Lava Plume|p2a: Slowbro
|-resisted|p2a: Slowbro
|-damage|p2a: Slowbro|108\/394
|-status|p2a: Slowbro|brn
|
|-heal|p2a: Slowbro|132\/394 brn|[from] item: Leftovers
|-heal|p1a: Heatran|102\/385 par|[from] item: Leftovers
|-damage|p2a: Slowbro|83\/394 brn|[from] brn
|turn|63
|
|move|p1a: Heatran|Protect|p1a: Heatran
|-singleturn|p1a: Heatran|Protect
|move|p2a: Slowbro|Slack Off|p2a: Slowbro
|-heal|p2a: Slowbro|280\/394 brn
|
|-heal|p2a: Slowbro|304\/394 brn|[from] item: Leftovers
|-heal|p1a: Heatran|126\/385 par|[from] item: Leftovers
|-damage|p2a: Slowbro|255\/394 brn|[from] brn
|turn|64
|c|★Fh27|dw chris lol im modest scarf tran
|c|★Fh27|i can EP to kill
|c| Christcrusher|hehe
|c|★Fh27|im just playing safe
|
|move|p2a: Slowbro|Scald|p1a: Heatran
|-supereffective|p1a: Heatran
|-damage|p1a: Heatran|52\/385 par
|move|p1a: Heatran|Lava Plume|p2a: Slowbro
|-resisted|p2a: Slowbro
|-damage|p2a: Slowbro|107\/394 brn
|
|-heal|p2a: Slowbro|131\/394 brn|[from] item: Leftovers
|-heal|p1a: Heatran|76\/385 par|[from] item: Leftovers
|-damage|p2a: Slowbro|82\/394 brn|[from] brn
|turn|65
|c|★Aragorn1398|not if i get 3 more boosts :)
|
|move|p2a: Slowbro|Scald|p1a: Heatran
|-supereffective|p1a: Heatran
|-damage|p1a: Heatran|10\/385 par
|move|p1a: Heatran|Ancient Power|p2a: Slowbro
|-damage|p2a: Slowbro|0 fnt
|faint|p2a: Slowbro
|
|-heal|p1a: Heatran|34\/385 par|[from] item: Leftovers
|c|★Fh27|dude youre dead m8
|c|★Aragorn1398|yea
|
|switch|p2a: Heatran|Heatran, F|203\/342
|-damage|p2a: Heatran|161\/342|[from] Stealth Rock
|turn|66
|c|★Aragorn1398|gg
|c| Christcrusher|good ur playng safe
|c|★Fh27|gg
|
|move|p1a: Heatran|Protect|p1a: Heatran
|-singleturn|p1a: Heatran|Protect
|move|p2a: Heatran|Earth Power|p1a: Heatran
|-activate|p1a: Heatran|Protect
|
|-heal|p1a: Heatran|58\/385 par|[from] item: Leftovers
|turn|67
|c| Christcrusher|always wear a condo
|c| Christcrusher|condom
|
|move|p1a: Heatran|Protect|p1a: Heatran
|-singleturn|p1a: Heatran|Protect
|move|p2a: Heatran|Earth Power|p1a: Heatran
|-activate|p1a: Heatran|Protect
|
|-heal|p1a: Heatran|82\/385 par|[from] item: Leftovers
|turn|68
|c|★Fh27|sometimes
|c| Christcrusher|in ou
|
|move|p1a: Heatran|Protect|p1a: Heatran
|-fail|p1a: Heatran
|move|p2a: Heatran|Earth Power|p1a: Heatran
|-supereffective|p1a: Heatran
|-damage|p1a: Heatran|0 fnt
|faint|p1a: Heatran
|
|win|Fh27
|raw|Ladder updating...
|raw|Aragorn1398's rating: 1672 &rarr; <strong>1641<\/strong><br \/>(-31 for losing)
|raw|Fh27's rating: 1459 &rarr; <strong>1490<\/strong><br \/>(+31 for winning)
|c|★Fh27|WHOA
|leave|Aragorn1398
|player|p1
|c|★Fh27|WHAT
|c|★Fh27|THE FUCK
|c|★Fh27|1670
|c| Christcrusher|omg
|c| Christcrusher|lol
|c| Christcrusher|wow
|c| Christcrusher|good job
|c|★Fh27|thats where
|c|★Fh27|i used to be
|c| Christcrusher|wat a weirdo
|c| Christcrusher|ha
|c| Christcrusher|nice
|c|★Fh27|lol
|c|★Fh27|kinda impressed tbh
|c|★Fh27|this team is based of a team i know
|c|★Fh27|and its rly good wow