|join|G0tagofast
|join|RealManu
|player|p1|G0tagofast|101
|player|p2|RealManu|93
|gametype|singles
|gen|6
|tier|OU
|rated
|clearpoke
|poke|p1|Diancie
|poke|p1|Volcarona, F
|poke|p1|Keldeo-Resolute
|poke|p1|Bisharp, F
|poke|p1|Skarmory, M
|poke|p1|Gengar, F
|poke|p2|Pidgeot, F
|poke|p2|Mamoswine, F
|poke|p2|Landorus-Therian, M
|poke|p2|Tentacruel, F
|poke|p2|Breloom, F
|poke|p2|Gengar, M
|rule|Swagger Clause: Swagger is banned
|rule|Baton Pass Clause: Limit one Pokémon knowing Baton Pass
|rule|Sleep Clause Mod: Limit one foe put to sleep
|rule|Species Clause: Limit one of each Pokémon
|rule|OHKO Clause: OHKO moves are banned
|rule|Moody Clause: Moody is banned
|rule|Evasion Moves Clause: Evasion moves are banned
|rule|Endless Battle Clause: Forcing endless battles is banned
|rule|HP Percentage Mod: HP is shown in percentages
|teampreview
|
|start
|switch|p1a: Skarmory|Skarmory, M|271\/271
|switch|p2a: Breloom|Breloom, F|262\/262
|turn|1
|
|move|p1a: Skarmory|Taunt|p2a: Breloom
|-start|p2a: Breloom|move: Taunt
|cant|p2a: Breloom|move: Taunt|Spore
|
|turn|2
|
|switch|p2a: Tentacruel|Tentacruel, F|364\/364
|move|p1a: Skarmory|Brave Bird|p2a: Tentacruel
|-damage|p2a: Tentacruel|165\/364
|-damage|p1a: Skarmory|205\/271|[from] recoil|[of] p2a: Tentacruel
|
|-heal|p2a: Tentacruel|187\/364|[from] item: Black Sludge
|turn|3
|c|★RealManu|what's happening
|
|move|p1a: Skarmory|Brave Bird|p2a: Tentacruel
|-damage|p2a: Tentacruel|0 fnt
|-damage|p1a: Skarmory|143\/271|[from] recoil|[of] p2a: Tentacruel
|faint|p2a: Tentacruel
|
|c|★G0tagofast|lol
|
|switch|p2a: Pollo|Pidgeot, F|307\/307
|turn|4
|c|★RealManu|xD
|
|switch|p1a: Diancie|Diancie|257\/257
|detailschange|p2a: Pollo|Pidgeot-Mega, F
|-mega|p2a: Pollo|Pidgeot|Pidgeotite
|move|p2a: Pollo|Hurricane|p1a: Diancie
|-resisted|p1a: Diancie
|-damage|p1a: Diancie|177\/257
|-start|p1a: Diancie|confusion
|
|turn|5
|c|★G0tagofast|Skarmory is more powerfull than a fucking magikarp
|
|detailschange|p1a: Diancie|Diancie-Mega
|-mega|p1a: Diancie|Diancie|Diancite
|move|p2a: Pollo|U-turn|p1a: Diancie
|-resisted|p1a: Diancie
|-damage|p1a: Diancie|159\/257
|c|★RealManu|shiet
|c|★G0tagofast|plz no hax
|
|switch|p2a: Gengar|Gengar, M|261\/261
|-activate|p1a: Diancie|confusion
|move|p1a: Diancie|Diamond Storm|p2a: Gengar
|-damage|p2a: Gengar|8\/261
|-boost|p1a: Diancie|def|1
|
|-heal|p2a: Gengar|24\/261|[from] item: Black Sludge
|turn|6
|
|move|p2a: Gengar|Shadow Ball|p1a: Diancie
|-damage|p1a: Diancie|12\/257
|-activate|p1a: Diancie|confusion
|move|p1a: Diancie|Hidden Power|p2a: Gengar
|-damage|p2a: Gengar|0 fnt
|faint|p2a: Gengar
|
|
|switch|p2a: Pollo|Pidgeot-Mega, F|307\/307
|turn|7
|
|switch|p1a: Skarmory|Skarmory, M|143\/271
|move|p2a: Pollo|Hurricane|p1a: Skarmory
|-resisted|p1a: Skarmory
|-damage|p1a: Skarmory|6\/271
|-enditem|p1a: Skarmory|Salac Berry|[eat]
|-boost|p1a: Skarmory|spe|1|[from] item: Salac Berry
|
|turn|8
|
|move|p1a: Skarmory|Stealth Rock|p2a: Pollo
|-sidestart|p2: RealManu|move: Stealth Rock
|move|p2a: Pollo|Hurricane|p1a: Skarmory
|-resisted|p1a: Skarmory
|-damage|p1a: Skarmory|0 fnt
|faint|p1a: Skarmory
|
|
|switch|p1a: Bisharp|Bisharp, F|289\/289
|turn|9
|
|move|p1a: Bisharp|Pursuit|p2a: Pollo|[from]Pursuit
|-damage|p2a: Pollo|60\/307
|-damage|p1a: Bisharp|261\/289|[from] item: Life Orb
|switch|p2a: Breloom|Breloom, F|262\/262
|-damage|p2a: Breloom|246\/262|[from] Stealth Rock
|
|turn|10
|c|★RealManu|plays
|c|★G0tagofast|i just wish diancie had some priority xD
|c|★RealManu|should've heat wave
|
|switch|p1a: Diancie|Diancie-Mega|12\/257
|move|p2a: Breloom|Spore|p1a: Diancie
|move|p1a: Diancie|Spore|p2a: Breloom|[from]Magic Bounce
|-fail|p2a: Breloom
|
|turn|11
|c|★G0tagofast|I believe he tanks one
|c|★RealManu|I know
|
|move|p1a: Diancie|Moonblast|p2a: Breloom
|-supereffective|p2a: Breloom
|-damage|p2a: Breloom|0 fnt
|faint|p2a: Breloom
|
|-message|RealManu forfeited.
|leave|RealManu
|
|win|G0tagofast
|raw|Ladder updating...
|player|p2
|raw|G0tagofast's rating: 1522 &rarr; <strong>1543<\/strong><br \/>(+21 for winning)
|raw|RealManu's rating: 1547 &rarr; <strong>1525<\/strong><br \/>(-22 for losing)