|join|G0tagofast
|join|MoB Barley
|join|Mega Magic Bounce
|join|Dragongroudon9
|join|ninjatears4u
|join|dperks53
|join|yohoyohoyoho
|join|qwertyuiop12321
|join|You Know Gasai
|join|Samurai TAKE-SHI
|player|p1|G0tagofast|101
|player|p2|MoB Barley|161
|gametype|singles
|gen|6
|tier|OU
|clearpoke
|poke|p1|Diancie
|poke|p1|Volcarona, F
|poke|p1|Serperior, M
|poke|p1|Bisharp, M
|poke|p1|Skarmory, M
|poke|p1|Gengar, F
|poke|p2|Victini
|poke|p2|Keldeo-Resolute
|poke|p2|Bisharp, M, shiny
|poke|p2|Lopunny, F, shiny
|poke|p2|Azumarill, M
|poke|p2|Latios, M
|rule|Swagger Clause: Swagger is banned
|rule|Baton Pass Clause: Limit one Pokémon knowing Baton Pass
|rule|Sleep Clause Mod: Limit one foe put to sleep
|rule|Species Clause: Limit one of each Pokémon
|rule|OHKO Clause: OHKO moves are banned
|rule|Moody Clause: Moody is banned
|rule|Evasion Moves Clause: Evasion moves are banned
|rule|Endless Battle Clause: Forcing endless battles is banned
|rule|HP Percentage Mod: HP is shown in percentages
|teampreview
|join|king of spycrabs
|c|★G0tagofast|gl hf
|join|mightyking34
|join|Lucky Moose
|join|Frickett
|join|TechnoBlastBoy
|join|Face-ur-doom
|join|Cloud27
|join|donkii
|join|Mouzourides
|join|shartruce2
|join|BlueHippo
|join|RayDalio
|join|Griffy17
|c| Mega Magic Bounce|this is the finals, right?
|join|ThE0 Trolopoulos
|join|boonman
|join|Aelia07
|join|Bad Players
|c| TechnoBlastBoy|does mob ever not win tourneys
|join|PincherD
|join|i hate garbage
|c| Lucky Moose|the serp is here
|c| king of spycrabs|MOBOMOBMOBMOBMOBMOBNMOBN\
|c| Samurai TAKE-SHI|glhf prople
|join|Sarah Phoenix
|c| Mouzourides|the serperior tho
|c| Lucky Moose|mob pls lose
|join|VanilliteCone
|c| Samurai TAKE-SHI|this was really gun
|join|rnd900
|
|start
|switch|p1a: Skarmory|Skarmory, M|271\/271
|switch|p2a: Prioritize|Bisharp, M, shiny|271\/271
|turn|1
|c| Samurai TAKE-SHI|fun
|c| qwertyuiop12321|mob wins a lot
|c| Samurai TAKE-SHI|but i gtg
|c| Mega Magic Bounce|don't make them turn on modchat plz
|join|dittonite
|c| Samurai TAKE-SHI|mob
|c| RayDalio|That team looks v.familiar
|c| Samurai TAKE-SHI|you rekt me QQ
|
|move|p1a: Skarmory|Taunt|p2a: Prioritize
|-start|p2a: Prioritize|move: Taunt
|move|p2a: Prioritize|Knock Off|p1a: Skarmory
|-damage|p1a: Skarmory|121\/271
|-enditem|p1a: Skarmory|Salac Berry|[from] move: Knock Off|[of] p2a: Prioritize
|
|turn|2
|join|UrsaReign
|join|Stoned Zard
|c| TechnoBlastBoy|DQAFUCk
|c| Samurai TAKE-SHI|gotagofast
|c| TechnoBlastBoy|SALAC BERRY
|c| Samurai TAKE-SHI|gl hf
|
|switch|p2a: AC130|Latios, M|301\/301
|move|p1a: Skarmory|Stealth Rock|p2a: AC130
|-sidestart|p2: MoB Barley|move: Stealth Rock
|
|turn|3
|c| TechnoBlastBoy|offensive skarmory
|c| TechnoBlastBoy|I bow to the lord
|join|GarTar
|c| Sarah Phoenix|i thought i was the only one who used salac skarmory
|
|switch|p1a: Bisharp|Bisharp, M|289\/289
|move|p2a: AC130|Defog|p1a: Bisharp
|-unboost|p1a: Bisharp|evasion|1
|-boost|p1a: Bisharp|atk|2|[from] ability: Defiant
|-sideend|p2: MoB Barley|Stealth Rock|[from] move: Defog|[of] p2a: AC130
|
|turn|4
|c| RayDalio|I use salac skarm!
|c| You Know Gasai|k
|c| UrsaReign|gg
|c| TechnoBlastBoy|OOOHHH
|c| Samurai TAKE-SHI|the traps
|c| Stoned Zard|oh shit
|join|req'd by crobro
|c| qwertyuiop12321|*gulp*
|
|move|p2a: AC130|Earthquake|p1a: Bisharp
|-supereffective|p1a: Bisharp
|-damage|p1a: Bisharp|107\/289
|-damage|p2a: AC130|271\/301|[from] item: Life Orb
|move|p1a: Bisharp|Pursuit|p2a: AC130
|-supereffective|p2a: AC130
|-damage|p2a: AC130|0 fnt
|-damage|p1a: Bisharp|79\/289|[from] item: Life Orb
|faint|p2a: AC130
|
|c| Samurai TAKE-SHI|holy shit get trapped
|c| TechnoBlastBoy|soehting dies
|c| Dragongroudon9|BOP
|join|Legend of Poro
|c| Lucky Moose|fuk his asshole
|c| Lucky Moose|up the ass
|c| You Know Gasai|kelde lol
|c| king of spycrabs|spoiler: kelde
|c| Stoned Zard|lol
|c| Dragongroudon9|Mob is calcing Azu probs
|c| dperks53|NO
|join|Creeper3971
|c| Lucky Moose|mob's best play right now
|
|switch|p2a: Prioritize|Bisharp, M, shiny|271\/271
|turn|5
|c| Samurai TAKE-SHI|omg
|join|73510a
|c| Samurai TAKE-SHI|bish vs bish
|c| Stoned Zard|?
|
|move|p2a: Prioritize|Stealth Rock|p1a: Bisharp
|-sidestart|p1: G0tagofast|move: Stealth Rock
|move|p1a: Bisharp|Knock Off|p2a: Prioritize
|-resisted|p2a: Prioritize
|-damage|p2a: Prioritize|45\/271
|-enditem|p2a: Prioritize|Focus Sash|[from] move: Knock Off|[of] p1a: Bisharp
|-damage|p1a: Bisharp|51\/289|[from] item: Life Orb
|
|turn|6
|join|hfgdhjgfhjdsghfdhg
|c| TechnoBlastBoy|low kick
|c| Samurai TAKE-SHI|what is going on here
|c| TechnoBlastBoy|plz
|c| Dragongroudon9|Wtf
|c| qwertyuiop12321|:o
|c| Lucky Moose|is to click that x button on the top right of the screen
|c| Samurai TAKE-SHI|OK
|c| qwertyuiop12321|wut???
|c| dperks53|the only actual counter
|c| TechnoBlastBoy|nvm
|c| Samurai TAKE-SHI|LETS SEE
|c| TechnoBlastBoy|that sash thp
|
|move|p2a: Prioritize|Knock Off|p1a: Bisharp
|-crit|p1a: Bisharp
|-resisted|p1a: Bisharp
|-damage|p1a: Bisharp|0 fnt
|-enditem|p1a: Bisharp|Life Orb|[from] move: Knock Off|[of] p2a: Prioritize
|faint|p1a: Bisharp
|
|c| Samurai TAKE-SHI|OOOOOOOH
|c| Stoned Zard|xD
|c| Lucky Moose|lol scrub
|c| TechnoBlastBoy|WHERE THE SUCKER PUNCH THO
|c| Lucky Moose|get bettar
|c| Mouzourides|jolly bisharp?
|c| GarTar|**serp got dis**
|c| GarTar|**serp got dis**
|c| hfgdhjgfhjdsghfdhg|^shut up
|
|switch|p1a: Skarmory|Skarmory, M|121\/271
|-damage|p1a: Skarmory|88\/271|[from] Stealth Rock
|turn|7
|c| Samurai TAKE-SHI|mob being like ''git gud anytim pls''
|join|DoUevenDoor
|c| TechnoBlastBoy|serp is actually huge this game
|c| Bad Players|Salac skarm is for getting in an extra layer of hazards after sturdy activates.
|c| TechnoBlastBoy|xD
|c| GarTar|**serp got dis**
|c| GarTar|**serp got dis**
|c| GarTar|**serp got dis**
|c| GarTar|**serp got dis**
|c| GarTar|**serp got dis**
|c| GarTar|**serp got dis**
|c| GarTar|**serp got dis**
|c| TechnoBlastBoy|staph
|c| dperks53|stop
|c| Samurai TAKE-SHI|gar
|
|move|p1a: Skarmory|Spikes|p2a: Prioritize
|-sidestart|p2: MoB Barley|Spikes
|move|p2a: Prioritize|Knock Off|p1a: Skarmory
|-damage|p1a: Skarmory|0 fnt
|faint|p1a: Skarmory
|
|c| Samurai TAKE-SHI|stop
|c| yohoyohoyoho|modchat
|c| king of spycrabs|GarTar stop the fagg0try
|c| UrsaReign|?
|c| UrsaReign|y
|
|switch|p1a: Diancie|Diancie|241\/241
|-damage|p1a: Diancie|211\/241|[from] Stealth Rock
|turn|8
|c| Stoned Zard|it killed?
|c| TechnoBlastBoy|wow
|c| TechnoBlastBoy|guys
|c| TechnoBlastBoy|u are mean
|c| king of spycrabs|fucks like u ruin it for everyone
|join|altei
|
|detailschange|p1a: Diancie|Diancie-Mega
|-mega|p1a: Diancie|Diancie|Diancite
|move|p1a: Diancie|Protect|p1a: Diancie
|-singleturn|p1a: Diancie|Protect
|move|p2a: Prioritize|Iron Head|p1a: Diancie
|-activate|p1a: Diancie|Protect
|
|turn|9
|c| GarTar|wooooah
|c| GarTar|wooah
|c| GarTar|woah
|c| GarTar|woah there
|c| Samurai TAKE-SHI|OHWOW
|
|move|p2a: Prioritize|Sucker Punch|p1a: Diancie
|-resisted|p1a: Diancie
|-damage|p1a: Diancie|135\/241
|move|p1a: Diancie|Moonblast|p2a: Prioritize
|-damage|p2a: Prioritize|0 fnt
|faint|p2a: Prioritize
|
|c| TechnoBlastBoy|salty
|c| TechnoBlastBoy|for real
|c| DoUevenDoor|**THAT'S CUTE PEOPLE CAN TYPE LIKE THAT TOO GarTar**
|c| GarTar|**serp got dis**
|c| GarTar|**serp got dis**
|c| dperks53|stopppppppppppppp
|c| GarTar|**serp got dis**
|join|dark24
|c|★MoB Barley|gartar shut up
|c| Lucky Moose|serp got dis
|c| Samurai TAKE-SHI|gartar pls
|c| yohoyohoyoho|modhcat plss
|c| dperks53|holy fuck
|c| TechnoBlastBoy|no modchat
|c| TechnoBlastBoy|shut up
|join|boonman
|c| Samurai TAKE-SHI|go modchat imo
|c| TechnoBlastBoy|ur not any better giving stupid ideas
|c| Mega Magic Bounce|inb4 \/modchat +
|c| TechnoBlastBoy|no madchat
|
|switch|p2a: Playboy|Lopunny, F, shiny|271\/271
|-damage|p2a: Playboy|238\/271|[from] Spikes
|turn|10
|join|Trafflaw
|c| TechnoBlastBoy|if u hate it turn of specs
|c| Lucky Moose|WHERE YOU AT
|c| Lucky Moose|WHERE YOU AT
|c| Samurai TAKE-SHI|here comes fake out
|c| king of spycrabs|"hehe lelele lets go le troll on le funny showdown and make pokemanz playeers mad"
|
|detailschange|p2a: Playboy|Lopunny-Mega, F, shiny
|-mega|p2a: Playboy|Lopunny|Lopunnite
|move|p2a: Playboy|Fake Out|p1a: Diancie
|-resisted|p1a: Diancie
|-damage|p1a: Diancie|102\/241
|cant|p1a: Diancie|flinch
|
|turn|11
|join|CycloTJ
|
|move|p1a: Diancie|Protect|p1a: Diancie
|-singleturn|p1a: Diancie|Protect
|move|p2a: Playboy|High Jump Kick|p1a: Diancie
|-activate|p1a: Diancie|Protect
|-damage|p2a: Playboy|103\/271|[from] highjumpkick
|
|turn|12
|join|kankuro1954
|c| You Know Gasai|lol
|c| TechnoBlastBoy|physically defensive volc
|c| Samurai TAKE-SHI|OH
|c| Lucky Moose|LOL
|c| UrsaReign|bop
|c| Mega Magic Bounce|rekt
|c| dperks53|oh shit
|c| Stoned Zard|xD
|c| Lucky Moose|WHERE YOU AT
|c| TechnoBlastBoy|OOHH
|c| GarTar|switch 2 gar
|c| Lucky Moose|WHERE YOU AT
|c| Samurai TAKE-SHI|the protects
|c| Lucky Moose|WHERE YOU AT
|c| Lucky Moose|WHERE YOU AT
|c| Lucky Moose|WHERE YOU AT
|c| Lucky Moose|WHERE YOU AT
|c| GarTar|**serp got dis**
|c| GarTar|**serp got dis**
|c| Samurai TAKE-SHI|oh gosh
|raw|<div class="broadcast-red"><b>Moderated chat was set to +!<\/b><br \/>Only users of rank + and higher can talk.<\/div>
|c|★MoB Barley|some people smh
|
|switch|p1a: Volcarona|Volcarona, F|329\/329
|-damage|p1a: Volcarona|165\/329|[from] Stealth Rock
|move|p2a: Playboy|High Jump Kick|p1a: Volcarona
|-crit|p1a: Volcarona
|-resisted|p1a: Volcarona
|-damage|p1a: Volcarona|0 fnt
|faint|p1a: Volcarona
|
|leave|73510a
|leave|DoUevenDoor
|
|switch|p1a: Gengar|Gengar, F|261\/261
|-damage|p1a: Gengar|229\/261|[from] Stealth Rock
|turn|13
|join|abcdefghitony
|c|★MoB Barley|I'm quite convinced your scarf gar
|c|★G0tagofast|what if he is
|c|★MoB Barley|based on your build
|c|★MoB Barley|you get raped by othe rscarfers
|c|★G0tagofast|yeah
|c|★G0tagofast|and i hate lando
|
|move|p1a: Gengar|Thunderbolt|p2a: Playboy
|-damage|p2a: Playboy|0 fnt
|faint|p2a: Playboy
|
|c|★MoB Barley|knew it
|join|cholera90
|
|switch|p2a: Destructo Disk|Victini|341\/341
|-damage|p2a: Destructo Disk|299\/341|[from] Spikes
|turn|14
|join|infamouspoop
|join|Ryzed
|join|Vastitas
|join|Shorterm
|join|The Ess of Johan
|
|switch|p1a: Diancie|Diancie-Mega|102\/241
|-damage|p1a: Diancie|72\/241|[from] Stealth Rock
|move|p2a: Destructo Disk|V-create|p1a: Diancie
|-resisted|p1a: Diancie
|-damage|p1a: Diancie|0 fnt
|-unboost|p2a: Destructo Disk|def|1
|-unboost|p2a: Destructo Disk|spd|1
|-unboost|p2a: Destructo Disk|spe|1
|faint|p1a: Diancie
|
|join|I'm a Garchomp
|join|p3ds
|leave|I'm a Garchomp
|
|switch|p1a: Gengar|Gengar, F|229\/261
|-damage|p1a: Gengar|197\/261|[from] Stealth Rock
|turn|15
|leave|BlueHippo
|join|BlueHippo
|
|switch|p2a: Water Bomb|Azumarill, M|360\/360
|-damage|p2a: Water Bomb|315\/360|[from] Spikes
|move|p1a: Gengar|Shadow Ball|p2a: Water Bomb
|-damage|p2a: Water Bomb|150\/360
|-enditem|p2a: Water Bomb|Sitrus Berry|[eat]
|-heal|p2a: Water Bomb|240\/360|[from] item: Sitrus Berry
|
|turn|16
|
|switch|p1a: Serperior|Serperior, M|291\/291
|-damage|p1a: Serperior|255\/291|[from] Stealth Rock
|move|p2a: Water Bomb|Knock Off|p1a: Serperior
|-crit|p1a: Serperior
|-damage|p1a: Serperior|23\/291
|-enditem|p1a: Serperior|Life Orb|[from] move: Knock Off|[of] p2a: Water Bomb
|
|turn|17
|join|YakuHD
|leave|Legend of Poro
|c|★G0tagofast|maybe that was a mistake S:
|leave|Shorterm
|
|move|p2a: Water Bomb|Aqua Jet|p1a: Serperior
|-resisted|p1a: Serperior
|-damage|p1a: Serperior|0 fnt
|faint|p1a: Serperior
|
|c|★MoB Barley|yeah u needed to sack it
|leave|BlueHippo
|leave|Samurai TAKE-SHI
|c|★MoB Barley|i have scarf keld
|leave|CycloTJ
|join|Notorious544d
|
|switch|p1a: Gengar|Gengar, F|197\/261
|-damage|p1a: Gengar|165\/261|[from] Stealth Rock
|turn|18
|c|★G0tagofast|yeah well i need max rolls now full pawa xD
|join|Samurai TAKE-SHI
|
|move|p1a: Gengar|Thunderbolt|p2a: Water Bomb
|-crit|p2a: Water Bomb
|-supereffective|p2a: Water Bomb
|-damage|p2a: Water Bomb|0 fnt
|faint|p2a: Water Bomb
|
|join|Croven
|join|BlueHippo
|
|switch|p2a: Pwny|Keldeo-Resolute|323\/323
|-damage|p2a: Pwny|283\/323|[from] Spikes
|turn|19
|join|Serperior Tactics
|c|★MoB Barley|doesn't ohko iir
|c|★MoB Barley|iirc
|raw|<div class="broadcast-blue"><b>Moderated chat was disabled!<\/b><br \/>Anyone may talk now.<\/div>
|join|LMay
|c| Lucky Moose|hi
|c| TechnoBlastBoy|lol
|c| Samurai TAKE-SHI|thanks mob
|c| GarTar|**crit #1**
|c| dperks53|atta boy MoB
|c| You Know Gasai|crit #2!
|c| TechnoBlastBoy|about time
|
|move|p1a: Gengar|Thunderbolt|p2a: Pwny
|-supereffective|p2a: Pwny
|-damage|p2a: Pwny|61\/323
|move|p2a: Pwny|Scald|p1a: Gengar
|-damage|p1a: Gengar|0 fnt
|faint|p1a: Gengar
|
|win|MoB Barley
|c|★G0tagofast|almost
|c| GarTar|**crit #2**
|c| Lucky Moose|Nerd
|c|★MoB Barley|gg
|c| TechnoBlastBoy|gg
|c| Serperior Tactics|weak
|c| Samurai TAKE-SHI|gg mob
|c| dperks53|gg
|leave|king of spycrabs
|leave|Frickett
|c|★G0tagofast|gg
|leave|Ryzed
|c| Mega Magic Bounce|gg
|leave|MoB Barley
|leave|Serperior Tactics
|leave|Samurai TAKE-SHI
|leave|ninjatears4u
|leave|abcdefghitony
|c| Sarah Phoenix|#keldeo4ubers
|leave|ThE0 Trolopoulos
|player|p2
|leave|infamouspoop
|leave|Aelia07
|leave|Lucky Moose
|leave|Mega Magic Bounce
|leave|You Know Gasai
|leave|YakuHD
|leave|Face-ur-doom
|leave|dperks53
|leave|Dragongroudon9
|leave|Creeper3971
|leave|Sarah Phoenix
|leave|cholera90
|leave|req'd by crobro
|leave|The Ess of Johan
|leave|Trafflaw
|leave|RayDalio
|leave|kankuro1954
|leave|LMay
|leave|G0tagofast
|player|p1
|leave|BlueHippo
|join|ExaltedWeavile
|leave|PincherD
|join|Agili-Tea
|leave|Mouzourides