|join|funkyhattori
|join|G0tagofast
|player|p1|funkyhattori|150
|player|p2|G0tagofast|265
|gametype|singles
|gen|6
|tier|OU
|rated
|clearpoke
|poke|p1|Slowking, M, shiny
|poke|p1|Ferrothorn, F
|poke|p1|Landorus-Therian, M
|poke|p1|Venusaur, M
|poke|p1|Rotom-Heat
|poke|p1|Wigglytuff, M
|poke|p2|Dragonite, M
|poke|p2|Sceptile, M
|poke|p2|Regirock
|poke|p2|Scizor, F
|poke|p2|Darmanitan, F
|poke|p2|Crobat, M
|rule|Swagger Clause: Swagger is banned
|rule|Baton Pass Clause: Limit one Pokémon knowing Baton Pass
|rule|Sleep Clause Mod: Limit one foe put to sleep
|rule|Species Clause: Limit one of each Pokémon
|rule|OHKO Clause: OHKO moves are banned
|rule|Moody Clause: Moody is banned
|rule|Evasion Moves Clause: Evasion moves are banned
|rule|Endless Battle Clause: Forcing endless battles is banned
|rule|HP Percentage Mod: HP is shown in percentages
|teampreview
|
|start
|switch|p1a: Landorus-Therian|Landorus-Therian, M|320\/320
|switch|p2a: Regirock|Regirock|363\/363
|-ability|p1a: Landorus-Therian|Intimidate|[of] p2a: Regirock
|-fail|p2a: Regirock|unboost|[from] ability: Clear Body|[of] p2a: Regirock
|turn|1
|
|move|p1a: Landorus-Therian|Stealth Rock|p2a: Regirock
|-sidestart|p2: G0tagofast|move: Stealth Rock
|move|p2a: Regirock|Stealth Rock|p1a: Landorus-Therian
|-sidestart|p1: funkyhattori|move: Stealth Rock
|
|turn|2
|
|move|p1a: Landorus-Therian|Earthquake|p2a: Regirock
|-supereffective|p2a: Regirock
|-damage|p2a: Regirock|111\/363
|-damage|p1a: Landorus-Therian|288\/320|[from] item: Life Orb
|move|p2a: Regirock|Stone Edge|p1a: Landorus-Therian
|-damage|p1a: Landorus-Therian|113\/320
|
|turn|3
|
|move|p1a: Landorus-Therian|U-turn|p2a: Regirock
|-damage|p2a: Regirock|53\/363
|-damage|p1a: Landorus-Therian|60\/320|[from] item: Rocky Helmet|[of] p2a: Regirock
|-damage|p1a: Landorus-Therian|28\/320|[from] item: Life Orb
|
|switch|p1a: Ferrothorn|Ferrothorn, F|352\/352
|-damage|p1a: Ferrothorn|330\/352|[from] Stealth Rock
|move|p2a: Regirock|Stone Edge|p1a: Ferrothorn
|-resisted|p1a: Ferrothorn
|-damage|p1a: Ferrothorn|267\/352
|
|turn|4
|
|move|p2a: Regirock|Superpower|p1a: Ferrothorn
|-supereffective|p1a: Ferrothorn
|-damage|p1a: Ferrothorn|51\/352
|-damage|p2a: Regirock|8\/363|[from] ability: Iron Barbs|[of] p1a: Ferrothorn
|-unboost|p2a: Regirock|atk|1
|-unboost|p2a: Regirock|def|1
|move|p1a: Ferrothorn|Gyro Ball|p2a: Regirock
|-supereffective|p2a: Regirock
|-damage|p2a: Regirock|0 fnt
|-damage|p1a: Ferrothorn|0 fnt|[from] item: Rocky Helmet|[of] p2a: Regirock
|faint|p1a: Ferrothorn
|faint|p2a: Regirock
|
|
|switch|p2a: Darmanitan|Darmanitan, F|351\/351
|switch|p1a: Venusaur|Venusaur, M|301\/301
|-damage|p2a: Darmanitan|264\/351|[from] Stealth Rock
|-damage|p1a: Venusaur|264\/301|[from] Stealth Rock
|turn|5
|
|switch|p1a: Slowking|Slowking, M, shiny|393\/393
|-damage|p1a: Slowking|344\/393|[from] Stealth Rock
|move|p2a: Darmanitan|Stone Edge|p1a: Slowking
|-damage|p1a: Slowking|206\/393
|
|-heal|p1a: Slowking|230\/393|[from] item: Leftovers
|turn|6
|
|switch|p2a: Scizor|Scizor, F|287\/287
|-damage|p2a: Scizor|252\/287|[from] Stealth Rock
|move|p1a: Slowking|Scald|p2a: Scizor
|-damage|p2a: Scizor|143\/287
|
|-heal|p2a: Scizor|160\/287|[from] item: Leftovers
|-heal|p1a: Slowking|254\/393|[from] item: Leftovers
|turn|7
|
|switch|p1a: Rotom-Heat|Rotom-Heat|241\/241
|-damage|p1a: Rotom-Heat|181\/241|[from] Stealth Rock
|move|p2a: Scizor|U-turn|p1a: Rotom-Heat
|-resisted|p1a: Rotom-Heat
|-damage|p1a: Rotom-Heat|121\/241
|
|switch|p2a: Darmanitan|Darmanitan, F|264\/351
|-damage|p2a: Darmanitan|177\/351|[from] Stealth Rock
|
|turn|8
|
|move|p2a: Darmanitan|U-turn|p1a: Rotom-Heat
|-resisted|p1a: Rotom-Heat
|-damage|p1a: Rotom-Heat|77\/241
|
|switch|p2a: Dragonite|Dragonite, M|323\/323
|-damage|p2a: Dragonite|243\/323|[from] Stealth Rock
|move|p1a: Rotom-Heat|Volt Switch|p2a: Dragonite
|-damage|p2a: Dragonite|62\/323
|c|★G0tagofast|fuck specs
|
|switch|p1a: Wigglytuff|Wigglytuff, M|421\/421
|-damage|p1a: Wigglytuff|369\/421|[from] Stealth Rock
|
|turn|9
|
|move|p2a: Dragonite|Iron Tail|p1a: Wigglytuff
|-supereffective|p1a: Wigglytuff
|-damage|p1a: Wigglytuff|0 fnt
|faint|p1a: Wigglytuff
|
|
|switch|p1a: Slowking|Slowking, M, shiny|385\/393
|-damage|p1a: Slowking|336\/393|[from] Stealth Rock
|turn|10
|
|switch|p2a: Sceptile|Sceptile, M|281\/281
|-damage|p2a: Sceptile|246\/281|[from] Stealth Rock
|move|p1a: Slowking|Substitute|p1a: Slowking
|-start|p1a: Slowking|Substitute
|-damage|p1a: Slowking|238\/393
|
|-heal|p1a: Slowking|262\/393|[from] item: Leftovers
|turn|11
|
|detailschange|p2a: Sceptile|Sceptile-Mega, M
|-mega|p2a: Sceptile|Sceptile|Sceptilite
|move|p2a: Sceptile|Substitute|p2a: Sceptile
|-start|p2a: Sceptile|Substitute
|-damage|p2a: Sceptile|176\/281
|move|p1a: Slowking|Ice Beam|p2a: Sceptile
|-supereffective|p2a: Sceptile
|-end|p2a: Sceptile|Substitute
|
|-heal|p1a: Slowking|286\/393|[from] item: Leftovers
|turn|12
|
|switch|p2a: Scizor|Scizor, F|160\/287
|-damage|p2a: Scizor|125\/287|[from] Stealth Rock
|move|p1a: Slowking|Ice Beam|p2a: Scizor
|-resisted|p2a: Scizor
|-damage|p2a: Scizor|86\/287
|
|-heal|p2a: Scizor|103\/287|[from] item: Leftovers
|-heal|p1a: Slowking|310\/393|[from] item: Leftovers
|turn|13
|
|move|p2a: Scizor|Roost|p2a: Scizor
|-heal|p2a: Scizor|247\/287
|move|p1a: Slowking|Substitute|p1a: Slowking
|-fail|p1a: Slowking|move: Substitute
|
|-heal|p2a: Scizor|264\/287|[from] item: Leftovers
|-heal|p1a: Slowking|334\/393|[from] item: Leftovers
|turn|14
|
|move|p2a: Scizor|U-turn|p1a: Slowking
|-supereffective|p1a: Slowking
|-end|p1a: Slowking|Substitute
|
|switch|p2a: Darmanitan|Darmanitan, F|177\/351
|-damage|p2a: Darmanitan|90\/351|[from] Stealth Rock
|move|p1a: Slowking|Substitute|p1a: Slowking
|-start|p1a: Slowking|Substitute
|-damage|p1a: Slowking|236\/393
|
|-heal|p1a: Slowking|260\/393|[from] item: Leftovers
|turn|15
|
|move|p2a: Darmanitan|U-turn|p1a: Slowking
|-supereffective|p1a: Slowking
|-end|p1a: Slowking|Substitute
|
|switch|p2a: Scizor|Scizor, F|264\/287
|-damage|p2a: Scizor|229\/287|[from] Stealth Rock
|move|p1a: Slowking|Substitute|p1a: Slowking
|-start|p1a: Slowking|Substitute
|-damage|p1a: Slowking|162\/393
|
|-heal|p2a: Scizor|246\/287|[from] item: Leftovers
|-heal|p1a: Slowking|186\/393|[from] item: Leftovers
|turn|16
|
|move|p2a: Scizor|U-turn|p1a: Slowking
|-supereffective|p1a: Slowking
|-end|p1a: Slowking|Substitute
|
|switch|p2a: Crobat|Crobat, M|359\/359
|-damage|p2a: Crobat|270\/359|[from] Stealth Rock
|move|p1a: Slowking|Scald|p2a: Crobat
|-damage|p2a: Crobat|146\/359
|-status|p2a: Crobat|brn
|
|-heal|p2a: Crobat|168\/359 brn|[from] item: Black Sludge
|-heal|p1a: Slowking|210\/393|[from] item: Leftovers
|-damage|p2a: Crobat|124\/359 brn|[from] brn
|turn|17
|
|move|p2a: Crobat|Taunt|p1a: Slowking
|-start|p1a: Slowking|move: Taunt
|move|p1a: Slowking|Ice Beam|p2a: Crobat
|-supereffective|p2a: Crobat
|-damage|p2a: Crobat|0 fnt
|faint|p2a: Crobat
|
|-heal|p1a: Slowking|234\/393|[from] item: Leftovers
|
|switch|p2a: Sceptile|Sceptile-Mega, M|176\/281
|-damage|p2a: Sceptile|141\/281|[from] Stealth Rock
|turn|18
|
|switch|p1a: Venusaur|Venusaur, M|264\/301
|-damage|p1a: Venusaur|227\/301|[from] Stealth Rock
|move|p2a: Sceptile|Substitute|p2a: Sceptile
|-start|p2a: Sceptile|Substitute
|-damage|p2a: Sceptile|71\/281
|
|turn|19
|
|detailschange|p1a: Venusaur|Venusaur-Mega, M
|-mega|p1a: Venusaur|Venusaur|Venusaurite
|move|p2a: Sceptile|Dragon Pulse|p1a: Venusaur
|-damage|p1a: Venusaur|59\/301
|move|p1a: Venusaur|Sludge Bomb|p2a: Sceptile
|-supereffective|p2a: Sceptile
|-end|p2a: Sceptile|Substitute
|
|turn|20
|
|move|p2a: Sceptile|Dragon Pulse|p1a: Venusaur
|-damage|p1a: Venusaur|0 fnt
|faint|p1a: Venusaur
|
|
|switch|p1a: Slowking|Slowking, M, shiny|365\/393
|-damage|p1a: Slowking|316\/393|[from] Stealth Rock
|turn|21
|
|move|p2a: Sceptile|Giga Drain|p1a: Slowking
|-supereffective|p1a: Slowking
|-damage|p1a: Slowking|82\/393
|-heal|p2a: Sceptile|188\/281|[from] drain|[of] p1a: Slowking
|move|p1a: Slowking|Ice Beam|p2a: Sceptile
|-supereffective|p2a: Sceptile
|-damage|p2a: Sceptile|0 fnt
|faint|p2a: Sceptile
|
|-heal|p1a: Slowking|106\/393|[from] item: Leftovers
|
|switch|p2a: Scizor|Scizor, F|246\/287
|-damage|p2a: Scizor|211\/287|[from] Stealth Rock
|turn|22
|
|switch|p1a: Landorus-Therian|Landorus-Therian, M|28\/320
|-damage|p1a: Landorus-Therian|0 fnt|[from] Stealth Rock
|faint|p1a: Landorus-Therian
|move|p2a: Scizor|U-turn|p1: Landorus-Therian|[notarget]
|-notarget
|
|-heal|p2a: Scizor|228\/287|[from] item: Leftovers
|
|switch|p1a: Rotom-Heat|Rotom-Heat|77\/241
|-damage|p1a: Rotom-Heat|17\/241|[from] Stealth Rock
|turn|23
|
|move|p2a: Scizor|Bullet Punch|p1a: Rotom-Heat
|-resisted|p1a: Rotom-Heat
|-damage|p1a: Rotom-Heat|0 fnt
|faint|p1a: Rotom-Heat
|
|-heal|p2a: Scizor|245\/287|[from] item: Leftovers
|-message|funkyhattori forfeited.
|leave|funkyhattori
|
|win|G0tagofast
|raw|Ladder updating...
|player|p1