|join|WarpedEternal
|join|click fight move
|player|p1|WarpedEternal|52
|player|p2|click fight move|160
|gametype|singles
|gen|6
|tier|UU
|rated
|rule|Sleep Clause Mod: Limit one foe put to sleep
|rule|Species Clause: Limit one of each Pokémon
|rule|OHKO Clause: OHKO moves are banned
|rule|Moody Clause: Moody is banned
|rule|Evasion Moves Clause: Evasion moves are banned
|rule|Endless Battle Clause: Forcing endless battles is banned
|rule|HP Percentage Mod: HP is shown in percentages
|clearpoke
|poke|p1|Rhyperior, F
|poke|p1|Cresselia, F
|poke|p1|Raikou
|poke|p1|Pidgeot, F
|poke|p1|Lucario, M
|poke|p1|Tentacruel, F
|poke|p2|Infernape, F
|poke|p2|Lucario, M
|poke|p2|Azelf
|poke|p2|Aerodactyl, M
|poke|p2|Kingdra, M
|poke|p2|Slurpuff, M
|rule|Swagger Clause: Swagger is banned
|rule|Baton Pass Clause: Limit one Pokémon knowing Baton Pass
|teampreview
|
|start
|switch|p1a: Cresselia|Cresselia, F|444\/444
|switch|p2a: EPIC|Azelf|299\/299
|turn|1
|
|move|p2a: EPIC|Thunder Wave|p1a: Cresselia
|-status|p1a: Cresselia|par
|cant|p1a: Cresselia|par
|
|turn|2
|
|move|p2a: EPIC|Stealth Rock|p1a: Cresselia
|-sidestart|p1: WarpedEternal|move: Stealth Rock
|move|p1a: Cresselia|Calm Mind|p1a: Cresselia
|-boost|p1a: Cresselia|spa|1
|-boost|p1a: Cresselia|spd|1
|
|turn|3
|join|ULT Bob
|
|move|p2a: EPIC|Taunt|p1a: Cresselia
|-start|p1a: Cresselia|move: Taunt
|cant|p1a: Cresselia|move: Taunt|Calm Mind
|
|turn|4
|join|Primal Whimsicott
|join|snowballin
|
|move|p2a: EPIC|Explosion|p1a: Cresselia
|-damage|p1a: Cresselia|233\/444 par
|faint|p2a: EPIC
|move|p1a: Cresselia|Moonblast|p2: EPIC|[notarget]
|-notarget
|
|-heal|p1a: Cresselia|260\/444 par|[from] item: Leftovers
|
|switch|p2a: ECKS DEE|Slurpuff, M|306\/306
|turn|5
|
|move|p2a: ECKS DEE|Belly Drum|p2a: ECKS DEE
|-damage|p2a: ECKS DEE|153\/306
|-setboost|p2a: ECKS DEE|atk|6|[from] move: Belly Drum
|-enditem|p2a: ECKS DEE|Sitrus Berry|[eat]
|-heal|p2a: ECKS DEE|229\/306|[from] item: Sitrus Berry
|move|p1a: Cresselia|Psyshock|p2a: ECKS DEE
|-damage|p2a: ECKS DEE|60\/306
|
|-heal|p1a: Cresselia|287\/444 par|[from] item: Leftovers
|-end|p1a: Cresselia|move: Taunt
|turn|6
|join|watfor
|
|move|p2a: ECKS DEE|Play Rough|p1a: Cresselia
|-damage|p1a: Cresselia|0 fnt
|faint|p1a: Cresselia
|
|
|switch|p1a: Lucario|Lucario, M|281\/281
|-damage|p1a: Lucario|273\/281|[from] Stealth Rock
|turn|7
|
|move|p1a: Lucario|Extreme Speed|p2a: ECKS DEE
|-damage|p2a: ECKS DEE|0 fnt
|-damage|p1a: Lucario|245\/281|[from] item: Life Orb
|faint|p2a: ECKS DEE
|
|c| watfor|reveal mach punch slurpuff
|c| watfor|rip
|c| ULT Bob|tfw this looks like lowgock's team
|join|ANGER MANAGEMENT
|c|★click fight move|does it?
|c| watfor|it does
|c| watfor|lol
|c|★click fight move|:o
|c|★WarpedEternal|hey
|c| watfor|Kingdra and puff
|c|★WarpedEternal|shofu
|c|★WarpedEternal|lol
|c|★WarpedEternal|i played you
|c| ULT Bob|aero
|c|★click fight move|Hi!
|c| watfor|dual fighting types
|c|★WarpedEternal|on my alt
|c| watfor|yea
|c|★WarpedEternal|zartres10
|c|★WarpedEternal|:)
|c|★WarpedEternal|this is my dark horse account lol
|
|switch|p2a: xD|Infernape, F|293\/293
|turn|8
|
|switch|p1a: Tentacruel|Tentacruel, F|364\/364
|-damage|p1a: Tentacruel|319\/364|[from] Stealth Rock
|move|p2a: xD|Fire Blast|p1a: Tentacruel
|-resisted|p1a: Tentacruel
|-damage|p1a: Tentacruel|253\/364
|-status|p1a: Tentacruel|brn
|
|-heal|p1a: Tentacruel|275\/364 brn|[from] item: Black Sludge
|-damage|p1a: Tentacruel|230\/364 brn|[from] brn
|turn|9
|c|★WarpedEternal|wat
|c| ULT Bob|ez burn
|
|switch|p2a: HAHA|Kingdra, M|291\/291
|move|p1a: Tentacruel|Rapid Spin|p2a: HAHA
|-damage|p2a: HAHA|285\/291
|-sideend|p1: WarpedEternal|Stealth Rock|[from] move: Rapid Spin|[of] p1a: Tentacruel
|
|-heal|p1a: Tentacruel|252\/364 brn|[from] item: Black Sludge
|-damage|p1a: Tentacruel|207\/364 brn|[from] brn
|turn|10
|
|move|p2a: HAHA|Substitute|p2a: HAHA
|-start|p2a: HAHA|Substitute
|-damage|p2a: HAHA|213\/291
|move|p1a: Tentacruel|Scald|p2a: HAHA
|-resisted|p2a: HAHA
|-activate|p2a: HAHA|Substitute|[damage]
|
|-heal|p1a: Tentacruel|229\/364 brn|[from] item: Black Sludge
|-damage|p1a: Tentacruel|184\/364 brn|[from] brn
|turn|11
|
|switch|p1a: Raikou|Raikou|321\/321
|-ability|p1a: Raikou|Pressure
|move|p2a: HAHA|Dragon Dance|p2a: HAHA
|-boost|p2a: HAHA|atk|1
|-boost|p2a: HAHA|spe|1
|
|turn|12
|c| watfor|are you lum as well
|c| ANGER MANAGEMENT|さよなら
|c|★click fight move|yes
|c| watfor|O_O
|c|★click fight move|do i outrage or dd
|c|★click fight move|or waterfaull
|c| watfor|logwock used the
|c| watfor|exact
|c| watfor|same
|c| watfor|set
|c|★click fight move|lmao
|c|★click fight move|thats actaully hilarious
|c| watfor|you waterfall here
|c| watfor|and flinch
|c|★WarpedEternal|wait
|c|★WarpedEternal|who am i playing against?
|c| ANGER MANAGEMENT|no dd again
|
|move|p2a: HAHA|Dragon Dance|p2a: HAHA
|-boost|p2a: HAHA|atk|1
|-boost|p2a: HAHA|spe|1
|move|p1a: Raikou|Volt Switch|p2a: HAHA
|-end|p2a: HAHA|Substitute
|
|switch|p1a: Lucario|Lucario, M|245\/281
|
|turn|13
|
|move|p1a: Lucario|Extreme Speed|p2a: HAHA
|-damage|p2a: HAHA|92\/291
|-damage|p1a: Lucario|217\/281|[from] item: Life Orb
|move|p2a: HAHA|Waterfall|p1a: Lucario
|-damage|p1a: Lucario|0 fnt
|faint|p1a: Lucario
|
|
|switch|p1a: Raikou|Raikou|321\/321
|-ability|p1a: Raikou|Pressure
|turn|14
|c| watfor|is that a clean sweep
|c|★click fight move|i just wanted something to switch in on sacred fire
|c| watfor|Ah
|
|switch|p1a: Rhyperior|Rhyperior, F|433\/433
|move|p2a: HAHA|Waterfall|p1a: Rhyperior
|-supereffective|p1a: Rhyperior
|-damage|p1a: Rhyperior|0 fnt
|faint|p1a: Rhyperior
|
|
|switch|p1a: Raikou|Raikou|321\/321
|-ability|p1a: Raikou|Pressure
|turn|15
|
|move|p2a: HAHA|Outrage|p1a: Raikou
|-crit|p1a: Raikou
|-damage|p1a: Raikou|0 fnt
|faint|p1a: Raikou
|
|
|switch|p1a: Tentacruel|Tentacruel, F|184\/364 brn
|turn|16
|
|move|p2a: HAHA|Outrage|p1a: Tentacruel
|-damage|p1a: Tentacruel|0 fnt
|faint|p1a: Tentacruel
|
|
|switch|p1a: Pidgeot|Pidgeot, F|307\/307
|turn|17
|leave|ANGER MANAGEMENT
|join|ANGER MANAGEMENT
|
|detailschange|p1a: Pidgeot|Pidgeot-Mega, F
|-mega|p1a: Pidgeot|Pidgeot|Pidgeotite
|move|p2a: HAHA|Outrage|p1a: Pidgeot
|-damage|p1a: Pidgeot|0 fnt
|faint|p1a: Pidgeot
|
|win|click fight move
|raw|Ladder updating...
|c|★click fight move|gg!
|raw|WarpedEternal's rating: 1385 &rarr; <strong>1368<\/strong><br \/>(-17 for losing)
|raw|click fight move's rating: 1430 &rarr; <strong>1447<\/strong><br \/>(+17 for winning)
|c|★WarpedEternal|gg
|leave|ULT Bob
|leave|click fight move
|player|p2
|leave|watfor