|join|Sharpteeth
|join|JeffWingr
|player|p1|Sharpteeth|1
|player|p2|JeffWingr|150
|gametype|singles
|gen|6
|tier|OU
|rated
|clearpoke
|poke|p1|Weavile, M
|poke|p1|Diancie
|poke|p1|Skarmory, F
|poke|p1|Latias, F
|poke|p1|Magnezone
|poke|p1|Garchomp, M
|poke|p2|Mew
|poke|p2|Metagross, shiny
|poke|p2|Landorus-Therian, M
|poke|p2|Keldeo
|poke|p2|Raikou, shiny
|poke|p2|Azumarill, M
|rule|Swagger Clause: Swagger is banned
|rule|Baton Pass Clause: Limit one Pokémon knowing Baton Pass
|rule|Sleep Clause Mod: Limit one foe put to sleep
|rule|Species Clause: Limit one of each Pokémon
|rule|OHKO Clause: OHKO moves are banned
|rule|Moody Clause: Moody is banned
|rule|Evasion Moves Clause: Evasion moves are banned
|rule|Endless Battle Clause: Forcing endless battles is banned
|rule|HP Percentage Mod: HP is shown in percentages
|teampreview
|
|start
|switch|p1a: Panic Button|Skarmory, F|334\/334
|switch|p2a: Keldeo|Keldeo|324\/324
|turn|1
|
|move|p2a: Keldeo|Scald|p1a: Panic Button
|-damage|p1a: Panic Button|48\/334
|-status|p1a: Panic Button|brn
|-enditem|p1a: Panic Button|Red Card|[of] p2a: Keldeo
|drag|p2a: Raikou|Raikou, shiny|321\/321
|-ability|p2a: Raikou|Pressure
|move|p1a: Panic Button|Stealth Rock|p2a: Raikou
|-sidestart|p2: JeffWingr|move: Stealth Rock
|
|-damage|p1a: Panic Button|7\/334 brn|[from] brn
|turn|2
|
|move|p2a: Raikou|Thunderbolt|p1a: Panic Button
|-supereffective|p1a: Panic Button
|-damage|p1a: Panic Button|0 fnt
|faint|p1a: Panic Button
|
|
|switch|p1a: Broom Head|Weavile, M|282\/282
|-ability|p1a: Broom Head|Pressure
|turn|3
|
|switch|p2a: Keldeo|Keldeo|324\/324
|-damage|p2a: Keldeo|304\/324|[from] Stealth Rock
|move|p1a: Broom Head|Knock Off|p2a: Keldeo
|-resisted|p2a: Keldeo
|-damage|p2a: Keldeo|191\/324
|-boost|p2a: Keldeo|atk|1|[from] ability: Justified
|-enditem|p2a: Keldeo|Choice Specs|[from] move: Knock Off|[of] p1a: Broom Head
|-damage|p1a: Broom Head|254\/282|[from] item: Life Orb
|
|turn|4
|
|switch|p1a: Rubber Duck|Latias, F|344\/344
|switch|p2a: Metagross|Metagross, shiny|301\/301
|-damage|p2a: Metagross|283\/301|[from] Stealth Rock
|
|turn|5
|
|switch|p1a: Hot Stove|Garchomp, M|420\/420
|detailschange|p2a: Metagross|Metagross-Mega, shiny
|-mega|p2a: Metagross|Metagross|Metagrossite
|move|p2a: Metagross|Meteor Mash|p1a: Hot Stove|[miss]
|-miss|p2a: Metagross|p1a: Hot Stove
|
|turn|6
|c|★JeffWingr|:(
|
|switch|p2a: Landorus-Therian|Landorus-Therian, M|319\/319
|-damage|p2a: Landorus-Therian|280\/319|[from] Stealth Rock
|-ability|p2a: Landorus-Therian|Intimidate|[of] p1a: Hot Stove
|-unboost|p1a: Hot Stove|atk|1
|move|p1a: Hot Stove|Fire Blast|p2a: Landorus-Therian
|-damage|p2a: Landorus-Therian|190\/319
|
|turn|7
|
|move|p2a: Landorus-Therian|U-turn|p1a: Hot Stove
|-damage|p1a: Hot Stove|355\/420
|-damage|p2a: Landorus-Therian|151\/319|[from] ability: Rough Skin|[of] p1a: Hot Stove
|-damage|p2a: Landorus-Therian|98\/319|[from] item: Rocky Helmet|[of] p1a: Hot Stove
|
|switch|p2a: Azumarill|Azumarill, M|357\/357
|-damage|p2a: Azumarill|313\/357|[from] Stealth Rock
|move|p1a: Hot Stove|Dragon Tail|p2a: Azumarill
|-immune|p2a: Azumarill|[msg]
|
|turn|8
|
|move|p1a: Hot Stove|Earthquake|p2a: Azumarill
|-damage|p2a: Azumarill|196\/357
|move|p2a: Azumarill|Play Rough|p1a: Hot Stove
|-supereffective|p1a: Hot Stove
|-damage|p1a: Hot Stove|0 fnt
|-damage|p2a: Azumarill|152\/357|[from] ability: Rough Skin|[of] p1a: Hot Stove
|-damage|p2a: Azumarill|93\/357|[from] item: Rocky Helmet|[of] p1a: Hot Stove
|faint|p1a: Hot Stove
|
|
|switch|p1a: Broom Head|Weavile, M|254\/282
|-ability|p1a: Broom Head|Pressure
|turn|9
|
|move|p1a: Broom Head|Knock Off|p2a: Azumarill
|-resisted|p2a: Azumarill
|-damage|p2a: Azumarill|0 fnt
|-enditem|p2a: Azumarill|Choice Band|[from] move: Knock Off|[of] p1a: Broom Head
|-damage|p1a: Broom Head|226\/282|[from] item: Life Orb
|faint|p2a: Azumarill
|
|
|switch|p2a: Keldeo|Keldeo|191\/324
|-damage|p2a: Keldeo|171\/324|[from] Stealth Rock
|turn|10
|join|RareRagnarock
|
|switch|p1a: Rubber Duck|Latias, F|344\/344
|move|p2a: Keldeo|Secret Sword|p1a: Rubber Duck
|-resisted|p1a: Rubber Duck
|-damage|p1a: Rubber Duck|267\/344
|
|-heal|p1a: Rubber Duck|288\/344|[from] item: Leftovers
|turn|11
|join|L0NE
|
|switch|p2a: Metagross|Metagross-Mega, shiny|283\/301
|-damage|p2a: Metagross|265\/301|[from] Stealth Rock
|move|p1a: Rubber Duck|Psyshock|p2a: Metagross
|-resisted|p2a: Metagross
|-damage|p2a: Metagross|246\/301
|
|-heal|p1a: Rubber Duck|309\/344|[from] item: Leftovers
|turn|12
|
|switch|p1a: Tinfoil Hat|Magnezone|319\/319
|move|p2a: Metagross|Hammer Arm|p1a: Tinfoil Hat
|-supereffective|p1a: Tinfoil Hat
|-damage|p1a: Tinfoil Hat|13\/319
|-unboost|p2a: Metagross|spe|1
|
|turn|13
|
|move|p2a: Metagross|Bullet Punch|p1a: Tinfoil Hat
|-resisted|p1a: Tinfoil Hat
|-damage|p1a: Tinfoil Hat|0 fnt
|faint|p1a: Tinfoil Hat
|
|c|★Sharpteeth|gg
|
|switch|p1a: Garden Gnome|Diancie|241\/241
|turn|14
|
|move|p2a: Metagross|Bullet Punch|p1a: Garden Gnome
|-supereffective|p1a: Garden Gnome
|-damage|p1a: Garden Gnome|0 fnt
|faint|p1a: Garden Gnome
|
|-message|Sharpteeth forfeited.
|leave|Sharpteeth
|
|switch|p1a: Rubber Duck|Latias, F|309\/344
|turn|15
|
|win|JeffWingr
|raw|Ladder updating...
|raw|Sharpteeth's rating: 1656 &rarr; <strong>1633<\/strong><br \/>(-23 for losing)
|raw|JeffWingr's rating: 1593 &rarr; <strong>1616<\/strong><br \/>(+23 for winning)
|player|p1
|leave|L0NE
|leave|JeffWingr
|player|p2