|join|Sharpteeth
|join|don't use mega
|player|p1|Sharpteeth|1
|player|p2|don't use mega|101
|gametype|singles
|gen|6
|tier|OU
|rated
|clearpoke
|poke|p1|Weavile, F
|poke|p1|Diancie
|poke|p1|Skarmory, M
|poke|p1|Latias, F
|poke|p1|Magnezone
|poke|p1|Garchomp, M
|poke|p2|Tyranitar, M
|poke|p2|Gliscor, M
|poke|p2|Chansey, F
|poke|p2|Slowbro, M
|poke|p2|Quagsire, M
|poke|p2|Mandibuzz, F
|rule|Swagger Clause: Swagger is banned
|rule|Baton Pass Clause: Limit one Pokémon knowing Baton Pass
|rule|Sleep Clause Mod: Limit one foe put to sleep
|rule|Species Clause: Limit one of each Pokémon
|rule|OHKO Clause: OHKO moves are banned
|rule|Moody Clause: Moody is banned
|rule|Evasion Moves Clause: Evasion moves are banned
|rule|Endless Battle Clause: Forcing endless battles is banned
|rule|HP Percentage Mod: HP is shown in percentages
|teampreview
|join|shermin vermin
|
|start
|switch|p1a: Panic Button|Skarmory, M|334\/334
|switch|p2a: Gliscor|Gliscor, M|350\/350
|turn|1
|
|move|p1a: Panic Button|Stealth Rock|p2a: Gliscor
|-sidestart|p2: don't use mega|move: Stealth Rock
|move|p2a: Gliscor|Taunt|p1a: Panic Button
|-start|p1a: Panic Button|move: Taunt
|
|-status|p2a: Gliscor|tox|[from] item: Toxic Orb
|turn|2
|
|switch|p1a: Garden Gnome|Diancie|241\/241
|move|p2a: Gliscor|Knock Off|p1a: Garden Gnome
|-crit|p1a: Garden Gnome
|-resisted|p1a: Garden Gnome
|-damage|p1a: Garden Gnome|216\/241
|
|turn|3
|
|switch|p1a: Panic Button|Skarmory, M|334\/334
|move|p2a: Gliscor|Earthquake|p1a: Panic Button
|-immune|p1a: Panic Button|[msg]
|
|turn|4
|
|move|p1a: Panic Button|Taunt|p2a: Gliscor
|-start|p2a: Gliscor|move: Taunt
|move|p2a: Gliscor|Knock Off|p1a: Panic Button
|-damage|p1a: Panic Button|277\/334
|-enditem|p1a: Panic Button|Red Card|[from] move: Knock Off|[of] p2a: Gliscor
|
|turn|5
|
|switch|p2a: Slowbro|Slowbro, M|390\/390
|-damage|p2a: Slowbro|342\/390|[from] Stealth Rock
|move|p1a: Panic Button|Spikes|p2a: Slowbro
|-sidestart|p2: don't use mega|Spikes
|
|-heal|p2a: Slowbro|366\/390|[from] item: Leftovers
|turn|6
|join|Bisharp-Mega
|
|move|p1a: Panic Button|Spikes|p2a: Slowbro
|-sidestart|p2: don't use mega|Spikes
|move|p2a: Slowbro|Substitute|p2a: Slowbro
|-start|p2a: Slowbro|Substitute
|-damage|p2a: Slowbro|269\/390
|
|-heal|p2a: Slowbro|293\/390|[from] item: Leftovers
|turn|7
|
|move|p1a: Panic Button|Taunt|p2a: Slowbro
|-start|p2a: Slowbro|move: Taunt
|move|p2a: Slowbro|Scald|p1a: Panic Button
|-damage|p1a: Panic Button|153\/334
|
|-heal|p2a: Slowbro|317\/390|[from] item: Leftovers
|turn|8
|
|switch|p1a: Tinfoil Hat|Magnezone|319\/319
|move|p2a: Slowbro|Scald|p1a: Tinfoil Hat
|-damage|p1a: Tinfoil Hat|216\/319
|
|-heal|p2a: Slowbro|341\/390|[from] item: Leftovers
|turn|9
|join|Riful the Zangoose
|
|move|p1a: Tinfoil Hat|Volt Switch|p2a: Slowbro
|-supereffective|p2a: Slowbro
|-end|p2a: Slowbro|Substitute
|
|switch|p1a: Panic Button|Skarmory, M|153\/334
|move|p2a: Slowbro|Scald|p1a: Panic Button
|-damage|p1a: Panic Button|35\/334
|
|-heal|p2a: Slowbro|365\/390|[from] item: Leftovers
|-end|p2a: Slowbro|move: Taunt
|turn|10
|
|move|p1a: Panic Button|Taunt|p2a: Slowbro
|-start|p2a: Slowbro|move: Taunt
|move|p2a: Slowbro|Scald|p1a: Panic Button
|-damage|p1a: Panic Button|0 fnt
|faint|p1a: Panic Button
|
|-heal|p2a: Slowbro|389\/390|[from] item: Leftovers
|
|switch|p1a: Tinfoil Hat|Magnezone|216\/319
|turn|11
|
|move|p1a: Tinfoil Hat|Flash Cannon|p2a: Slowbro
|-resisted|p2a: Slowbro
|-damage|p2a: Slowbro|242\/390
|-unboost|p2a: Slowbro|spd|1
|move|p2a: Slowbro|Scald|p1a: Tinfoil Hat
|-damage|p1a: Tinfoil Hat|104\/319
|
|-heal|p2a: Slowbro|266\/390|[from] item: Leftovers
|turn|12
|
|move|p1a: Tinfoil Hat|Flash Cannon|p2a: Slowbro
|-resisted|p2a: Slowbro
|-damage|p2a: Slowbro|50\/390
|move|p2a: Slowbro|Scald|p1a: Tinfoil Hat
|-damage|p1a: Tinfoil Hat|5\/319
|-status|p1a: Tinfoil Hat|brn
|
|-heal|p2a: Slowbro|74\/390|[from] item: Leftovers
|-damage|p1a: Tinfoil Hat|0 fnt|[from] brn
|-end|p2a: Slowbro|move: Taunt
|faint|p1a: Tinfoil Hat
|
|switch|p1a: Garden Gnome|Diancie|216\/241
|turn|13
|
|detailschange|p1a: Garden Gnome|Diancie-Mega
|-mega|p1a: Garden Gnome|Diancie|Diancite
|move|p1a: Garden Gnome|Diamond Storm|p2a: Slowbro
|-damage|p2a: Slowbro|0 fnt
|faint|p2a: Slowbro
|
|
|switch|p2a: Gliscor|Gliscor, M|350\/350 tox
|-damage|p2a: Gliscor|307\/350 tox|[from] Stealth Rock
|turn|14
|
|switch|p1a: Hot Stove|Garchomp, M|420\/420
|move|p2a: Gliscor|Earthquake|p1a: Hot Stove
|-damage|p1a: Hot Stove|330\/420
|
|-heal|p2a: Gliscor|350\/350 tox|[from] ability: Poison Heal
|turn|15
|
|switch|p2a: Mandibuzz|Mandibuzz, F|420\/420
|-damage|p2a: Mandibuzz|315\/420|[from] Stealth Rock
|move|p1a: Hot Stove|Dragon Tail|p2a: Mandibuzz
|-damage|p2a: Mandibuzz|248\/420
|drag|p2a: Quagsire|Quagsire, M|394\/394
|-damage|p2a: Quagsire|329\/394|[from] Spikes
|-damage|p2a: Quagsire|305\/394|[from] Stealth Rock
|
|-heal|p2a: Quagsire|329\/394|[from] item: Leftovers
|turn|16
|
|move|p2a: Quagsire|Toxic|p1a: Hot Stove
|-status|p1a: Hot Stove|tox
|move|p1a: Hot Stove|Dragon Tail|p2a: Quagsire
|-damage|p2a: Quagsire|260\/394
|drag|p2a: Mandibuzz|Mandibuzz, F|248\/420
|-damage|p2a: Mandibuzz|143\/420|[from] Stealth Rock
|
|-heal|p2a: Mandibuzz|169\/420|[from] item: Leftovers
|-damage|p1a: Hot Stove|304\/420 tox|[from] psn
|turn|17
|
|switch|p1a: Garden Gnome|Diancie-Mega|216\/241
|move|p2a: Mandibuzz|Defog|p1a: Garden Gnome
|move|p1a: Garden Gnome|Defog|p2a: Mandibuzz|[from]Magic Bounce
|-unboost|p2a: Mandibuzz|evasion|1
|-sideend|p2: don't use mega|Spikes|[from] move: Defog|[of] p2a: Mandibuzz
|-sideend|p2: don't use mega|Stealth Rock|[from] move: Defog|[of] p2a: Mandibuzz
|
|-heal|p2a: Mandibuzz|195\/420|[from] item: Leftovers
|turn|18
|-message|Sharpteeth forfeited.
|leave|Sharpteeth
|
|win|don't use mega
|raw|Ladder updating...
|player|p1
|raw|Sharpteeth's rating: 1719 &rarr; <strong>1700<\/strong><br \/>(-19 for losing)
|raw|don&apos;t use mega's rating: 1733 &rarr; <strong>1752<\/strong><br \/>(+19 for winning)
|leave|Riful the Zangoose
|leave|Bisharp-Mega
|leave|shermin vermin