|join|lil manaphy
|join|Sharpteeth
|player|p1|lil manaphy|272
|player|p2|Sharpteeth|1
|gametype|singles
|gen|6
|tier|OU
|rated
|clearpoke
|poke|p1|Lopunny, M
|poke|p1|Manaphy
|poke|p1|Scizor, F
|poke|p1|Celebi
|poke|p1|Heatran, M
|poke|p1|Mandibuzz, F
|poke|p2|Weavile, F
|poke|p2|Diancie
|poke|p2|Skarmory, M
|poke|p2|Latias, F
|poke|p2|Magnezone
|poke|p2|Garchomp, F
|rule|Swagger Clause: Swagger is banned
|rule|Baton Pass Clause: Limit one Pokémon knowing Baton Pass
|rule|Sleep Clause Mod: Limit one foe put to sleep
|rule|Species Clause: Limit one of each Pokémon
|rule|OHKO Clause: OHKO moves are banned
|rule|Moody Clause: Moody is banned
|rule|Evasion Moves Clause: Evasion moves are banned
|rule|Endless Battle Clause: Forcing endless battles is banned
|rule|HP Percentage Mod: HP is shown in percentages
|teampreview
|c|★Sharpteeth|gl
|
|start
|switch|p1a: Scizor|Scizor, F|343\/343
|switch|p2a: Panic Button|Skarmory, M|334\/334
|turn|1
|
|move|p2a: Panic Button|Stealth Rock|p1a: Scizor
|-sidestart|p1: lil manaphy|move: Stealth Rock
|move|p1a: Scizor|U-turn|p2a: Panic Button
|-resisted|p2a: Panic Button
|-damage|p2a: Panic Button|299\/334
|-enditem|p2a: Panic Button|Red Card|[of] p1a: Scizor
|drag|p1a: Couture|Lopunny, M|271\/271
|-damage|p1a: Couture|238\/271|[from] Stealth Rock
|
|turn|2
|
|switch|p1a: Heatran|Heatran, M|386\/386
|-damage|p1a: Heatran|338\/386|[from] Stealth Rock
|move|p2a: Panic Button|Spikes|p1a: Heatran
|-sidestart|p1: lil manaphy|Spikes
|
|-heal|p1a: Heatran|362\/386|[from] item: Leftovers
|turn|3
|
|switch|p2a: Hot Stove|Garchomp, F|420\/420
|move|p1a: Heatran|Lava Plume|p2a: Hot Stove
|-resisted|p2a: Hot Stove
|-damage|p2a: Hot Stove|351\/420
|-status|p2a: Hot Stove|brn
|
|-heal|p1a: Heatran|386\/386|[from] item: Leftovers
|-damage|p2a: Hot Stove|299\/420 brn|[from] brn
|turn|4
|
|switch|p1a: Mandibuzz|Mandibuzz, F|423\/423
|-damage|p1a: Mandibuzz|318\/423|[from] Stealth Rock
|move|p2a: Hot Stove|Dragon Tail|p1a: Mandibuzz
|-damage|p1a: Mandibuzz|282\/423
|-damage|p2a: Hot Stove|229\/420 brn|[from] item: Rocky Helmet|[of] p1a: Mandibuzz
|drag|p1a: Scizor|Scizor, F|343\/343
|-damage|p1a: Scizor|301\/343|[from] Spikes
|-damage|p1a: Scizor|259\/343|[from] Stealth Rock
|
|-damage|p2a: Hot Stove|177\/420 brn|[from] brn
|turn|5
|
|switch|p2a: Panic Button|Skarmory, M|299\/334
|move|p1a: Scizor|U-turn|p2a: Panic Button
|-resisted|p2a: Panic Button
|-damage|p2a: Panic Button|262\/334
|
|switch|p1a: Heatran|Heatran, M|386\/386
|-damage|p1a: Heatran|338\/386|[from] Spikes
|-damage|p1a: Heatran|290\/386|[from] Stealth Rock
|
|-heal|p1a: Heatran|314\/386|[from] item: Leftovers
|turn|6
|
|move|p2a: Panic Button|Taunt|p1a: Heatran
|-start|p1a: Heatran|move: Taunt
|move|p1a: Heatran|Lava Plume|p2a: Panic Button
|-supereffective|p2a: Panic Button
|-damage|p2a: Panic Button|0 fnt
|faint|p2a: Panic Button
|
|-heal|p1a: Heatran|338\/386|[from] item: Leftovers
|
|switch|p2a: Garden Gnome|Diancie|241\/241
|turn|7
|
|switch|p1a: Mandibuzz|Mandibuzz, F|282\/423
|-damage|p1a: Mandibuzz|177\/423|[from] Stealth Rock
|detailschange|p2a: Garden Gnome|Diancie-Mega
|-mega|p2a: Garden Gnome|Diancie|Diancite
|move|p2a: Garden Gnome|Diamond Storm|p1a: Mandibuzz
|-supereffective|p1a: Mandibuzz
|-damage|p1a: Mandibuzz|0 fnt
|faint|p1a: Mandibuzz
|
|
|switch|p1a: Scizor|Scizor, F|259\/343
|-damage|p1a: Scizor|217\/343|[from] Stealth Rock
|-damage|p1a: Scizor|175\/343|[from] Spikes
|turn|8
|
|move|p2a: Garden Gnome|Protect|p2a: Garden Gnome
|-singleturn|p2a: Garden Gnome|Protect
|move|p1a: Scizor|Superpower|p2a: Garden Gnome
|-activate|p2a: Garden Gnome|Protect
|
|turn|9
|
|switch|p2a: Rubber Duck|Latias, F|344\/344
|move|p1a: Scizor|Superpower|p2a: Rubber Duck
|-resisted|p2a: Rubber Duck
|-damage|p2a: Rubber Duck|212\/344
|-unboost|p1a: Scizor|atk|1
|-unboost|p1a: Scizor|def|1
|
|-heal|p2a: Rubber Duck|233\/344|[from] item: Leftovers
|turn|10
|
|switch|p1a: Heatran|Heatran, M|338\/386
|-damage|p1a: Heatran|290\/386|[from] Stealth Rock
|-damage|p1a: Heatran|242\/386|[from] Spikes
|move|p2a: Rubber Duck|Healing Wish|p2a: Rubber Duck
|faint|p2a: Rubber Duck
|
|-heal|p1a: Heatran|266\/386|[from] item: Leftovers
|
|switch|p2a: Hot Stove|Garchomp, F|177\/420 brn
|-heal|p2a: Hot Stove|420\/420|[from] move: Healing Wish
|turn|11
|
|switch|p1a: Celebi|Celebi|404\/404
|-damage|p1a: Celebi|354\/404|[from] Stealth Rock
|-damage|p1a: Celebi|304\/404|[from] Spikes
|move|p2a: Hot Stove|Earthquake|p1a: Celebi
|-resisted|p1a: Celebi
|-damage|p1a: Celebi|231\/404
|
|-heal|p1a: Celebi|256\/404|[from] item: Leftovers
|turn|12
|
|switch|p2a: Tinfoil Hat|Magnezone|319\/319
|move|p1a: Celebi|Recover|p1a: Celebi
|-heal|p1a: Celebi|404\/404
|
|turn|13
|
|move|p1a: Celebi|Baton Pass|p1a: Celebi
|
|switch|p1a: Heatran|Heatran, M|266\/386
|-damage|p1a: Heatran|218\/386|[from] Spikes
|-damage|p1a: Heatran|170\/386|[from] Stealth Rock
|move|p2a: Tinfoil Hat|Volt Switch|p1a: Heatran
|-damage|p1a: Heatran|22\/386
|c|★Sharpteeth|ooo
|c|★Sharpteeth|this is going to sting
|
|switch|p2a: Broom Head|Weavile, F|282\/282
|-ability|p2a: Broom Head|Pressure
|
|-heal|p1a: Heatran|46\/386|[from] item: Leftovers
|turn|14
|
|move|p2a: Broom Head|Knock Off|p1a: Heatran
|-damage|p1a: Heatran|0 fnt
|-enditem|p1a: Heatran|Leftovers|[from] move: Knock Off|[of] p2a: Broom Head
|-damage|p2a: Broom Head|254\/282|[from] item: Life Orb
|faint|p1a: Heatran
|
|
|switch|p1a: Couture|Lopunny, M|238\/271
|-damage|p1a: Couture|205\/271|[from] Spikes
|-damage|p1a: Couture|172\/271|[from] Stealth Rock
|turn|15
|
|switch|p2a: Hot Stove|Garchomp, F|420\/420
|detailschange|p1a: Couture|Lopunny-Mega, M
|-mega|p1a: Couture|Lopunny|Lopunnite
|move|p1a: Couture|Power-Up Punch|p2a: Hot Stove
|-damage|p2a: Hot Stove|360\/420
|-damage|p1a: Couture|139\/271|[from] ability: Rough Skin|[of] p2a: Hot Stove
|-damage|p1a: Couture|94\/271|[from] item: Rocky Helmet|[of] p2a: Hot Stove
|-boost|p1a: Couture|atk|1
|
|turn|16
|
|move|p1a: Couture|Drain Punch|p2a: Hot Stove
|-damage|p2a: Hot Stove|192\/420
|-heal|p1a: Couture|178\/271|[from] drain|[of] p2a: Hot Stove
|-damage|p1a: Couture|145\/271|[from] ability: Rough Skin|[of] p2a: Hot Stove
|-damage|p1a: Couture|100\/271|[from] item: Rocky Helmet|[of] p2a: Hot Stove
|move|p2a: Hot Stove|Dragon Tail|p1a: Couture
|-damage|p1a: Couture|10\/271
|drag|p1a: small|Manaphy|341\/341
|-damage|p1a: small|299\/341|[from] Stealth Rock
|-damage|p1a: small|257\/341|[from] Spikes
|
|-heal|p1a: small|278\/341|[from] item: Leftovers
|turn|17
|
|move|p1a: small|Scald|p2a: Hot Stove
|-damage|p2a: Hot Stove|38\/420
|-status|p2a: Hot Stove|brn
|move|p2a: Hot Stove|Dragon Tail|p1a: small
|-damage|p1a: small|229\/341
|drag|p1a: Celebi|Celebi|404\/404
|-damage|p1a: Celebi|354\/404|[from] Spikes
|-damage|p1a: Celebi|304\/404|[from] Stealth Rock
|
|-heal|p1a: Celebi|329\/404|[from] item: Leftovers
|-damage|p2a: Hot Stove|0 fnt|[from] brn
|faint|p2a: Hot Stove
|
|switch|p2a: Broom Head|Weavile, F|254\/282
|-ability|p2a: Broom Head|Pressure
|turn|18
|
|switch|p1a: Couture|Lopunny-Mega, M|10\/271
|-damage|p1a: Couture|0 fnt|[from] Stealth Rock
|faint|p1a: Couture
|move|p2a: Broom Head|Knock Off|p1: Couture|[notarget]
|-notarget
|
|
|switch|p1a: Scizor|Scizor, F|175\/343
|-damage|p1a: Scizor|133\/343|[from] Spikes
|-damage|p1a: Scizor|91\/343|[from] Stealth Rock
|turn|19
|
|move|p1a: Scizor|Bullet Punch|p2a: Broom Head
|-supereffective|p2a: Broom Head
|-damage|p2a: Broom Head|0 fnt
|faint|p2a: Broom Head
|
|
|switch|p2a: Tinfoil Hat|Magnezone|319\/319
|turn|20
|
|move|p1a: Scizor|Bullet Punch|p2a: Tinfoil Hat
|-resisted|p2a: Tinfoil Hat
|-damage|p2a: Tinfoil Hat|282\/319
|move|p2a: Tinfoil Hat|Volt Switch|p1a: Scizor
|-damage|p1a: Scizor|0 fnt
|faint|p1a: Scizor
|
|switch|p2a: Garden Gnome|Diancie-Mega|241\/241
|
|
|switch|p1a: Celebi|Celebi|329\/404
|-damage|p1a: Celebi|279\/404|[from] Spikes
|-damage|p1a: Celebi|229\/404|[from] Stealth Rock
|turn|21
|
|move|p2a: Garden Gnome|Moonblast|p1a: Celebi
|-damage|p1a: Celebi|72\/404
|move|p1a: Celebi|Recover|p1a: Celebi
|-heal|p1a: Celebi|274\/404
|
|-heal|p1a: Celebi|299\/404|[from] item: Leftovers
|turn|22
|
|switch|p2a: Tinfoil Hat|Magnezone|282\/319
|move|p1a: Celebi|Giga Drain|p2a: Tinfoil Hat
|-resisted|p2a: Tinfoil Hat
|-damage|p2a: Tinfoil Hat|231\/319
|-heal|p1a: Celebi|325\/404|[from] drain|[of] p2a: Tinfoil Hat
|
|-heal|p1a: Celebi|350\/404|[from] item: Leftovers
|turn|23
|
|move|p1a: Celebi|Giga Drain|p2a: Tinfoil Hat
|-resisted|p2a: Tinfoil Hat
|-damage|p2a: Tinfoil Hat|181\/319
|-heal|p1a: Celebi|375\/404|[from] drain|[of] p2a: Tinfoil Hat
|move|p2a: Tinfoil Hat|Flash Cannon|p1a: Celebi
|-damage|p1a: Celebi|201\/404
|
|-heal|p1a: Celebi|226\/404|[from] item: Leftovers
|turn|24
|
|move|p1a: Celebi|Recover|p1a: Celebi
|-heal|p1a: Celebi|404\/404
|move|p2a: Tinfoil Hat|Flash Cannon|p1a: Celebi
|-damage|p1a: Celebi|229\/404
|
|-heal|p1a: Celebi|254\/404|[from] item: Leftovers
|turn|25
|
|move|p1a: Celebi|Giga Drain|p2a: Tinfoil Hat
|-resisted|p2a: Tinfoil Hat
|-damage|p2a: Tinfoil Hat|131\/319
|-heal|p1a: Celebi|279\/404|[from] drain|[of] p2a: Tinfoil Hat
|move|p2a: Tinfoil Hat|Flash Cannon|p1a: Celebi
|-damage|p1a: Celebi|92\/404
|
|-heal|p1a: Celebi|117\/404|[from] item: Leftovers
|turn|26
|
|move|p1a: Celebi|Recover|p1a: Celebi
|-heal|p1a: Celebi|319\/404
|move|p2a: Tinfoil Hat|Flash Cannon|p1a: Celebi
|-damage|p1a: Celebi|142\/404
|
|-heal|p1a: Celebi|167\/404|[from] item: Leftovers
|turn|27
|
|move|p1a: Celebi|Recover|p1a: Celebi
|-heal|p1a: Celebi|369\/404
|move|p2a: Tinfoil Hat|Flash Cannon|p1a: Celebi
|-damage|p1a: Celebi|197\/404
|
|-heal|p1a: Celebi|222\/404|[from] item: Leftovers
|turn|28
|
|move|p1a: Celebi|Recover|p1a: Celebi
|-heal|p1a: Celebi|404\/404
|move|p2a: Tinfoil Hat|Flash Cannon|p1a: Celebi
|-damage|p1a: Celebi|227\/404
|
|-heal|p1a: Celebi|252\/404|[from] item: Leftovers
|turn|29
|
|switch|p1a: small|Manaphy|229\/341
|-damage|p1a: small|187\/341|[from] Stealth Rock
|-damage|p1a: small|145\/341|[from] Spikes
|move|p2a: Tinfoil Hat|Flash Cannon|p1a: small
|-resisted|p1a: small
|-damage|p1a: small|25\/341
|
|-heal|p1a: small|46\/341|[from] item: Leftovers
|turn|30
|
|move|p1a: small|Scald|p2a: Tinfoil Hat
|-damage|p2a: Tinfoil Hat|0 fnt
|faint|p2a: Tinfoil Hat
|
|-heal|p1a: small|67\/341|[from] item: Leftovers
|
|switch|p2a: Garden Gnome|Diancie-Mega|241\/241
|turn|31
|
|move|p2a: Garden Gnome|Moonblast|p1a: small
|-damage|p1a: small|0 fnt
|faint|p1a: small
|
|
|switch|p1a: Celebi|Celebi|252\/404
|-damage|p1a: Celebi|202\/404|[from] Spikes
|-damage|p1a: Celebi|152\/404|[from] Stealth Rock
|turn|32
|
|move|p2a: Garden Gnome|Diamond Storm|p1a: Celebi
|-miss|p2a: Garden Gnome|p1a: Celebi
|move|p1a: Celebi|Recover|p1a: Celebi
|-heal|p1a: Celebi|354\/404
|
|-heal|p1a: Celebi|379\/404|[from] item: Leftovers
|turn|33
|c|★Sharpteeth|sonofa
|
|move|p2a: Garden Gnome|Diamond Storm|p1a: Celebi
|-damage|p1a: Celebi|193\/404
|-boost|p2a: Garden Gnome|def|1
|move|p1a: Celebi|Giga Drain|p2a: Garden Gnome
|-supereffective|p2a: Garden Gnome
|-damage|p2a: Garden Gnome|43\/241
|-heal|p1a: Celebi|292\/404|[from] drain|[of] p2a: Garden Gnome
|
|-heal|p1a: Celebi|317\/404|[from] item: Leftovers
|turn|34
|
|move|p2a: Garden Gnome|Diamond Storm|p1a: Celebi
|-damage|p1a: Celebi|140\/404
|-boost|p2a: Garden Gnome|def|1
|move|p1a: Celebi|Giga Drain|p2a: Garden Gnome
|-supereffective|p2a: Garden Gnome
|-damage|p2a: Garden Gnome|0 fnt
|-heal|p1a: Celebi|162\/404|[from] drain|[of] p2a: Garden Gnome
|faint|p2a: Garden Gnome
|
|win|lil manaphy
|raw|Ladder updating...
|c|★Sharpteeth|gg
|raw|lil manaphy's rating: 1729 &rarr; <strong>1747<\/strong><br \/>(+18 for winning)
|raw|Sharpteeth's rating: 1685 &rarr; <strong>1667<\/strong><br \/>(-18 for losing)
|c|★lil manaphy|"accurate rock move"
|c|★lil manaphy|gg
|leave|Sharpteeth
|player|p2