|join|ben69
|join|Argue
|player|p1|ben69|266
|player|p2|Argue|80
|gametype|singles
|gen|6
|tier|OU
|rated
|clearpoke
|poke|p1|Gallade, M
|poke|p1|Jirachi
|poke|p1|Rotom-Wash
|poke|p1|Gengar, F
|poke|p1|Scizor, F
|poke|p1|Landorus-Therian, M
|poke|p2|Cottonee, F, shiny
|poke|p2|Azelf, shiny
|poke|p2|Whimsicott, F, shiny
|poke|p2|Smeargle, M, shiny
|poke|p2|Espeon, F, shiny
|poke|p2|Gothitelle, F, shiny
|rule|Swagger Clause: Swagger is banned
|rule|Baton Pass Clause: Limit one Pokémon knowing Baton Pass
|rule|Sleep Clause Mod: Limit one foe put to sleep
|rule|Species Clause: Limit one of each Pokémon
|rule|OHKO Clause: OHKO moves are banned
|rule|Moody Clause: Moody is banned
|rule|Evasion Moves Clause: Evasion moves are banned
|rule|Endless Battle Clause: Forcing endless battles is banned
|rule|HP Percentage Mod: HP is shown in percentages
|teampreview
|
|start
|switch|p1a: Gallade|Gallade, M|340\/340
|switch|p2a: Cottonee|Cottonee, F, shiny|284\/284
|turn|1
|
|move|p1a: Gallade|Magic Coat|p1a: Gallade
|-singleturn|p1a: Gallade|move: Magic Coat
|move|p2a: Cottonee|Tailwind|p2a: Cottonee
|-sidestart|p2: Argue|move: Tailwind
|
|turn|2
|
|move|p2a: Cottonee|Taunt|p1a: Gallade
|-start|p1a: Gallade|move: Taunt
|cant|p1a: Gallade|move: Taunt|Taunt
|
|turn|3
|c|★ben69|why would u taunt there
|
|switch|p1a: Jirachi|Jirachi|397\/397
|move|p2a: Cottonee|Memento|p1a: Jirachi
|-unboost|p1a: Jirachi|atk|2
|-unboost|p1a: Jirachi|spa|2
|faint|p2a: Cottonee
|
|
|switch|p2a: Gothitelle|Gothitelle, F, shiny|344\/344
|turn|4
|
|move|p2a: Gothitelle|Trick|p1a: Jirachi
|-activate|p2a: Gothitelle|move: Trick|[of] p1a: Jirachi
|-item|p1a: Jirachi|Choice Specs|[from] move: Trick
|-item|p2a: Gothitelle|Leftovers|[from] move: Trick
|move|p1a: Jirachi|Iron Head|p2a: Gothitelle
|-damage|p2a: Gothitelle|280\/344
|
|-heal|p2a: Gothitelle|301\/344|[from] item: Leftovers
|-sideend|p2: Argue|move: Tailwind
|turn|5
|
|move|p1a: Jirachi|Iron Head|p2a: Gothitelle
|-damage|p2a: Gothitelle|229\/344
|cant|p2a: Gothitelle|flinch
|
|-heal|p2a: Gothitelle|250\/344|[from] item: Leftovers
|turn|6
|
|move|p1a: Jirachi|Iron Head|p2a: Gothitelle
|-damage|p2a: Gothitelle|184\/344
|cant|p2a: Gothitelle|flinch
|
|-heal|p2a: Gothitelle|205\/344|[from] item: Leftovers
|turn|7
|
|move|p1a: Jirachi|Iron Head|p2a: Gothitelle
|-damage|p2a: Gothitelle|133\/344
|move|p2a: Gothitelle|Hidden Power|p1a: Jirachi
|-supereffective|p1a: Jirachi
|-damage|p1a: Jirachi|265\/397
|
|-heal|p2a: Gothitelle|154\/344|[from] item: Leftovers
|turn|8
|
|move|p1a: Jirachi|Iron Head|p2a: Gothitelle
|-damage|p2a: Gothitelle|82\/344
|cant|p2a: Gothitelle|flinch
|
|-heal|p2a: Gothitelle|103\/344|[from] item: Leftovers
|turn|9
|
|move|p1a: Jirachi|Iron Head|p2a: Gothitelle
|-damage|p2a: Gothitelle|37\/344
|cant|p2a: Gothitelle|flinch
|
|-heal|p2a: Gothitelle|58\/344|[from] item: Leftovers
|turn|10
|
|move|p1a: Jirachi|Iron Head|p2a: Gothitelle
|-damage|p2a: Gothitelle|0 fnt
|faint|p2a: Gothitelle
|
|
|switch|p2a: Azelf|Azelf, shiny|354\/354
|turn|11
|
|switch|p1a: Gallade|Gallade, M|340\/340
|move|p2a: Azelf|Reflect|p2a: Azelf
|-sidestart|p2: Argue|Reflect
|
|turn|12
|
|move|p2a: Azelf|Taunt|p1a: Gallade
|-start|p1a: Gallade|move: Taunt
|cant|p1a: Gallade|move: Taunt|Taunt
|
|turn|13
|
|switch|p1a: Jirachi|Jirachi|265\/397
|move|p2a: Azelf|Light Screen|p2a: Azelf
|-sidestart|p2: Argue|move: Light Screen
|
|turn|14
|
|move|p2a: Azelf|Explosion|p1a: Jirachi
|-resisted|p1a: Jirachi
|-damage|p1a: Jirachi|140\/397
|faint|p2a: Azelf
|move|p1a: Jirachi|Body Slam|p2: Azelf|[notarget]
|-notarget
|
|
|switch|p2a: Smeargle|Smeargle, M, shiny|251\/251
|turn|15
|
|move|p2a: Smeargle|Spore|p1a: Jirachi
|-status|p1a: Jirachi|slp
|cant|p1a: Jirachi|slp
|
|turn|16
|
|switch|p1a: Scizor|Scizor, F|344\/344
|move|p2a: Smeargle|Geomancy|p2a: Smeargle|[still]
|-prepare|p2a: Smeargle|Geomancy|p2a: Smeargle
|-enditem|p2a: Smeargle|Power Herb
|-anim|p2a: Smeargle|Geomancy|p2a: Smeargle
|-boost|p2a: Smeargle|spa|2
|-boost|p2a: Smeargle|spd|2
|-boost|p2a: Smeargle|spe|2
|
|turn|17
|
|detailschange|p1a: Scizor|Scizor-Mega, F
|message|Scizor has Mega Evolved into Mega Scizor!
|move|p2a: Smeargle|Cotton Guard|p2a: Smeargle
|-boost|p2a: Smeargle|def|3
|move|p1a: Scizor|Swords Dance|p1a: Scizor
|-boost|p1a: Scizor|atk|2
|
|turn|18
|
|move|p2a: Smeargle|Baton Pass|p2a: Smeargle
|
|switch|p2a: Espeon|Espeon, F, shiny|321\/321
|move|p1a: Scizor|Swords Dance|p1a: Scizor
|-boost|p1a: Scizor|atk|2
|
|-sideend|p2: Argue|Reflect
|turn|19
|
|move|p1a: Scizor|Bullet Punch|p2a: Espeon
|-damage|p2a: Espeon|167\/321
|move|p2a: Espeon|Stored Power|p1a: Scizor
|-resisted|p1a: Scizor
|-damage|p1a: Scizor|36\/344
|
|-heal|p2a: Espeon|187\/321|[from] item: Leftovers
|turn|20
|
|move|p1a: Scizor|Bullet Punch|p2a: Espeon
|-damage|p2a: Espeon|39\/321
|move|p2a: Espeon|Stored Power|p1a: Scizor
|-resisted|p1a: Scizor
|-damage|p1a: Scizor|0 fnt
|faint|p1a: Scizor
|
|-heal|p2a: Espeon|59\/321|[from] item: Leftovers
|-sideend|p2: Argue|move: Light Screen
|
|switch|p1a: Landorus-Therian|Landorus-Therian, M|382\/382
|-ability|p1a: Landorus-Therian|Intimidate|[of] p2a: Espeon
|-unboost|p2a: Espeon|atk|1
|turn|21
|
|move|p2a: Espeon|Stored Power|p1a: Landorus-Therian
|-damage|p1a: Landorus-Therian|0 fnt
|faint|p1a: Landorus-Therian
|
|-heal|p2a: Espeon|79\/321|[from] item: Leftovers
|
|switch|p1a: Rotom-Wash|Rotom-Wash|304\/304
|turn|22
|
|move|p2a: Espeon|Stored Power|p1a: Rotom-Wash
|-damage|p1a: Rotom-Wash|0 fnt
|faint|p1a: Rotom-Wash
|
|-heal|p2a: Espeon|99\/321|[from] item: Leftovers
|
|switch|p1a: Jirachi|Jirachi|140\/397 slp
|turn|23
|
|move|p2a: Espeon|Morning Sun|p2a: Espeon
|-heal|p2a: Espeon|259\/321
|cant|p1a: Jirachi|slp
|
|-heal|p2a: Espeon|279\/321|[from] item: Leftovers
|turn|24
|
|move|p2a: Espeon|Substitute|p2a: Espeon
|-start|p2a: Espeon|Substitute
|-damage|p2a: Espeon|199\/321
|cant|p1a: Jirachi|slp
|
|-heal|p2a: Espeon|219\/321|[from] item: Leftovers
|turn|25
|
|move|p2a: Espeon|Stored Power|p1a: Jirachi
|-crit|p1a: Jirachi
|-resisted|p1a: Jirachi
|-damage|p1a: Jirachi|0 fnt
|faint|p1a: Jirachi
|
|-heal|p2a: Espeon|239\/321|[from] item: Leftovers
|-message|ben69 lost due to inactivity.
|
|win|Argue
|raw|Ladder updating...