|join|LT8B Anybody
|join|ben69
|player|p1|LT8B Anybody|109
|player|p2|ben69|1
|gametype|singles
|gen|6
|tier|OU
|rated
|clearpoke
|poke|p1|Pinsir, F
|poke|p1|Tyranitar, F
|poke|p1|Excadrill, M
|poke|p1|Latios, M
|poke|p1|Landorus-Therian, M
|poke|p1|Gothitelle, M
|poke|p2|Gardevoir, M
|poke|p2|Gengar, M
|poke|p2|Heatran, F
|poke|p2|Excadrill, F
|poke|p2|Kyurem-Black
|poke|p2|Talonflame, M
|rule|Swagger Clause: Swagger is banned
|rule|Baton Pass Clause: Limit one Pokémon knowing Baton Pass
|rule|Sleep Clause Mod: Limit one foe put to sleep
|rule|Species Clause: Limit one of each Pokémon
|rule|OHKO Clause: OHKO moves are banned
|rule|Moody Clause: Moody is banned
|rule|Evasion Moves Clause: Evasion moves are banned
|rule|Endless Battle Clause: Forcing endless battles is banned
|rule|HP Percentage Mod: HP is shown in percentages
|teampreview
|c|★LT8B Anybody|hi
|
|start
|switch|p1a: Sandy Day|Tyranitar, F|403\/403
|switch|p2a: Excadrill|Excadrill, F|362\/362
|-ability|p2a: Excadrill|Mold Breaker
|-weather|Sandstorm
|turn|1
|
|move|p2a: Excadrill|Stealth Rock|p1a: Sandy Day
|-sidestart|p1: LT8B Anybody|move: Stealth Rock
|move|p1a: Sandy Day|Stealth Rock|p2a: Excadrill
|-sidestart|p2: ben69|move: Stealth Rock
|
|-weather|Sandstorm|[upkeep]
|turn|2
|c|★LT8B Anybody|not scarf mfw
|join|ifvurhbgyu
|
|move|p2a: Excadrill|Rapid Spin|p1a: Sandy Day
|-resisted|p1a: Sandy Day
|-damage|p1a: Sandy Day|391\/403
|-sideend|p2: ben69|Stealth Rock|[from] move: Rapid Spin|[of] p2a: Excadrill
|move|p1a: Sandy Day|Fire Blast|p2a: Excadrill
|-supereffective|p2a: Excadrill
|-damage|p2a: Excadrill|6\/362
|
|-weather|Sandstorm|[upkeep]
|turn|3
|
|switch|p1a: Not that joke pls|Gothitelle, M|281\/281
|-damage|p1a: Not that joke pls|246\/281|[from] Stealth Rock
|move|p2a: Excadrill|Earthquake|p1a: Not that joke pls
|-damage|p1a: Not that joke pls|42\/281
|
|-weather|Sandstorm|[upkeep]
|-damage|p1a: Not that joke pls|25\/281|[from] sandstorm
|turn|4
|
|move|p1a: Not that joke pls|Psyshock|p2a: Excadrill
|-resisted|p2a: Excadrill
|-damage|p2a: Excadrill|0 fnt
|faint|p2a: Excadrill
|
|-weather|Sandstorm|[upkeep]
|-damage|p1a: Not that joke pls|8\/281|[from] sandstorm
|
|switch|p2a: Heatran|Heatran, F|358\/358
|turn|5
|
|switch|p1a: Sandy Day|Tyranitar, F|391\/403
|-damage|p1a: Sandy Day|341\/403|[from] Stealth Rock
|move|p2a: Heatran|Lava Plume|p1a: Sandy Day
|-crit|p1a: Sandy Day
|-resisted|p1a: Sandy Day
|-damage|p1a: Sandy Day|275\/403
|
|-weather|none
|turn|6
|
|move|p2a: Heatran|Taunt|p1a: Sandy Day
|-start|p1a: Sandy Day|move: Taunt
|cant|p1a: Sandy Day|move: Taunt|Stealth Rock
|
|turn|7
|
|switch|p1a: Not that joke pls|Gothitelle, M|8\/281
|-damage|p1a: Not that joke pls|0 fnt|[from] Stealth Rock
|faint|p1a: Not that joke pls
|move|p2a: Heatran|Will-O-Wisp|p1: Not that joke pls|[notarget]
|-notarget
|
|c|★LT8B Anybody|wait what the fuck
|
|switch|p1a: Landorus-Doge|Landorus-Therian, M|320\/320
|-damage|p1a: Landorus-Doge|280\/320|[from] Stealth Rock
|-ability|p1a: Landorus-Doge|Intimidate|[of] p2a: Heatran
|-unboost|p2a: Heatran|atk|1
|turn|8
|
|switch|p2a: Gardevoir|Gardevoir, M|278\/278
|-ability|p2a: Gardevoir|Intimidate|[from] ability: Trace|[of] p1a: Landorus-Doge
|-ability|p2a: Gardevoir|Intimidate|[of] p1a: Landorus-Doge
|-unboost|p1a: Landorus-Doge|atk|1
|move|p1a: Landorus-Doge|U-turn|p2a: Gardevoir
|-damage|p2a: Gardevoir|190\/278
|
|switch|p1a: RIP Walls|Pinsir, F|271\/271
|-damage|p1a: RIP Walls|204\/271|[from] Stealth Rock
|
|turn|9
|
|detailschange|p1a: RIP Walls|Pinsir-Mega, F
|message|Pinsir has Mega Evolved into Mega Pinsir!
|detailschange|p2a: Gardevoir|Gardevoir-Mega, M
|message|Gardevoir has Mega Evolved into Mega Gardevoir!
|move|p1a: RIP Walls|Return|p2a: Gardevoir
|-damage|p2a: Gardevoir|0 fnt
|faint|p2a: Gardevoir
|
|join|Ascendant Justice
|
|switch|p2a: Talonflame|Talonflame, M|298\/298
|turn|10
|
|switch|p2a: Heatran|Heatran, F|358\/358
|switch|p1a: Landorus-Doge|Landorus-Therian, M|280\/320
|-damage|p1a: Landorus-Doge|240\/320|[from] Stealth Rock
|-ability|p1a: Landorus-Doge|Intimidate|[of] p2a: Heatran
|-unboost|p2a: Heatran|atk|1
|
|turn|11
|
|move|p1a: Landorus-Doge|Earthquake|p2a: Heatran
|-supereffective|p2a: Heatran
|-damage|p2a: Heatran|0 fnt
|faint|p2a: Heatran
|
|
|switch|p2a: Gengar|Gengar, M|262\/262
|turn|12
|
|switch|p1a: Sandy Day|Tyranitar, F|275\/403
|-damage|p1a: Sandy Day|225\/403|[from] Stealth Rock
|-weather|Sandstorm
|move|p2a: Gengar|Substitute|p2a: Gengar
|-start|p2a: Gengar|Substitute
|-damage|p2a: Gengar|197\/262
|
|-weather|Sandstorm|[upkeep]
|-damage|p2a: Gengar|181\/262|[from] sandstorm
|-heal|p2a: Gengar|197\/262|[from] item: Leftovers
|turn|13
|
|move|p2a: Gengar|Focus Blast|p1a: Sandy Day
|-supereffective|p1a: Sandy Day
|-damage|p1a: Sandy Day|0 fnt
|faint|p1a: Sandy Day
|
|-weather|Sandstorm|[upkeep]
|-damage|p2a: Gengar|181\/262|[from] sandstorm
|-heal|p2a: Gengar|197\/262|[from] item: Leftovers
|
|switch|p1a: We got a mole|Excadrill, M|362\/362
|-damage|p1a: We got a mole|351\/362|[from] Stealth Rock
|turn|14
|
|move|p1a: We got a mole|Iron Head|p2a: Gengar
|-end|p2a: Gengar|Substitute
|-damage|p1a: We got a mole|315\/362|[from] item: Life Orb
|move|p2a: Gengar|Focus Blast|p1a: We got a mole|[miss]
|-miss|p2a: Gengar|p1a: We got a mole
|
|-weather|Sandstorm|[upkeep]
|-damage|p2a: Gengar|181\/262|[from] sandstorm
|-heal|p2a: Gengar|197\/262|[from] item: Leftovers
|turn|15
|c| ifvurhbgyu|focus miss ftw
|
|switch|p2a: Talonflame|Talonflame, M|298\/298
|move|p1a: We got a mole|Iron Head|p2a: Talonflame
|-resisted|p2a: Talonflame
|-damage|p2a: Talonflame|159\/298
|-damage|p1a: We got a mole|279\/362|[from] item: Life Orb
|
|-weather|Sandstorm|[upkeep]
|-damage|p2a: Talonflame|141\/298|[from] sandstorm
|turn|16
|
|move|p2a: Talonflame|Roost|p2a: Talonflame
|-heal|p2a: Talonflame|290\/298
|move|p1a: We got a mole|Rock Slide|p2a: Talonflame
|-crit|p2a: Talonflame
|-supereffective|p2a: Talonflame
|-damage|p2a: Talonflame|0 fnt
|-damage|p1a: We got a mole|243\/362|[from] item: Life Orb
|faint|p2a: Talonflame
|
|-weather|none
|
|switch|p2a: Gengar|Gengar, M|197\/262
|turn|17
|
|move|p2a: Gengar|Focus Blast|p1a: We got a mole
|-supereffective|p1a: We got a mole
|-damage|p1a: We got a mole|0 fnt
|faint|p1a: We got a mole
|
|-heal|p2a: Gengar|213\/262|[from] item: Leftovers
|
|switch|p1a: Landorus-Doge|Landorus-Therian, M|240\/320
|-damage|p1a: Landorus-Doge|200\/320|[from] Stealth Rock
|-ability|p1a: Landorus-Doge|Intimidate|[of] p2a: Gengar
|-unboost|p2a: Gengar|atk|1
|turn|18
|
|switch|p2a: Kyurem-Black|Kyurem-Black|391\/391
|-ability|p2a: Kyurem-Black|Teravolt
|move|p1a: Landorus-Doge|Knock Off|p2a: Kyurem-Black
|-damage|p2a: Kyurem-Black|262\/391
|-enditem|p2a: Kyurem-Black|Life Orb|[from] move: Knock Off|[of] p1a: Landorus-Doge
|
|turn|19
|
|switch|p1a: RIP Walls|Pinsir-Mega, F|204\/271
|-damage|p1a: RIP Walls|69\/271|[from] Stealth Rock
|move|p2a: Kyurem-Black|Ice Beam|p1a: RIP Walls
|-supereffective|p1a: RIP Walls
|-damage|p1a: RIP Walls|0 fnt
|faint|p1a: RIP Walls
|
|
|switch|p1a: Wildcard|Latios, M|302\/302
|-damage|p1a: Wildcard|265\/302|[from] Stealth Rock
|turn|20
|
|move|p1a: Wildcard|Draco Meteor|p2a: Kyurem-Black
|-supereffective|p2a: Kyurem-Black
|-damage|p2a: Kyurem-Black|0 fnt
|-unboost|p1a: Wildcard|spa|2
|faint|p2a: Kyurem-Black
|
|
|switch|p2a: Gengar|Gengar, M|213\/262
|turn|21
|
|move|p2a: Gengar|Substitute|p2a: Gengar
|-start|p2a: Gengar|Substitute
|-damage|p2a: Gengar|148\/262
|move|p1a: Wildcard|Draco Meteor|p2a: Gengar
|-crit|p2a: Gengar
|-end|p2a: Gengar|Substitute
|-unboost|p1a: Wildcard|spa|2
|
|-heal|p2a: Gengar|164\/262|[from] item: Leftovers
|turn|22
|
|move|p1a: Wildcard|Draco Meteor|p2a: Gengar
|-damage|p2a: Gengar|8\/262
|-unboost|p1a: Wildcard|spa|2
|move|p2a: Gengar|Disable|p1a: Wildcard
|-start|p1a: Wildcard|Disable|Draco Meteor
|
|-heal|p2a: Gengar|24\/262|[from] item: Leftovers
|turn|23
|c|★LT8B Anybody|gg
|c|★LT8B Anybody|this kills iirc
|
|-activate|p1a: Wildcard|move: Struggle
|move|p1a: Wildcard|Struggle|p2a: Gengar
|-damage|p2a: Gengar|0 fnt
|-damage|p1a: Wildcard|190\/302
|faint|p2a: Gengar
|
|win|LT8B Anybody
|raw|Ladder updating...
|raw|LT8B Anybody's rating: 1667 &rarr; <strong>1685<\/strong><br \/>(+18 for winning)
|raw|ben69's rating: 1643 &rarr; <strong>1624<\/strong><br \/>(-19 for losing)
|c| ifvurhbgyu|lol
|c|★ben69|gg
|leave|ifvurhbgyu
|leave|Ascendant Justice