|join|night changes
|join|nintendistagamer
|player|p1|night changes|174
|player|p2|nintendistagamer|137
|gametype|singles
|gen|6
|tier|OU
|rated
|clearpoke
|poke|p1|Gardevoir, F
|poke|p1|Dragalge, F
|poke|p1|Ferrothorn, F
|poke|p1|Starmie
|poke|p1|Hippowdon, F
|poke|p1|Gengar, F
|poke|p2|Charizard, F
|poke|p2|Tornadus-Therian, M
|poke|p2|Starmie
|poke|p2|Ferrothorn, M
|poke|p2|Bisharp, F
|poke|p2|Latios, M
|rule|Swagger Clause: Swagger is banned
|rule|Baton Pass Clause: Limit one Pokémon knowing Baton Pass
|rule|Sleep Clause Mod: Limit one foe put to sleep
|rule|Species Clause: Limit one of each Pokémon
|rule|OHKO Clause: OHKO moves are banned
|rule|Moody Clause: Moody is banned
|rule|Evasion Moves Clause: Evasion moves are banned
|rule|Endless Battle Clause: Forcing endless battles is banned
|rule|HP Percentage Mod: HP is shown in percentages
|teampreview
|
|start
|switch|p1a: Gengar|Gengar, F|261\/261
|switch|p2a: Charizard|Charizard, F|360\/360
|turn|1
|
|detailschange|p2a: Charizard|Charizard-Mega-X, F
|-mega|p2a: Charizard|Charizard|Charizardite X
|move|p1a: Gengar|Shadow Ball|p2a: Charizard
|-damage|p2a: Charizard|195\/360
|-damage|p1a: Gengar|235\/261|[from] item: Life Orb
|move|p2a: Charizard|Will-O-Wisp|p1a: Gengar
|-status|p1a: Gengar|brn
|
|-damage|p1a: Gengar|203\/261 brn|[from] brn
|turn|2
|
|switch|p2a: Ferrothorn|Ferrothorn, M|352\/352
|move|p1a: Gengar|Sludge Wave|p2a: Ferrothorn
|-immune|p2a: Ferrothorn|[msg]
|
|-damage|p1a: Gengar|171\/261 brn|[from] brn
|turn|3
|
|switch|p2a: Tornadus-Therian|Tornadus-Therian, M|299\/299
|move|p1a: Gengar|Focus Blast|p2a: Tornadus-Therian
|-resisted|p2a: Tornadus-Therian
|-damage|p2a: Tornadus-Therian|200\/299
|-unboost|p2a: Tornadus-Therian|spd|1
|-damage|p1a: Gengar|145\/261 brn|[from] item: Life Orb
|
|-damage|p1a: Gengar|113\/261 brn|[from] brn
|turn|4
|
|switch|p1a: Hippowdon|Hippowdon, F|420\/420
|move|p2a: Tornadus-Therian|Knock Off|p1a: Hippowdon
|-damage|p1a: Hippowdon|343\/420
|-enditem|p1a: Hippowdon|Leftovers|[from] move: Knock Off|[of] p2a: Tornadus-Therian
|-damage|p2a: Tornadus-Therian|171\/299|[from] item: Life Orb
|
|turn|5
|
|move|p2a: Tornadus-Therian|Hurricane|p1a: Hippowdon
|-damage|p1a: Hippowdon|88\/420
|-damage|p2a: Tornadus-Therian|142\/299|[from] item: Life Orb
|move|p1a: Hippowdon|Stone Edge|p2a: Tornadus-Therian
|-supereffective|p2a: Tornadus-Therian
|-damage|p2a: Tornadus-Therian|0 fnt
|faint|p2a: Tornadus-Therian
|
|join|Luis coco
|c| Luis coco|ele n é top player?
|c|★nintendistagamer|não
|
|switch|p2a: Bisharp|Bisharp, F|271\/271
|turn|6
|c|★nintendistagamer|eu to baixo na ladder
|c|★nintendistagamer|só pego top player quando fico de 1650
|
|move|p2a: Bisharp|Knock Off|p1a: Hippowdon
|-damage|p1a: Hippowdon|0 fnt
|-damage|p2a: Bisharp|244\/271|[from] item: Life Orb
|faint|p1a: Hippowdon
|
|c| Luis coco|ele tem 1779 de laader
|c| Luis coco|olha só
|
|switch|p1a: Gardevoir|Gardevoir, F|277\/277
|-ability|p1a: Gardevoir|Defiant|[from] ability: Trace|[of] p2a: Bisharp
|turn|7
|
|switch|p2a: Ferrothorn|Ferrothorn, M|352\/352
|switch|p1a: Ferrothorn|Ferrothorn, F|352\/352
|
|turn|8
|c|★nintendistagamer|masoq
|c|★nintendistagamer|kkkkkk
|
|move|p2a: Ferrothorn|Stealth Rock|p1a: Ferrothorn
|-sidestart|p1: night changes|move: Stealth Rock
|move|p1a: Ferrothorn|Stealth Rock|p2a: Ferrothorn
|-sidestart|p2: nintendistagamer|move: Stealth Rock
|
|turn|9
|
|move|p2a: Ferrothorn|Leech Seed|p1a: Ferrothorn
|-immune|p1a: Ferrothorn|[msg]
|move|p1a: Ferrothorn|Leech Seed|p2a: Ferrothorn
|-immune|p2a: Ferrothorn|[msg]
|
|turn|10
|c|★nintendistagamer|a.a
|
|switch|p1a: Starmie|Starmie|323\/323
|-damage|p1a: Starmie|283\/323|[from] Stealth Rock
|move|p2a: Ferrothorn|Leech Seed|p1a: Starmie
|-start|p1a: Starmie|move: Leech Seed
|
|-heal|p1a: Starmie|303\/323|[from] item: Leftovers
|-damage|p1a: Starmie|263\/323|[from] Leech Seed|[of] p2a: Ferrothorn
|turn|11
|
|move|p1a: Starmie|Rapid Spin|p2a: Ferrothorn
|-resisted|p2a: Ferrothorn
|-damage|p2a: Ferrothorn|349\/352
|-damage|p1a: Starmie|223\/323|[from] ability: Iron Barbs|[of] p2a: Ferrothorn
|-end|p1a: Starmie|Leech Seed|[from] move: Rapid Spin|[of] p1a: Starmie
|-sideend|p1: night changes|Stealth Rock|[from] move: Rapid Spin|[of] p1a: Starmie
|move|p2a: Ferrothorn|Spikes|p1a: Starmie
|-sidestart|p1: night changes|Spikes
|
|-heal|p1a: Starmie|243\/323|[from] item: Leftovers
|-heal|p2a: Ferrothorn|352\/352|[from] item: Leftovers
|turn|12
|
|move|p1a: Starmie|Scald|p2a: Ferrothorn
|-resisted|p2a: Ferrothorn
|-damage|p2a: Ferrothorn|311\/352
|move|p2a: Ferrothorn|Power Whip|p1a: Starmie
|-supereffective|p1a: Starmie
|-damage|p1a: Starmie|0 fnt
|faint|p1a: Starmie
|
|-heal|p2a: Ferrothorn|333\/352|[from] item: Leftovers
|
|switch|p1a: Gengar|Gengar, F|113\/261 brn
|turn|13
|
|switch|p2a: Latios|Latios, M|301\/301
|-damage|p2a: Latios|264\/301|[from] Stealth Rock
|move|p1a: Gengar|Focus Blast|p2a: Latios
|-resisted|p2a: Latios
|-damage|p2a: Latios|178\/301
|-damage|p1a: Gengar|87\/261 brn|[from] item: Life Orb
|
|-damage|p1a: Gengar|55\/261 brn|[from] brn
|turn|14
|c| Luis coco|hueeeeee
|c| Luis coco|nintendi dando show lol
|
|move|p2a: Latios|Thunderbolt|p1a: Gengar
|-crit|p1a: Gengar
|-damage|p1a: Gengar|0 fnt
|-damage|p2a: Latios|148\/301|[from] item: Life Orb
|faint|p1a: Gengar
|
|
|switch|p1a: Gardevoir|Gardevoir, F|277\/277
|-damage|p1a: Gardevoir|243\/277|[from] Spikes
|-ability|p1a: Gardevoir|Levitate|[from] ability: Trace|[of] p2a: Latios
|turn|15
|
|detailschange|p1a: Gardevoir|Gardevoir-Mega, F
|-mega|p1a: Gardevoir|Gardevoir|Gardevoirite
|move|p2a: Latios|Psyshock|p1a: Gardevoir
|-resisted|p1a: Gardevoir
|-damage|p1a: Gardevoir|110\/277
|-damage|p2a: Latios|118\/301|[from] item: Life Orb
|move|p1a: Gardevoir|Hyper Voice|p2a: Latios
|-supereffective|p2a: Latios
|-damage|p2a: Latios|0 fnt
|faint|p2a: Latios
|
|
|switch|p2a: Starmie|Starmie|261\/261
|-damage|p2a: Starmie|229\/261|[from] Stealth Rock
|turn|16
|
|move|p2a: Starmie|Hydro Pump|p1a: Gardevoir
|-damage|p1a: Gardevoir|0 fnt
|-damage|p2a: Starmie|203\/261|[from] item: Life Orb
|faint|p1a: Gardevoir
|
|-message|night changes forfeited.
|leave|night changes
|
|win|nintendistagamer
|raw|Ladder updating...
|player|p1
|c| Luis coco|ganho de um top player
|c| Luis coco|salva isso
|raw|night changes's rating: 1779 &rarr; <strong>1745<\/strong><br \/>(-34 for losing)
|raw|nintendistagamer's rating: 1491 &rarr; <strong>1525<\/strong><br \/>(+34 for winning)