|join|Jiban123
|join|Feyitomi
|player|p1|Jiban123|99
|player|p2|Feyitomi|214
|gametype|singles
|gen|6
|tier|OU
|rated
|clearpoke
|poke|p1|Haxorus, M, shiny
|poke|p1|Blastoise, M
|poke|p1|Jolteon, M
|poke|p1|Arcanine, M
|poke|p1|Talonflame, M
|poke|p1|Lucario, M
|poke|p2|Landorus-Therian, M
|poke|p2|Gardevoir, F
|poke|p2|Rotom-Wash
|poke|p2|Terrakion
|poke|p2|Ferrothorn, F
|poke|p2|Greninja, M
|rule|Swagger Clause: Swagger is banned
|rule|Baton Pass Clause: Limit one Pokémon knowing Baton Pass
|rule|Sleep Clause Mod: Limit one foe put to sleep
|rule|Species Clause: Limit one of each Pokémon
|rule|OHKO Clause: OHKO moves are banned
|rule|Moody Clause: Moody is banned
|rule|Evasion Moves Clause: Evasion moves are banned
|rule|Endless Battle Clause: Forcing endless battles is banned
|rule|HP Percentage Mod: HP is shown in percentages
|teampreview
|
|start
|switch|p1a: Jolteon|Jolteon, M|271\/271
|switch|p2a: Landorus-Therian|Landorus-Therian, M|344\/344
|-ability|p2a: Landorus-Therian|Intimidate|[of] p1a: Jolteon
|-unboost|p1a: Jolteon|atk|1
|turn|1
|
|move|p2a: Landorus-Therian|Earthquake|p1a: Jolteon
|-supereffective|p1a: Jolteon
|-damage|p1a: Jolteon|0 fnt
|faint|p1a: Jolteon
|
|
|switch|p1a: Blastoise|Blastoise, M|362\/362
|turn|2
|
|switch|p2a: Rotom-Wash|Rotom-Wash|303\/303
|detailschange|p1a: Blastoise|Blastoise-Mega, M
|message|Blastoise has Mega Evolved into Mega Blastoise!
|move|p1a: Blastoise|Scald|p2a: Rotom-Wash
|-crit|p2a: Rotom-Wash
|-resisted|p2a: Rotom-Wash
|-damage|p2a: Rotom-Wash|213\/303
|
|-heal|p2a: Rotom-Wash|231\/303|[from] item: Leftovers
|turn|3
|
|switch|p2a: Ferrothorn|Ferrothorn, F|352\/352
|move|p1a: Blastoise|Scald|p2a: Ferrothorn
|-resisted|p2a: Ferrothorn
|-damage|p2a: Ferrothorn|304\/352
|
|-heal|p2a: Ferrothorn|326\/352|[from] item: Leftovers
|turn|4
|
|switch|p1a: Lucario|Lucario, M|282\/282
|move|p2a: Ferrothorn|Stealth Rock|p1a: Lucario
|-sidestart|p1: Jiban123|move: Stealth Rock
|
|-heal|p2a: Ferrothorn|348\/352|[from] item: Leftovers
|turn|5
|
|move|p1a: Lucario|Swords Dance|p1a: Lucario
|-boost|p1a: Lucario|atk|2
|move|p2a: Ferrothorn|Leech Seed|p1a: Lucario
|-start|p1a: Lucario|move: Leech Seed
|
|-heal|p2a: Ferrothorn|352\/352|[from] item: Leftovers
|-damage|p1a: Lucario|247\/282|[from] Leech Seed|[of] p2a: Ferrothorn
|turn|6
|
|switch|p2a: Landorus-Therian|Landorus-Therian, M|344\/344
|-ability|p2a: Landorus-Therian|Intimidate|[of] p1a: Lucario
|-unboost|p1a: Lucario|atk|1
|move|p1a: Lucario|Swords Dance|p1a: Lucario
|-boost|p1a: Lucario|atk|2
|
|-damage|p1a: Lucario|212\/282|[from] Leech Seed|[of] p2a: Landorus-Therian
|turn|7
|
|switch|p2a: Ferrothorn|Ferrothorn, F|352\/352
|move|p1a: Lucario|Extreme Speed|p2a: Ferrothorn
|-resisted|p2a: Ferrothorn
|-damage|p2a: Ferrothorn|287\/352
|-damage|p1a: Lucario|177\/282|[from] ability: Iron Barbs|[of] p2a: Ferrothorn
|
|-heal|p2a: Ferrothorn|309\/352|[from] item: Leftovers
|-damage|p1a: Lucario|142\/282|[from] Leech Seed|[of] p2a: Ferrothorn
|-heal|p2a: Ferrothorn|344\/352|[silent]
|turn|8
|
|move|p1a: Lucario|Ice Punch|p2a: Ferrothorn
|-damage|p2a: Ferrothorn|213\/352
|-damage|p1a: Lucario|107\/282|[from] ability: Iron Barbs|[of] p2a: Ferrothorn
|move|p2a: Ferrothorn|Spikes|p1a: Lucario
|-sidestart|p1: Jiban123|Spikes
|
|-heal|p2a: Ferrothorn|235\/352|[from] item: Leftovers
|-damage|p1a: Lucario|72\/282|[from] Leech Seed|[of] p2a: Ferrothorn
|-heal|p2a: Ferrothorn|270\/352|[silent]
|turn|9
|
|switch|p2a: Landorus-Therian|Landorus-Therian, M|344\/344
|-ability|p2a: Landorus-Therian|Intimidate|[of] p1a: Lucario
|-unboost|p1a: Lucario|atk|1
|move|p1a: Lucario|Close Combat|p2a: Landorus-Therian
|-resisted|p2a: Landorus-Therian
|-damage|p2a: Landorus-Therian|104\/344
|-unboost|p1a: Lucario|def|1
|-unboost|p1a: Lucario|spd|1
|
|-damage|p1a: Lucario|37\/282|[from] Leech Seed|[of] p2a: Landorus-Therian
|-heal|p2a: Landorus-Therian|139\/344|[silent]
|turn|10
|
|switch|p2a: Ferrothorn|Ferrothorn, F|270\/352
|move|p1a: Lucario|Close Combat|p2a: Ferrothorn
|-supereffective|p2a: Ferrothorn
|-damage|p2a: Ferrothorn|0 fnt
|-damage|p1a: Lucario|2\/282|[from] ability: Iron Barbs|[of] p2a: Ferrothorn
|-unboost|p1a: Lucario|def|1
|-unboost|p1a: Lucario|spd|1
|faint|p2a: Ferrothorn
|
|
|switch|p2a: Gardevoir|Gardevoir, F|277\/277
|-ability|p2a: Gardevoir|Justified|[from] ability: Trace|[of] p1a: Lucario
|turn|11
|
|switch|p2a: Landorus-Therian|Landorus-Therian, M|139\/344
|-ability|p2a: Landorus-Therian|Intimidate|[of] p1a: Lucario
|-unboost|p1a: Lucario|atk|1
|move|p1a: Lucario|Extreme Speed|p2a: Landorus-Therian
|-damage|p2a: Landorus-Therian|0 fnt
|faint|p2a: Landorus-Therian
|
|
|switch|p2a: Rotom-Wash|Rotom-Wash|231\/303
|turn|12
|
|move|p1a: Lucario|Close Combat|p2a: Rotom-Wash
|-damage|p2a: Rotom-Wash|9\/303
|-unboost|p1a: Lucario|def|1
|-unboost|p1a: Lucario|spd|1
|move|p2a: Rotom-Wash|Volt Switch|p1a: Lucario
|-damage|p1a: Lucario|0 fnt
|faint|p1a: Lucario
|
|switch|p2a: Terrakion|Terrakion|323\/323
|
|
|switch|p1a: Blastoise|Blastoise-Mega, M|362\/362
|-damage|p1a: Blastoise|317\/362|[from] Spikes
|-damage|p1a: Blastoise|272\/362|[from] Stealth Rock
|turn|13
|
|move|p2a: Terrakion|Close Combat|p1a: Blastoise
|-damage|p1a: Blastoise|68\/362
|-unboost|p2a: Terrakion|def|1
|-unboost|p2a: Terrakion|spd|1
|-damage|p2a: Terrakion|291\/323|[from] item: Life Orb
|move|p1a: Blastoise|Rapid Spin|p2a: Terrakion
|-resisted|p2a: Terrakion
|-damage|p2a: Terrakion|278\/323
|-sideend|p1: Jiban123|Spikes|[from] move: Rapid Spin|[of] p1a: Blastoise
|-sideend|p1: Jiban123|Stealth Rock|[from] move: Rapid Spin|[of] p1a: Blastoise
|
|turn|14
|
|move|p2a: Terrakion|Earthquake|p1a: Blastoise
|-damage|p1a: Blastoise|0 fnt
|-damage|p2a: Terrakion|246\/323|[from] item: Life Orb
|faint|p1a: Blastoise
|
|
|switch|p1a: Haxorus|Haxorus, M, shiny|294\/294
|-ability|p1a: Haxorus|Mold Breaker
|turn|15
|
|move|p2a: Terrakion|Close Combat|p1a: Haxorus
|-enditem|p1a: Haxorus|Focus Sash
|-damage|p1a: Haxorus|1\/294
|-unboost|p2a: Terrakion|def|1
|-unboost|p2a: Terrakion|spd|1
|-damage|p2a: Terrakion|214\/323|[from] item: Life Orb
|move|p1a: Haxorus|Earthquake|p2a: Terrakion
|-supereffective|p2a: Terrakion
|-damage|p2a: Terrakion|0 fnt
|faint|p2a: Terrakion
|
|
|switch|p2a: Gardevoir|Gardevoir, F|277\/277
|-ability|p2a: Gardevoir|Mold Breaker|[from] ability: Trace|[of] p1a: Haxorus
|-ability|p2a: Gardevoir|Mold Breaker
|turn|16
|
|switch|p2a: Rotom-Wash|Rotom-Wash|9\/303
|move|p1a: Haxorus|Earthquake|p2a: Rotom-Wash
|-supereffective|p2a: Rotom-Wash
|-damage|p2a: Rotom-Wash|0 fnt
|faint|p2a: Rotom-Wash
|
|
|switch|p2a: Greninja|Greninja, M|286\/286
|turn|17
|
|move|p2a: Greninja|Hidden Power|p1a: Haxorus
|-start|p2a: Greninja|typechange|Fire|[from] Protean
|-resisted|p1a: Haxorus
|-damage|p1a: Haxorus|0 fnt
|-damage|p2a: Greninja|258\/286|[from] item: Life Orb
|faint|p1a: Haxorus
|
|
|switch|p1a: Arcanine|Arcanine, M|339\/339
|-ability|p1a: Arcanine|Intimidate|[of] p2a: Greninja
|-unboost|p2a: Greninja|atk|1
|turn|18
|
|move|p1a: Arcanine|Extreme Speed|p2a: Greninja
|-damage|p2a: Greninja|102\/286
|-damage|p1a: Arcanine|306\/339|[from] item: Life Orb
|move|p2a: Greninja|Hydro Pump|p1a: Arcanine
|-start|p2a: Greninja|typechange|Water|[from] Protean
|-supereffective|p1a: Arcanine
|-damage|p1a: Arcanine|0 fnt
|-damage|p2a: Greninja|74\/286|[from] item: Life Orb
|faint|p1a: Arcanine
|
|
|switch|p1a: Talonflame|Talonflame, M|309\/309
|turn|19
|
|move|p1a: Talonflame|Acrobatics|p2a: Greninja
|-damage|p2a: Greninja|0 fnt
|faint|p2a: Greninja
|
|
|switch|p2a: Gardevoir|Gardevoir, F|277\/277
|-ability|p2a: Gardevoir|Gale Wings|[from] ability: Trace|[of] p1a: Talonflame
|turn|20
|
|detailschange|p2a: Gardevoir|Gardevoir-Mega, F
|message|Gardevoir has Mega Evolved into Mega Gardevoir!
|move|p1a: Talonflame|Acrobatics|p2a: Gardevoir
|-crit|p2a: Gardevoir
|-damage|p2a: Gardevoir|0 fnt
|faint|p2a: Gardevoir
|
|win|Jiban123
|raw|Ladder updating...
|raw|Jiban123's rating: 1567 &rarr; <strong>1591<\/strong><br \/>(+24 for winning)
|raw|Feyitomi's rating: 1623 &rarr; <strong>1600<\/strong><br \/>(-23 for losing)