|join|Feyitomi
|join|Arnavinator
|player|p1|Feyitomi|214
|player|p2|Arnavinator|1
|gametype|singles
|gen|6
|tier|OU
|rated
|clearpoke
|poke|p1|Charizard, M, shiny
|poke|p1|Thundurus, M, shiny
|poke|p1|Cobalion
|poke|p1|Gengar, F
|poke|p1|Landorus-Therian, M
|poke|p1|Azumarill, F
|poke|p2|Heatran, M
|poke|p2|Gyarados, M, shiny
|poke|p2|Breloom, F
|poke|p2|Diggersby, F
|poke|p2|Keldeo
|poke|p2|Garchomp, M
|rule|Swagger Clause: Swagger is banned
|rule|Baton Pass Clause: Limit one Pokémon knowing Baton Pass
|rule|Sleep Clause Mod: Limit one foe put to sleep
|rule|Species Clause: Limit one of each Pokémon
|rule|OHKO Clause: OHKO moves are banned
|rule|Moody Clause: Moody is banned
|rule|Evasion Moves Clause: Evasion moves are banned
|rule|Endless Battle Clause: Forcing endless battles is banned
|rule|HP Percentage Mod: HP is shown in percentages
|teampreview
|chat|Arnavinator|hi, good luck
|
|start
|switch|p1a: Cobalion|Cobalion|386\/386
|switch|p2a: Land-Shark|Garchomp, M|358\/358
|turn|1
|
|move|p1a: Cobalion|Taunt|p2a: Land-Shark
|-start|p2a: Land-Shark|move: Taunt
|cant|p2a: Land-Shark|move: Taunt|Stealth Rock
|
|turn|2
|
|move|p1a: Cobalion|Stealth Rock|p2a: Land-Shark
|-sidestart|p2: Arnavinator|move: Stealth Rock
|move|p2a: Land-Shark|Earthquake|p1a: Cobalion
|-supereffective|p1a: Cobalion
|-damage|p1a: Cobalion|86\/386
|
|turn|3
|
|move|p1a: Cobalion|Close Combat|p2a: Land-Shark
|-damage|p2a: Land-Shark|219\/358
|-damage|p1a: Cobalion|38\/386|[from] ability: Rough Skin|[of] p2a: Land-Shark
|-unboost|p1a: Cobalion|def|1
|-unboost|p1a: Cobalion|spd|1
|move|p2a: Land-Shark|Earthquake|p1a: Cobalion
|-supereffective|p1a: Cobalion
|-damage|p1a: Cobalion|0 fnt
|faint|p1a: Cobalion
|
|-end|p2a: Land-Shark|move: Taunt
|
|switch|p1a: Thundurus|Thundurus, M, shiny|299\/299
|turn|4
|
|switch|p2a: Gyarados|Gyarados, M, shiny|332\/332
|-damage|p2a: Gyarados|249\/332|[from] Stealth Rock
|-ability|p2a: Gyarados|Intimidate|[of] p1a: Thundurus
|-unboost|p1a: Thundurus|atk|1
|move|p1a: Thundurus|Hidden Power|p2a: Gyarados
|-damage|p2a: Gyarados|163\/332
|-damage|p1a: Thundurus|270\/299|[from] item: Life Orb
|
|turn|5
|
|switch|p2a: Diggersby|Diggersby, F|312\/312
|-damage|p2a: Diggersby|293\/312|[from] Stealth Rock
|move|p1a: Thundurus|Thunderbolt|p2a: Diggersby
|-immune|p2a: Diggersby|[msg]
|
|turn|6
|
|switch|p1a: Landorus-Therian|Landorus-Therian, M|320\/320
|-ability|p1a: Landorus-Therian|Intimidate|[of] p2a: Diggersby
|-unboost|p2a: Diggersby|atk|1
|move|p2a: Diggersby|Return|p1a: Landorus-Therian
|-damage|p1a: Landorus-Therian|157\/320
|
|turn|7
|
|move|p1a: Landorus-Therian|U-turn|p2a: Diggersby
|-damage|p2a: Diggersby|174\/312
|
|switch|p1a: Gengar|Gengar, F|262\/262
|move|p2a: Diggersby|Return|p1a: Gengar
|-immune|p1a: Gengar|[msg]
|
|turn|8
|
|switch|p2a: Gyarados|Gyarados, M, shiny|163\/332
|-damage|p2a: Gyarados|80\/332|[from] Stealth Rock
|-ability|p2a: Gyarados|Intimidate|[of] p1a: Gengar
|-unboost|p1a: Gengar|atk|1
|move|p1a: Gengar|Focus Blast|p2a: Gyarados
|-resisted|p2a: Gyarados
|-damage|p2a: Gyarados|0 fnt
|-damage|p1a: Gengar|236\/262|[from] item: Life Orb
|faint|p2a: Gyarados
|
|
|switch|p2a: Fuck Your Walls|Keldeo|324\/324
|-damage|p2a: Fuck Your Walls|304\/324|[from] Stealth Rock
|turn|9
|
|switch|p1a: Azumarill|Azumarill, F|374\/374
|move|p2a: Fuck Your Walls|Hydro Pump|p1a: Azumarill
|-resisted|p1a: Azumarill
|-damage|p1a: Azumarill|209\/374
|
|turn|10
|
|switch|p2a: Diggersby|Diggersby, F|174\/312
|-damage|p2a: Diggersby|155\/312|[from] Stealth Rock
|move|p1a: Azumarill|Play Rough|p2a: Diggersby
|-damage|p2a: Diggersby|0 fnt
|faint|p2a: Diggersby
|
|
|switch|p2a: Breloom|Breloom, F|262\/262
|-damage|p2a: Breloom|246\/262|[from] Stealth Rock
|turn|11
|
|switch|p1a: Landorus-Therian|Landorus-Therian, M|157\/320
|-ability|p1a: Landorus-Therian|Intimidate|[of] p2a: Breloom
|-unboost|p2a: Breloom|atk|1
|move|p2a: Breloom|Rock Tomb|p1a: Landorus-Therian
|-damage|p1a: Landorus-Therian|85\/320
|-unboost|p1a: Landorus-Therian|spe|1
|
|turn|12
|
|move|p2a: Breloom|Rock Tomb|p1a: Landorus-Therian
|-damage|p1a: Landorus-Therian|2\/320
|-unboost|p1a: Landorus-Therian|spe|1
|move|p1a: Landorus-Therian|U-turn|p2a: Breloom
|-damage|p2a: Breloom|123\/262
|
|switch|p1a: Azumarill|Azumarill, F|209\/374
|
|turn|13
|
|move|p2a: Breloom|Rock Tomb|p1a: Azumarill
|-damage|p1a: Azumarill|129\/374
|-unboost|p1a: Azumarill|spe|1
|-enditem|p1a: Azumarill|Sitrus Berry|[eat]
|-heal|p1a: Azumarill|222\/374|[from] item: Sitrus Berry
|move|p1a: Azumarill|Play Rough|p2a: Breloom
|-supereffective|p2a: Breloom
|-damage|p2a: Breloom|0 fnt
|faint|p2a: Breloom
|
|
|switch|p2a: Land-Shark|Garchomp, M|219\/358
|-damage|p2a: Land-Shark|197\/358|[from] Stealth Rock
|turn|14
|
|switch|p1a: Landorus-Therian|Landorus-Therian, M|2\/320
|-ability|p1a: Landorus-Therian|Intimidate|[of] p2a: Land-Shark
|-unboost|p2a: Land-Shark|atk|1
|move|p2a: Land-Shark|Stealth Rock|p1a: Landorus-Therian
|-sidestart|p1: Feyitomi|move: Stealth Rock
|
|turn|15
|
|move|p1a: Landorus-Therian|Earthquake|p2a: Land-Shark
|-damage|p2a: Land-Shark|0 fnt
|faint|p2a: Land-Shark
|
|
|switch|p2a: Fuck Your Walls|Keldeo|304\/324
|-damage|p2a: Fuck Your Walls|284\/324|[from] Stealth Rock
|turn|16
|
|move|p1a: Landorus-Therian|Earthquake|p2a: Fuck Your Walls
|-damage|p2a: Fuck Your Walls|61\/324
|move|p2a: Fuck Your Walls|Hydro Pump|p1a: Landorus-Therian
|-supereffective|p1a: Landorus-Therian
|-damage|p1a: Landorus-Therian|0 fnt
|faint|p1a: Landorus-Therian
|
|
|switch|p1a: Azumarill|Azumarill, F|222\/374
|-damage|p1a: Azumarill|176\/374|[from] Stealth Rock
|turn|17
|
|move|p1a: Azumarill|Aqua Jet|p2a: Fuck Your Walls
|-resisted|p2a: Fuck Your Walls
|-damage|p2a: Fuck Your Walls|14\/324
|move|p2a: Fuck Your Walls|Hydro Pump|p1a: Azumarill
|-crit|p1a: Azumarill
|-resisted|p1a: Azumarill
|-damage|p1a: Azumarill|0 fnt
|faint|p1a: Azumarill
|
|
|switch|p1a: Thundurus|Thundurus, M, shiny|270\/299
|-damage|p1a: Thundurus|196\/299|[from] Stealth Rock
|turn|18
|
|move|p1a: Thundurus|Thunderbolt|p2a: Fuck Your Walls
|-supereffective|p2a: Fuck Your Walls
|-damage|p2a: Fuck Your Walls|0 fnt
|-damage|p1a: Thundurus|167\/299|[from] item: Life Orb
|faint|p2a: Fuck Your Walls
|
|
|switch|p2a: Heatran|Heatran, M|357\/357
|-damage|p2a: Heatran|313\/357|[from] Stealth Rock
|-item|p2a: Heatran|Air Balloon
|turn|19
|
|move|p1a: Thundurus|Superpower|p2a: Heatran
|-supereffective|p2a: Heatran
|-damage|p2a: Heatran|27\/357
|-enditem|p2a: Heatran|Air Balloon
|-unboost|p1a: Thundurus|atk|1
|-unboost|p1a: Thundurus|def|1
|-damage|p1a: Thundurus|138\/299|[from] item: Life Orb
|move|p2a: Heatran|Ancient Power|p1a: Thundurus
|-supereffective|p1a: Thundurus
|-damage|p1a: Thundurus|0 fnt
|-boost|p2a: Heatran|atk|1
|-boost|p2a: Heatran|def|1
|-boost|p2a: Heatran|spa|1
|-boost|p2a: Heatran|spd|1
|-boost|p2a: Heatran|spe|1
|faint|p1a: Thundurus
|
|
|switch|p1a: Charizard|Charizard, M, shiny|333\/333
|-damage|p1a: Charizard|167\/333|[from] Stealth Rock
|turn|20
|
|detailschange|p1a: Charizard|Charizard-Mega-X, M, shiny
|message|Charizard has Mega Evolved into Mega Charizard!
|move|p2a: Heatran|Ancient Power|p1a: Charizard
|-supereffective|p1a: Charizard
|-damage|p1a: Charizard|0 fnt
|faint|p1a: Charizard
|
|
|switch|p1a: Gengar|Gengar, F|236\/262
|-damage|p1a: Gengar|204\/262|[from] Stealth Rock
|turn|21
|
|move|p2a: Heatran|Fire Blast|p1a: Gengar|[miss]
|-miss|p2a: Heatran|p1a: Gengar
|move|p1a: Gengar|Shadow Ball|p2a: Heatran
|-damage|p2a: Heatran|0 fnt
|-damage|p1a: Gengar|178\/262|[from] item: Life Orb
|faint|p2a: Heatran
|
|win|Feyitomi
|raw|Ladder updating...
|raw|Feyitomi's rating: 1736 &rarr; <strong>1750<\/strong><br \/>(+14 for winning)
|raw|Arnavinator's rating: 1633 &rarr; <strong>1619<\/strong><br \/>(-14 for losing)
|leave|Feyitomi