|join|Feyitomi
|join|fluffer115
|player|p1|Feyitomi|102
|player|p2|fluffer115|211
|gametype|singles
|gen|6
|tier|OU
|rated
|clearpoke
|poke|p1|Charizard, M
|poke|p1|Azumarill, M
|poke|p1|Excadrill, F
|poke|p1|Celebi
|poke|p1|Thundurus, M
|poke|p1|Keldeo
|poke|p2|Tornadus-Therian, M
|poke|p2|Metagross
|poke|p2|Keldeo
|poke|p2|Landorus-Therian, M
|poke|p2|Rotom-Wash
|poke|p2|Clefable, F
|rule|Swagger Clause: Swagger is banned
|rule|Baton Pass Clause: Limit one Pokémon knowing Baton Pass
|rule|Sleep Clause Mod: Limit one foe put to sleep
|rule|Species Clause: Limit one of each Pokémon
|rule|OHKO Clause: OHKO moves are banned
|rule|Moody Clause: Moody is banned
|rule|Evasion Moves Clause: Evasion moves are banned
|rule|Endless Battle Clause: Forcing endless battles is banned
|rule|HP Percentage Mod: HP is shown in percentages
|teampreview
|
|start
|switch|p1a: Keldeo|Keldeo|323\/323
|switch|p2a: Big Bird|Tornadus-Therian, M|299\/299
|turn|1
|
|move|p2a: Big Bird|Hurricane|p1a: Keldeo
|-supereffective|p1a: Keldeo
|-damage|p1a: Keldeo|0 fnt
|-damage|p2a: Big Bird|270\/299|[from] item: Life Orb
|faint|p1a: Keldeo
|
|
|switch|p1a: Azumarill|Azumarill, M|374\/374
|turn|2
|
|switch|p2a: Kyau|Rotom-Wash|304\/304
|move|p1a: Azumarill|Knock Off|p2a: Kyau
|-damage|p2a: Kyau|198\/304
|-enditem|p2a: Kyau|Leftovers|[from] move: Knock Off|[of] p1a: Azumarill
|
|turn|3
|
|switch|p1a: Celebi|Celebi|341\/341
|move|p2a: Kyau|Volt Switch|p1a: Celebi
|-resisted|p1a: Celebi
|-damage|p1a: Celebi|303\/341
|
|switch|p2a: Big Bird|Tornadus-Therian, M|299\/299
|
|turn|4
|
|move|p2a: Big Bird|Knock Off|p1a: Celebi
|-supereffective|p1a: Celebi
|-damage|p1a: Celebi|98\/341
|-enditem|p1a: Celebi|Life Orb|[from] move: Knock Off|[of] p2a: Big Bird
|-damage|p2a: Big Bird|270\/299|[from] item: Life Orb
|move|p1a: Celebi|Stealth Rock|p2a: Big Bird
|-sidestart|p2: fluffer115|move: Stealth Rock
|
|turn|5
|
|switch|p1a: Thundurus|Thundurus, M|299\/299
|move|p2a: Big Bird|Heat Wave|p1a: Thundurus
|-crit|p1a: Thundurus
|-damage|p1a: Thundurus|73\/299
|-damage|p2a: Big Bird|241\/299|[from] item: Life Orb
|
|turn|6
|
|move|p2a: Big Bird|Knock Off|p1a: Thundurus
|-crit|p1a: Thundurus
|-damage|p1a: Thundurus|0 fnt
|-enditem|p1a: Thundurus|Life Orb|[from] move: Knock Off|[of] p2a: Big Bird
|-damage|p2a: Big Bird|212\/299|[from] item: Life Orb
|faint|p1a: Thundurus
|
|c|★fluffer115|sry
|c|★Feyitomi|np
|
|switch|p1a: Charizard|Charizard, M|311\/311
|turn|7
|
|switch|p2a: Kyau|Rotom-Wash|198\/304
|-damage|p2a: Kyau|160\/304|[from] Stealth Rock
|detailschange|p1a: Charizard|Charizard-Mega-X, M
|-mega|p1a: Charizard|Charizard|Charizardite X
|move|p1a: Charizard|Dragon Dance|p1a: Charizard
|-boost|p1a: Charizard|atk|1
|-boost|p1a: Charizard|spe|1
|
|turn|8
|
|move|p1a: Charizard|Dragon Dance|p1a: Charizard
|-boost|p1a: Charizard|atk|1
|-boost|p1a: Charizard|spe|1
|move|p2a: Kyau|Volt Switch|p1a: Charizard
|-resisted|p1a: Charizard
|-damage|p1a: Charizard|260\/311
|
|switch|p2a: Tony|Landorus-Therian, M|367\/367
|-damage|p2a: Tony|322\/367|[from] Stealth Rock
|-ability|p2a: Tony|Intimidate|[of] p1a: Charizard
|-unboost|p1a: Charizard|atk|1
|
|-heal|p2a: Tony|344\/367|[from] item: Leftovers
|turn|9
|
|move|p1a: Charizard|Flare Blitz|p2a: Tony
|-damage|p2a: Tony|0 fnt
|-damage|p1a: Charizard|146\/311|[from] recoil|[of] p2a: Tony
|faint|p2a: Tony
|
|c|★fluffer115|well shit
|
|switch|p2a: Paavo|Keldeo|323\/323
|-damage|p2a: Paavo|303\/323|[from] Stealth Rock
|turn|10
|
|move|p1a: Charizard|Dragon Claw|p2a: Paavo
|-damage|p2a: Paavo|0 fnt
|faint|p2a: Paavo
|
|c|★fluffer115|fuckkkkkkkk
|
|switch|p2a: Albert|Clefable, F|394\/394
|turn|11
|
|move|p1a: Charizard|Flare Blitz|p2a: Albert
|-damage|p2a: Albert|0 fnt
|-damage|p1a: Charizard|16\/311|[from] recoil|[of] p2a: Albert
|faint|p2a: Albert
|
|
|switch|p2a: Jono|Metagross|301\/301
|-damage|p2a: Jono|283\/301|[from] Stealth Rock
|turn|12
|
|detailschange|p2a: Jono|Metagross-Mega
|-mega|p2a: Jono|Metagross|Metagrossite
|move|p2a: Jono|Bullet Punch|p1a: Charizard
|-resisted|p1a: Charizard
|-damage|p1a: Charizard|0 fnt
|faint|p1a: Charizard
|
|
|switch|p1a: Excadrill|Excadrill, F|362\/362
|-ability|p1a: Excadrill|Mold Breaker
|turn|13
|
|switch|p2a: Kyau|Rotom-Wash|160\/304
|-damage|p2a: Kyau|122\/304|[from] Stealth Rock
|move|p1a: Excadrill|Rock Slide|p2a: Kyau
|-damage|p2a: Kyau|46\/304
|
|turn|14
|
|switch|p1a: Celebi|Celebi|98\/341
|move|p2a: Kyau|Volt Switch|p1a: Celebi
|-resisted|p1a: Celebi
|-damage|p1a: Celebi|59\/341
|
|switch|p2a: Big Bird|Tornadus-Therian, M|299\/299
|-damage|p2a: Big Bird|225\/299|[from] Stealth Rock
|
|turn|15
|
|move|p2a: Big Bird|Knock Off|p1a: Celebi
|-supereffective|p1a: Celebi
|-damage|p1a: Celebi|0 fnt
|-damage|p2a: Big Bird|196\/299|[from] item: Life Orb
|faint|p1a: Celebi
|
|c|★fluffer115|this is close
|
|switch|p1a: Azumarill|Azumarill, M|374\/374
|turn|16
|
|move|p2a: Big Bird|Hurricane|p1a: Azumarill
|-damage|p1a: Azumarill|115\/374
|-damage|p2a: Big Bird|167\/299|[from] item: Life Orb
|-enditem|p1a: Azumarill|Sitrus Berry|[eat]
|-heal|p1a: Azumarill|208\/374|[from] item: Sitrus Berry
|move|p1a: Azumarill|Belly Drum|p1a: Azumarill
|-damage|p1a: Azumarill|21\/374
|-setboost|p1a: Azumarill|atk|6|[from] move: Belly Drum
|
|turn|17
|
|switch|p2a: Kyau|Rotom-Wash|46\/304
|-damage|p2a: Kyau|8\/304|[from] Stealth Rock
|move|p1a: Azumarill|Aqua Jet|p2a: Kyau
|-resisted|p2a: Kyau
|-damage|p2a: Kyau|0 fnt
|faint|p2a: Kyau
|
|c|★fluffer115|i think i have this one?
|c|★Feyitomi|yep
|c|★Feyitomi|gg
|-message|Feyitomi forfeited.
|leave|Feyitomi
|
|switch|p2a: Jono|Metagross-Mega|283\/301
|-damage|p2a: Jono|265\/301|[from] Stealth Rock
|turn|18
|
|win|fluffer115
|raw|Ladder updating...
|player|p1
|raw|Feyitomi's rating: 1516 &rarr; <strong>1491<\/strong><br \/>(-25 for losing)
|raw|fluffer115's rating: 1432 &rarr; <strong>1457<\/strong><br \/>(+25 for winning)