|join|miasmata
|join|Feyitomi
|player|p1|miasmata|102
|player|p2|Feyitomi|293
|gametype|singles
|gen|6
|tier|OU
|rated
|clearpoke
|poke|p1|Cloyster, M
|poke|p1|Landorus-Therian, M
|poke|p1|Latios, M
|poke|p1|Azumarill, M
|poke|p1|Scizor, M
|poke|p1|Tyranitar, M
|poke|p2|Altaria, M
|poke|p2|Heatran, M
|poke|p2|Keldeo-Resolute
|poke|p2|Tyranitar, M
|poke|p2|Excadrill, M
|poke|p2|Latios, M
|rule|Swagger Clause: Swagger is banned
|rule|Baton Pass Clause: Limit one Pokémon knowing Baton Pass
|rule|Sleep Clause Mod: Limit one foe put to sleep
|rule|Species Clause: Limit one of each Pokémon
|rule|OHKO Clause: OHKO moves are banned
|rule|Moody Clause: Moody is banned
|rule|Evasion Moves Clause: Evasion moves are banned
|rule|Endless Battle Clause: Forcing endless battles is banned
|rule|HP Percentage Mod: HP is shown in percentages
|teampreview
|
|start
|switch|p1a: Landorus-Therian|Landorus-Therian, M|319\/319
|switch|p2a: Heatran|Heatran, M|323\/323
|-ability|p1a: Landorus-Therian|Intimidate|[of] p2a: Heatran
|-unboost|p2a: Heatran|atk|1
|turn|1
|
|move|p1a: Landorus-Therian|Stealth Rock|p2a: Heatran
|-sidestart|p2: Feyitomi|move: Stealth Rock
|move|p2a: Heatran|Stealth Rock|p1a: Landorus-Therian
|-sidestart|p1: miasmata|move: Stealth Rock
|
|turn|2
|
|move|p1a: Landorus-Therian|Knock Off|p2a: Heatran
|-damage|p2a: Heatran|206\/323
|-enditem|p2a: Heatran|Leftovers|[from] move: Knock Off|[of] p1a: Landorus-Therian
|move|p2a: Heatran|Toxic|p1a: Landorus-Therian
|-status|p1a: Landorus-Therian|tox
|
|-damage|p1a: Landorus-Therian|300\/319 tox|[from] psn
|turn|3
|
|switch|p2a: Altaria|Altaria, M|291\/291
|-damage|p2a: Altaria|219\/291|[from] Stealth Rock
|move|p1a: Landorus-Therian|Earthquake|p2a: Altaria
|-immune|p2a: Altaria|[msg]
|
|-damage|p1a: Landorus-Therian|262\/319 tox|[from] psn
|turn|4
|
|detailschange|p2a: Altaria|Altaria-Mega, M
|-mega|p2a: Altaria|Altaria|Altarianite
|move|p1a: Landorus-Therian|Explosion|p2a: Altaria
|-damage|p2a: Altaria|0 fnt
|faint|p1a: Landorus-Therian
|faint|p2a: Altaria
|
|c|★Feyitomi|lol
|c|★Feyitomi|unexpected
|
|switch|p2a: Tyranitar|Tyranitar, M|341\/341
|switch|p1a: Scizor|Scizor, M|281\/281
|-damage|p2a: Tyranitar|299\/341|[from] Stealth Rock
|-weather|Sandstorm
|-damage|p1a: Scizor|246\/281|[from] Stealth Rock
|turn|5
|
|switch|p2a: Heatran|Heatran, M|206\/323
|-damage|p2a: Heatran|166\/323|[from] Stealth Rock
|move|p1a: Scizor|Superpower|p2a: Heatran
|-supereffective|p2a: Heatran
|-damage|p2a: Heatran|0 fnt
|-unboost|p1a: Scizor|atk|1
|-unboost|p1a: Scizor|def|1
|-damage|p1a: Scizor|218\/281|[from] item: Life Orb
|faint|p2a: Heatran
|
|-weather|Sandstorm|[upkeep]
|
|switch|p2a: Excadrill|Excadrill, M|361\/361
|-damage|p2a: Excadrill|350\/361|[from] Stealth Rock
|turn|6
|
|move|p2a: Excadrill|Rapid Spin|p1a: Scizor
|-resisted|p1a: Scizor
|-damage|p1a: Scizor|191\/281
|-sideend|p2: Feyitomi|Stealth Rock|[from] move: Rapid Spin|[of] p2a: Excadrill
|-damage|p2a: Excadrill|314\/361|[from] item: Life Orb
|move|p1a: Scizor|Superpower|p2a: Excadrill
|-supereffective|p2a: Excadrill
|-damage|p2a: Excadrill|0 fnt
|-unboost|p1a: Scizor|atk|1
|-unboost|p1a: Scizor|def|1
|-damage|p1a: Scizor|163\/281|[from] item: Life Orb
|faint|p2a: Excadrill
|
|-weather|Sandstorm|[upkeep]
|
|switch|p2a: Keldeo-Resolute|Keldeo-Resolute|323\/323
|turn|7
|
|move|p2a: Keldeo-Resolute|Substitute|p2a: Keldeo-Resolute
|-start|p2a: Keldeo-Resolute|Substitute
|-damage|p2a: Keldeo-Resolute|243\/323
|move|p1a: Scizor|Superpower|p2a: Keldeo-Resolute
|-end|p2a: Keldeo-Resolute|Substitute
|-unboost|p1a: Scizor|atk|1
|-unboost|p1a: Scizor|def|1
|-damage|p1a: Scizor|135\/281|[from] item: Life Orb
|
|-weather|Sandstorm|[upkeep]
|-damage|p2a: Keldeo-Resolute|223\/323|[from] sandstorm
|-heal|p2a: Keldeo-Resolute|243\/323|[from] item: Leftovers
|turn|8
|
|switch|p2a: Tyranitar|Tyranitar, M|299\/341
|switch|p1a: Latios|Latios, M|364\/364
|-damage|p1a: Latios|319\/364|[from] Stealth Rock
|
|-weather|Sandstorm|[upkeep]
|-damage|p1a: Latios|297\/364|[from] sandstorm
|turn|9
|
|move|p2a: Tyranitar|Pursuit|p1a: Latios
|-supereffective|p1a: Latios
|-damage|p1a: Latios|121\/364
|move|p1a: Latios|Memento|p2a: Tyranitar
|-unboost|p2a: Tyranitar|atk|2
|-unboost|p2a: Tyranitar|spa|2
|faint|p1a: Latios
|
|-weather|none
|
|switch|p1a: Cloyster|Cloyster, M|247\/247
|-damage|p1a: Cloyster|186\/247|[from] Stealth Rock
|turn|10
|
|switch|p2a: Keldeo-Resolute|Keldeo-Resolute|243\/323
|move|p1a: Cloyster|Shell Smash|p1a: Cloyster
|-boost|p1a: Cloyster|atk|2
|-boost|p1a: Cloyster|spa|2
|-boost|p1a: Cloyster|spe|2
|-unboost|p1a: Cloyster|def|1
|-unboost|p1a: Cloyster|spd|1
|
|-heal|p2a: Keldeo-Resolute|263\/323|[from] item: Leftovers
|turn|11
|
|move|p1a: Cloyster|Icicle Spear|p2a: Keldeo-Resolute
|-resisted|p2a: Keldeo-Resolute
|-damage|p2a: Keldeo-Resolute|224\/323
|-resisted|p2a: Keldeo-Resolute
|-damage|p2a: Keldeo-Resolute|179\/323
|-resisted|p2a: Keldeo-Resolute
|-damage|p2a: Keldeo-Resolute|137\/323
|-resisted|p2a: Keldeo-Resolute
|-damage|p2a: Keldeo-Resolute|97\/323
|-resisted|p2a: Keldeo-Resolute
|-damage|p2a: Keldeo-Resolute|54\/323
|-hitcount|p2a: Keldeo-Resolute|5
|move|p2a: Keldeo-Resolute|Secret Sword|p1a: Cloyster
|-supereffective|p1a: Cloyster
|-damage|p1a: Cloyster|0 fnt
|faint|p1a: Cloyster
|
|-heal|p2a: Keldeo-Resolute|74\/323|[from] item: Leftovers
|
|switch|p1a: Azumarill|Azumarill, M|364\/364
|-damage|p1a: Azumarill|319\/364|[from] Stealth Rock
|turn|12
|
|switch|p2a: Tyranitar|Tyranitar, M|299\/341
|-weather|Sandstorm
|move|p1a: Azumarill|Play Rough|p2a: Tyranitar
|-supereffective|p2a: Tyranitar
|-damage|p2a: Tyranitar|0 fnt
|faint|p2a: Tyranitar
|
|-weather|Sandstorm|[upkeep]
|-damage|p1a: Azumarill|297\/364|[from] sandstorm
|
|switch|p2a: Latios|Latios, M|301\/301
|turn|13
|
|move|p2a: Latios|Psyshock|p1a: Azumarill
|-damage|p1a: Azumarill|62\/364
|-damage|p2a: Latios|271\/301|[from] item: Life Orb
|-enditem|p1a: Azumarill|Sitrus Berry|[eat]
|-heal|p1a: Azumarill|153\/364|[from] item: Sitrus Berry
|move|p1a: Azumarill|Knock Off|p2a: Latios
|-supereffective|p2a: Latios
|-damage|p2a: Latios|0 fnt
|-enditem|p2a: Latios|Life Orb|[from] move: Knock Off|[of] p1a: Azumarill
|faint|p2a: Latios
|
|-weather|Sandstorm|[upkeep]
|-damage|p1a: Azumarill|131\/364|[from] sandstorm
|c|★miasmata|gg
|c|★Feyitomi|gg
|-message|Feyitomi forfeited.
|leave|Feyitomi
|
|win|miasmata
|raw|Ladder updating...
|player|p2
|raw|miasmata's rating: 1814 &rarr; <strong>1824<\/strong><br \/>(+10 for winning)
|raw|Feyitomi's rating: 1612 &rarr; <strong>1603<\/strong><br \/>(-9 for losing)