|join|BeyondBest
|join|Mouzourides
|player|p1|BeyondBest|170
|player|p2|Mouzourides|290
|gametype|singles
|gen|6
|tier|OU
|rated
|clearpoke
|poke|p1|Politoed, F
|poke|p1|Kabutops, F
|poke|p1|Kingdra, M
|poke|p1|Tornadus-Therian, M
|poke|p1|Sharpedo, F
|poke|p1|Infernape, F
|poke|p2|Mamoswine, F
|poke|p2|Manectric, M
|poke|p2|Keldeo
|poke|p2|Landorus-Therian, M
|poke|p2|Gengar, F
|poke|p2|Tyranitar, M
|rule|Swagger Clause: Swagger is banned
|rule|Baton Pass Clause: Limit one Pokémon knowing Baton Pass
|rule|Sleep Clause Mod: Limit one foe put to sleep
|rule|Species Clause: Limit one of each Pokémon
|rule|OHKO Clause: OHKO moves are banned
|rule|Moody Clause: Moody is banned
|rule|Evasion Moves Clause: Evasion moves are banned
|rule|Endless Battle Clause: Forcing endless battles is banned
|rule|HP Percentage Mod: HP is shown in percentages
|teampreview
|
|start
|switch|p1a: Infernape|Infernape, F|294\/294
|switch|p2a: Manectric|Manectric, M|281\/281
|turn|1
|
|switch|p2a: Landorus-Therian|Landorus-Therian, M|320\/320
|-ability|p2a: Landorus-Therian|Intimidate|[of] p1a: Infernape
|-unboost|p1a: Infernape|atk|1
|move|p1a: Infernape|Stealth Rock|p2a: Landorus-Therian
|-sidestart|p2: Mouzourides|move: Stealth Rock
|
|turn|2
|
|switch|p1a: Politoed|Politoed, F|384\/384
|-weather|RainDance
|move|p2a: Landorus-Therian|U-turn|p1a: Politoed
|-damage|p1a: Politoed|273\/384
|
|switch|p2a: Manectric|Manectric, M|281\/281
|-damage|p2a: Manectric|246\/281|[from] Stealth Rock
|
|-weather|RainDance|[upkeep]
|turn|3
|
|switch|p1a: Infernape|Infernape, F|294\/294
|detailschange|p2a: Manectric|Manectric-Mega, M
|message|Manectric has Mega Evolved into Mega Manectric!
|-ability|p2a: Manectric|Intimidate|[of] p1a: Infernape
|-unboost|p1a: Infernape|atk|1
|move|p2a: Manectric|Thunderbolt|p1a: Infernape
|-damage|p1a: Infernape|93\/294
|
|-weather|RainDance|[upkeep]
|turn|4
|
|move|p2a: Manectric|Volt Switch|p1a: Infernape
|-damage|p1a: Infernape|0 fnt
|faint|p1a: Infernape
|
|switch|p2a: Mamoswine|Mamoswine, F|361\/361
|-damage|p2a: Mamoswine|316\/361|[from] Stealth Rock
|
|-weather|RainDance|[upkeep]
|
|switch|p1a: Kingdra|Kingdra, M|292\/292
|turn|5
|
|move|p2a: Mamoswine|Ice Shard|p1a: Kingdra
|-crit|p1a: Kingdra
|-damage|p1a: Kingdra|178\/292
|move|p1a: Kingdra|Surf|p2a: Mamoswine
|-supereffective|p2a: Mamoswine
|-damage|p2a: Mamoswine|0 fnt
|faint|p2a: Mamoswine
|
|-weather|RainDance|[upkeep]
|
|switch|p2a: Keldeo|Keldeo|323\/323
|-damage|p2a: Keldeo|303\/323|[from] Stealth Rock
|turn|6
|
|switch|p1a: Tornadus-Therian|Tornadus-Therian, M|299\/299
|move|p2a: Keldeo|Scald|p1a: Tornadus-Therian
|-damage|p1a: Tornadus-Therian|0 fnt
|faint|p1a: Tornadus-Therian
|
|-weather|RainDance|[upkeep]
|
|switch|p1a: Kingdra|Kingdra, M|178\/292
|turn|7
|
|switch|p2a: Gengar|Gengar, F|262\/262
|-damage|p2a: Gengar|230\/262|[from] Stealth Rock
|move|p1a: Kingdra|Surf|p2a: Gengar
|-damage|p2a: Gengar|0 fnt
|faint|p2a: Gengar
|
|-weather|RainDance|[upkeep]
|
|switch|p2a: Keldeo|Keldeo|303\/323
|-damage|p2a: Keldeo|283\/323|[from] Stealth Rock
|turn|8
|
|move|p1a: Kingdra|Surf|p2a: Keldeo
|-resisted|p2a: Keldeo
|-damage|p2a: Keldeo|118\/323
|move|p2a: Keldeo|Secret Sword|p1a: Kingdra
|-crit|p1a: Kingdra
|-damage|p1a: Kingdra|0 fnt
|faint|p1a: Kingdra
|
|-weather|RainDance|[upkeep]
|
|switch|p1a: Kabutops|Kabutops, F|262\/262
|turn|9
|
|move|p1a: Kabutops|Waterfall|p2a: Keldeo
|-resisted|p2a: Keldeo
|-damage|p2a: Keldeo|0 fnt
|-damage|p1a: Kabutops|236\/262|[from] item: Life Orb
|faint|p2a: Keldeo
|
|-weather|none
|
|switch|p2a: Manectric|Manectric-Mega, M|246\/281
|-damage|p2a: Manectric|211\/281|[from] Stealth Rock
|-ability|p2a: Manectric|Intimidate|[of] p1a: Kabutops
|-unboost|p1a: Kabutops|atk|1
|turn|10
|
|switch|p1a: Politoed|Politoed, F|273\/384
|-weather|RainDance
|move|p2a: Manectric|Thunderbolt|p1a: Politoed
|-supereffective|p1a: Politoed
|-damage|p1a: Politoed|43\/384
|
|-weather|RainDance|[upkeep]
|turn|11
|
|switch|p1a: Sharpedo|Sharpedo, F|282\/282
|move|p2a: Manectric|Volt Switch|p1a: Sharpedo
|-supereffective|p1a: Sharpedo
|-damage|p1a: Sharpedo|0 fnt
|faint|p1a: Sharpedo
|
|switch|p2a: Tyranitar|Tyranitar, M|342\/342
|-damage|p2a: Tyranitar|300\/342|[from] Stealth Rock
|-weather|Sandstorm
|
|-weather|Sandstorm|[upkeep]
|
|switch|p1a: Kabutops|Kabutops, F|236\/262
|turn|12
|
|switch|p2a: Landorus-Therian|Landorus-Therian, M|320\/320
|-damage|p2a: Landorus-Therian|280\/320|[from] Stealth Rock
|-ability|p2a: Landorus-Therian|Intimidate|[of] p1a: Kabutops
|-unboost|p1a: Kabutops|atk|1
|move|p1a: Kabutops|Waterfall|p2a: Landorus-Therian
|-supereffective|p2a: Landorus-Therian
|-damage|p2a: Landorus-Therian|23\/320
|-damage|p1a: Kabutops|210\/262|[from] item: Life Orb
|
|-weather|Sandstorm|[upkeep]
|turn|13
|
|move|p1a: Kabutops|Aqua Jet|p2a: Landorus-Therian
|-supereffective|p2a: Landorus-Therian
|-damage|p2a: Landorus-Therian|0 fnt
|-damage|p1a: Kabutops|184\/262|[from] item: Life Orb
|faint|p2a: Landorus-Therian
|
|-weather|Sandstorm|[upkeep]
|
|switch|p2a: Manectric|Manectric-Mega, M|211\/281
|-damage|p2a: Manectric|176\/281|[from] Stealth Rock
|-ability|p2a: Manectric|Intimidate|[of] p1a: Kabutops
|-unboost|p1a: Kabutops|atk|1
|turn|14
|
|switch|p1a: Politoed|Politoed, F|43\/384
|-weather|RainDance
|move|p2a: Manectric|Thunderbolt|p1a: Politoed
|-supereffective|p1a: Politoed
|-damage|p1a: Politoed|0 fnt
|faint|p1a: Politoed
|
|-weather|RainDance|[upkeep]
|
|switch|p1a: Kabutops|Kabutops, F|184\/262
|turn|15
|
|switch|p2a: Tyranitar|Tyranitar, M|300\/342
|-damage|p2a: Tyranitar|258\/342|[from] Stealth Rock
|-weather|Sandstorm
|move|p1a: Kabutops|Swords Dance|p1a: Kabutops
|-boost|p1a: Kabutops|atk|2
|
|-weather|Sandstorm|[upkeep]
|turn|16
|
|move|p1a: Kabutops|Waterfall|p2a: Tyranitar
|-crit|p2a: Tyranitar
|-supereffective|p2a: Tyranitar
|-damage|p2a: Tyranitar|0 fnt
|-damage|p1a: Kabutops|158\/262|[from] item: Life Orb
|faint|p2a: Tyranitar
|
|-weather|Sandstorm|[upkeep]
|
|switch|p2a: Manectric|Manectric-Mega, M|176\/281
|-damage|p2a: Manectric|141\/281|[from] Stealth Rock
|-ability|p2a: Manectric|Intimidate|[of] p1a: Kabutops
|-unboost|p1a: Kabutops|atk|1
|turn|17
|
|move|p1a: Kabutops|Aqua Jet|p2a: Manectric
|-damage|p2a: Manectric|0 fnt
|-damage|p1a: Kabutops|132\/262|[from] item: Life Orb
|faint|p2a: Manectric
|
|win|BeyondBest
|raw|Ladder updating...
|raw|BeyondBest's rating: 1682 &rarr; <strong>1696<\/strong><br \/>(+14 for winning)
|raw|Mouzourides's rating: 1578 &rarr; <strong>1564<\/strong><br \/>(-14 for losing)
|c|★BeyondBest|gg
|c|★Mouzourides|gg