|join|deoxysrevenge
|join|Mouzourides
|player|p1|deoxysrevenge|170
|player|p2|Mouzourides|290
|gametype|singles
|gen|6
|tier|OU
|rated
|clearpoke
|poke|p1|Politoed, M
|poke|p1|Amoonguss, M
|poke|p1|Magnezone
|poke|p1|Scizor, M
|poke|p1|Dragonite, F
|poke|p1|Tentacruel, M
|poke|p2|Mamoswine, M
|poke|p2|Manectric, F
|poke|p2|Landorus-Therian, M
|poke|p2|Keldeo-Resolute
|poke|p2|Latios, M
|poke|p2|Diggersby, M
|rule|Swagger Clause: Swagger is banned
|rule|Baton Pass Clause: Limit one Pokémon knowing Baton Pass
|rule|Sleep Clause Mod: Limit one foe put to sleep
|rule|Species Clause: Limit one of each Pokémon
|rule|OHKO Clause: OHKO moves are banned
|rule|Moody Clause: Moody is banned
|rule|Evasion Moves Clause: Evasion moves are banned
|rule|Endless Battle Clause: Forcing endless battles is banned
|rule|HP Percentage Mod: HP is shown in percentages
|teampreview
|
|start
|switch|p1a: Amoonguss|Amoonguss, M|432\/432
|switch|p2a: Manectric|Manectric, F|281\/281
|turn|1
|
|detailschange|p2a: Manectric|Manectric-Mega, F
|message|Manectric has Mega Evolved into Mega Manectric!
|-ability|p2a: Manectric|Intimidate|[of] p1a: Amoonguss
|-unboost|p1a: Amoonguss|atk|1
|move|p2a: Manectric|Volt Switch|p1a: Amoonguss
|-resisted|p1a: Amoonguss
|-damage|p1a: Amoonguss|375\/432
|
|switch|p2a: Latios|Latios, M|301\/301
|move|p1a: Amoonguss|Spore|p2a: Latios
|-status|p2a: Latios|slp
|
|-heal|p1a: Amoonguss|402\/432|[from] item: Black Sludge
|turn|2
|
|switch|p1a: Politoed|Politoed, M|384\/384
|-weather|RainDance
|cant|p2a: Latios|slp
|
|-weather|RainDance|[upkeep]
|turn|3
|
|switch|p2a: Keldeo-Resolute|Keldeo-Resolute|323\/323
|move|p1a: Politoed|Hydro Pump|p2a: Keldeo-Resolute
|-resisted|p2a: Keldeo-Resolute
|-damage|p2a: Keldeo-Resolute|110\/323
|
|-weather|RainDance|[upkeep]
|turn|4
|
|switch|p1a: Amoonguss|Amoonguss, M|432\/432
|move|p2a: Keldeo-Resolute|Secret Sword|p1a: Amoonguss
|-resisted|p1a: Amoonguss
|-damage|p1a: Amoonguss|270\/432
|
|-weather|RainDance|[upkeep]
|-heal|p1a: Amoonguss|297\/432|[from] item: Black Sludge
|turn|5
|
|switch|p2a: Latios|Latios, M|301\/301 slp
|move|p1a: Amoonguss|Stun Spore|p2a: Latios
|-fail|p2a: Latios
|
|-weather|RainDance|[upkeep]
|-heal|p1a: Amoonguss|324\/432|[from] item: Black Sludge
|turn|6
|
|switch|p1a: Magnezone|Magnezone|313\/313
|-curestatus|p2a: Latios|slp
|move|p2a: Latios|Psyshock|p1a: Magnezone
|-resisted|p1a: Magnezone
|-damage|p1a: Magnezone|227\/313
|-damage|p2a: Latios|271\/301|[from] item: Life Orb
|
|-weather|none
|-heal|p1a: Magnezone|246\/313|[from] item: Leftovers
|turn|7
|
|switch|p2a: Mamoswine|Mamoswine, M|361\/361
|move|p1a: Magnezone|Substitute|p1a: Magnezone
|-start|p1a: Magnezone|Substitute
|-damage|p1a: Magnezone|168\/313
|
|-heal|p1a: Magnezone|187\/313|[from] item: Leftovers
|turn|8
|
|move|p2a: Mamoswine|Earthquake|p1a: Magnezone
|-supereffective|p1a: Magnezone
|-end|p1a: Magnezone|Substitute
|move|p1a: Magnezone|Flash Cannon|p2a: Mamoswine
|-supereffective|p2a: Mamoswine
|-enditem|p2a: Mamoswine|Focus Sash
|-damage|p2a: Mamoswine|1\/361
|
|-heal|p1a: Magnezone|206\/313|[from] item: Leftovers
|turn|9
|
|switch|p1a: Scizor|Scizor, M|281\/281
|move|p2a: Mamoswine|Endeavor|p1a: Scizor
|-damage|p1a: Scizor|1\/281
|
|turn|10
|
|switch|p2a: Landorus-Therian|Landorus-Therian, M|320\/320
|-ability|p2a: Landorus-Therian|Intimidate|[of] p1a: Scizor
|-unboost|p1a: Scizor|atk|1
|move|p1a: Scizor|Bullet Punch|p2a: Landorus-Therian
|-damage|p2a: Landorus-Therian|187\/320
|
|turn|11
|
|move|p1a: Scizor|Bullet Punch|p2a: Landorus-Therian
|-damage|p2a: Landorus-Therian|48\/320
|move|p2a: Landorus-Therian|U-turn|p1a: Scizor
|-resisted|p1a: Scizor
|-damage|p1a: Scizor|0 fnt
|faint|p1a: Scizor
|
|switch|p2a: Manectric|Manectric-Mega, F|281\/281
|
|
|switch|p1a: Amoonguss|Amoonguss, M|432\/432
|turn|12
|
|move|p2a: Manectric|Volt Switch|p1a: Amoonguss
|-resisted|p1a: Amoonguss
|-damage|p1a: Amoonguss|372\/432
|
|switch|p2a: Latios|Latios, M|271\/301
|move|p1a: Amoonguss|Spore|p2a: Latios
|-status|p2a: Latios|slp
|
|-heal|p1a: Amoonguss|399\/432|[from] item: Black Sludge
|turn|13
|
|switch|p1a: Politoed|Politoed, M|384\/384
|-weather|RainDance
|cant|p2a: Latios|slp
|
|-weather|RainDance|[upkeep]
|turn|14
|
|-curestatus|p2a: Latios|slp
|move|p2a: Latios|Psyshock|p1a: Politoed
|-damage|p1a: Politoed|134\/384
|-damage|p2a: Latios|241\/301|[from] item: Life Orb
|move|p1a: Politoed|Ice Beam|p2a: Latios
|-supereffective|p2a: Latios
|-damage|p2a: Latios|0 fnt
|faint|p2a: Latios
|
|-weather|RainDance|[upkeep]
|
|switch|p2a: Manectric|Manectric-Mega, F|281\/281
|-ability|p2a: Manectric|Intimidate|[of] p1a: Politoed
|-unboost|p1a: Politoed|atk|1
|turn|15
|
|switch|p1a: Amoonguss|Amoonguss, M|432\/432
|move|p2a: Manectric|Volt Switch|p1a: Amoonguss
|-resisted|p1a: Amoonguss
|-damage|p1a: Amoonguss|375\/432
|
|switch|p2a: Diggersby|Diggersby, M|311\/311
|
|-weather|RainDance|[upkeep]
|-heal|p1a: Amoonguss|402\/432|[from] item: Black Sludge
|turn|16
|
|move|p2a: Diggersby|Return|p1a: Amoonguss
|-damage|p1a: Amoonguss|0 fnt
|-damage|p2a: Diggersby|280\/311|[from] item: Life Orb
|faint|p1a: Amoonguss
|
|-weather|RainDance|[upkeep]
|
|switch|p1a: Dragonite|Dragonite, F|386\/386
|turn|17
|
|switch|p2a: Landorus-Therian|Landorus-Therian, M|48\/320
|-ability|p2a: Landorus-Therian|Intimidate|[of] p1a: Dragonite
|-unboost|p1a: Dragonite|atk|1
|move|p1a: Dragonite|Dragon Dance|p1a: Dragonite
|-boost|p1a: Dragonite|atk|1
|-boost|p1a: Dragonite|spe|1
|
|-weather|none
|turn|18
|
|move|p2a: Landorus-Therian|Stone Edge|p1a: Dragonite
|-supereffective|p1a: Dragonite
|-damage|p1a: Dragonite|262\/386
|move|p1a: Dragonite|Dragon Claw|p2a: Landorus-Therian
|-damage|p2a: Landorus-Therian|0 fnt
|faint|p2a: Landorus-Therian
|
|-heal|p1a: Dragonite|286\/386|[from] item: Leftovers
|
|switch|p2a: Mamoswine|Mamoswine, M|1\/361
|turn|19
|
|switch|p1a: Politoed|Politoed, M|134\/384
|-weather|RainDance
|move|p2a: Mamoswine|Ice Shard|p1a: Politoed
|-resisted|p1a: Politoed
|-damage|p1a: Politoed|88\/384
|
|-weather|RainDance|[upkeep]
|turn|20
|
|move|p2a: Mamoswine|Earthquake|p1a: Politoed
|-damage|p1a: Politoed|0 fnt
|faint|p1a: Politoed
|
|-weather|RainDance|[upkeep]
|
|switch|p1a: Tentacruel|Tentacruel, M|363\/363
|turn|21
|
|switch|p2a: Keldeo-Resolute|Keldeo-Resolute|110\/323
|move|p1a: Tentacruel|Scald|p2a: Keldeo-Resolute
|-resisted|p2a: Keldeo-Resolute
|-damage|p2a: Keldeo-Resolute|43\/323
|-status|p2a: Keldeo-Resolute|brn
|
|-weather|RainDance|[upkeep]
|-damage|p2a: Keldeo-Resolute|3\/323 brn|[from] brn
|turn|22
|
|move|p1a: Tentacruel|Protect|p1a: Tentacruel
|-singleturn|p1a: Tentacruel|Protect
|move|p2a: Keldeo-Resolute|Scald|p1a: Tentacruel
|-activate|p1a: Tentacruel|Protect
|
|-weather|RainDance|[upkeep]
|-damage|p2a: Keldeo-Resolute|0 fnt|[from] brn
|faint|p2a: Keldeo-Resolute
|
|switch|p2a: Manectric|Manectric-Mega, F|281\/281
|-ability|p2a: Manectric|Intimidate|[of] p1a: Tentacruel
|-unboost|p1a: Tentacruel|atk|1
|turn|23
|
|move|p2a: Manectric|Thunderbolt|p1a: Tentacruel
|-supereffective|p1a: Tentacruel
|-damage|p1a: Tentacruel|55\/363
|move|p1a: Tentacruel|Scald|p2a: Manectric
|-damage|p2a: Manectric|136\/281
|
|-weather|none
|-heal|p1a: Tentacruel|77\/363|[from] item: Black Sludge
|turn|24
|
|move|p1a: Tentacruel|Protect|p1a: Tentacruel
|-singleturn|p1a: Tentacruel|Protect
|move|p2a: Manectric|Thunderbolt|p1a: Tentacruel
|-activate|p1a: Tentacruel|Protect
|
|-heal|p1a: Tentacruel|99\/363|[from] item: Black Sludge
|turn|25
|
|switch|p1a: Magnezone|Magnezone|206\/313
|move|p2a: Manectric|Thunderbolt|p1a: Magnezone
|-resisted|p1a: Magnezone
|-damage|p1a: Magnezone|118\/313
|
|-heal|p1a: Magnezone|137\/313|[from] item: Leftovers
|turn|26
|
|move|p2a: Manectric|Overheat|p1a: Magnezone
|-crit|p1a: Magnezone
|-supereffective|p1a: Magnezone
|-damage|p1a: Magnezone|0 fnt
|-unboost|p2a: Manectric|spa|2
|faint|p1a: Magnezone
|
|
|switch|p1a: Dragonite|Dragonite, F|286\/386
|turn|27
|
|move|p2a: Manectric|Hidden Power|p1a: Dragonite
|-supereffective|p1a: Dragonite
|-damage|p1a: Dragonite|126\/386
|move|p1a: Dragonite|Roost|p1a: Dragonite
|-heal|p1a: Dragonite|319\/386
|
|-heal|p1a: Dragonite|343\/386|[from] item: Leftovers
|turn|28
|
|move|p2a: Manectric|Volt Switch|p1a: Dragonite
|-damage|p1a: Dragonite|283\/386
|
|switch|p2a: Mamoswine|Mamoswine, M|1\/361
|move|p1a: Dragonite|Roost|p1a: Dragonite
|-heal|p1a: Dragonite|386\/386
|
|turn|29
|
|switch|p1a: Tentacruel|Tentacruel, M|99\/363
|move|p2a: Mamoswine|Ice Shard|p1a: Tentacruel
|-resisted|p1a: Tentacruel
|-damage|p1a: Tentacruel|64\/363
|
|-heal|p1a: Tentacruel|86\/363|[from] item: Black Sludge
|turn|30
|
|move|p2a: Mamoswine|Stealth Rock|p1a: Tentacruel
|-sidestart|p1: deoxysrevenge|move: Stealth Rock
|move|p1a: Tentacruel|Scald|p2a: Mamoswine
|-supereffective|p2a: Mamoswine
|-damage|p2a: Mamoswine|0 fnt
|faint|p2a: Mamoswine
|
|-heal|p1a: Tentacruel|108\/363|[from] item: Black Sludge
|
|switch|p2a: Manectric|Manectric-Mega, F|136\/281
|-ability|p2a: Manectric|Intimidate|[of] p1a: Tentacruel
|-unboost|p1a: Tentacruel|atk|1
|turn|31
|
|move|p1a: Tentacruel|Protect|p1a: Tentacruel
|-singleturn|p1a: Tentacruel|Protect
|move|p2a: Manectric|Thunderbolt|p1a: Tentacruel
|-activate|p1a: Tentacruel|Protect
|
|-heal|p1a: Tentacruel|130\/363|[from] item: Black Sludge
|turn|32
|
|move|p2a: Manectric|Thunderbolt|p1a: Tentacruel
|-supereffective|p1a: Tentacruel
|-damage|p1a: Tentacruel|0 fnt
|faint|p1a: Tentacruel
|
|
|switch|p1a: Dragonite|Dragonite, F|386\/386
|-damage|p1a: Dragonite|290\/386|[from] Stealth Rock
|turn|33
|
|move|p2a: Manectric|Hidden Power|p1a: Dragonite
|-supereffective|p1a: Dragonite
|-damage|p1a: Dragonite|0 fnt
|faint|p1a: Dragonite
|
|win|Mouzourides
|raw|Ladder updating...
|c|★Mouzourides|gg
|c|★deoxysrevenge|gg
|leave|deoxysrevenge
|player|p1
|raw|Ladder (probably) updated, but score could not be retrieved (timeout).
|raw|Ladder (probably) updated, but score could not be retrieved (Error: socket hang up).