|join|SuckerforMetal
|join|Xenium
|player|p1|SuckerforMetal|101
|player|p2|Xenium|4
|gametype|singles
|gen|6
|tier|OU
|rated
|clearpoke
|poke|p1|Gengar, M, shiny
|poke|p1|Hydreigon, M
|poke|p1|Scizor, F
|poke|p1|Starmie
|poke|p1|Lopunny, M, shiny
|poke|p1|Gliscor, F
|poke|p2|Metagross
|poke|p2|Tyranitar, F
|poke|p2|Infernape, M
|poke|p2|Gliscor, F
|poke|p2|Azumarill, F
|poke|p2|Serperior, F
|rule|Swagger Clause: Swagger is banned
|rule|Baton Pass Clause: Limit one Pokémon knowing Baton Pass
|rule|Sleep Clause Mod: Limit one foe put to sleep
|rule|Species Clause: Limit one of each Pokémon
|rule|OHKO Clause: OHKO moves are banned
|rule|Moody Clause: Moody is banned
|rule|Evasion Moves Clause: Evasion moves are banned
|rule|Endless Battle Clause: Forcing endless battles is banned
|rule|HP Percentage Mod: HP is shown in percentages
|teampreview
|
|start
|switch|p1a: Lopunny|Lopunny, M, shiny|271\/271
|switch|p2a: Infernape|Infernape, M|345\/345
|turn|1
|
|detailschange|p1a: Lopunny|Lopunny-Mega, M, shiny
|-mega|p1a: Lopunny|Lopunny|Lopunnite
|move|p1a: Lopunny|Fake Out|p2a: Infernape
|-damage|p2a: Infernape|242\/345
|cant|p2a: Infernape|flinch
|
|-heal|p2a: Infernape|263\/345|[from] item: Leftovers
|turn|2
|
|switch|p2a: Tyranitar|Tyranitar, F|341\/341
|-weather|Sandstorm
|move|p1a: Lopunny|Return|p2a: Tyranitar
|-resisted|p2a: Tyranitar
|-damage|p2a: Tyranitar|249\/341
|
|-weather|Sandstorm|[upkeep]
|-damage|p1a: Lopunny|255\/271|[from] sandstorm
|turn|3
|
|switch|p2a: Gliscor|Gliscor, F|353\/353
|move|p1a: Lopunny|High Jump Kick|p2a: Gliscor|[miss]
|-miss|p1a: Lopunny|p2a: Gliscor
|-damage|p1a: Lopunny|120\/271|[from] highjumpkick
|
|-weather|Sandstorm|[upkeep]
|-damage|p1a: Lopunny|104\/271|[from] sandstorm
|-status|p2a: Gliscor|tox|[from] item: Toxic Orb
|turn|4
|
|switch|p2a: Metagross|Metagross|309\/309
|move|p1a: Lopunny|Ice Punch|p2a: Metagross
|-resisted|p2a: Metagross
|-damage|p2a: Metagross|270\/309
|
|-weather|Sandstorm|[upkeep]
|-damage|p1a: Lopunny|88\/271|[from] sandstorm
|turn|5
|
|switch|p1a: Starmie|Starmie|261\/261
|detailschange|p2a: Metagross|Metagross-Mega
|-mega|p2a: Metagross|Metagross|Metagrossite
|move|p2a: Metagross|Meteor Mash|p1a: Starmie
|-resisted|p1a: Starmie
|-damage|p1a: Starmie|113\/261
|
|-weather|Sandstorm|[upkeep]
|-damage|p1a: Starmie|97\/261|[from] sandstorm
|turn|6
|
|switch|p2a: Azumarill|Azumarill, F|357\/357
|move|p1a: Starmie|Hydro Pump|p2a: Azumarill
|-crit|p2a: Azumarill
|-resisted|p2a: Azumarill
|-damage|p2a: Azumarill|126\/357
|
|-weather|none
|turn|7
|
|switch|p1a: Scizor|Scizor, F|337\/337
|move|p2a: Azumarill|Aqua Jet|p1a: Scizor
|-crit|p1a: Scizor
|-damage|p1a: Scizor|132\/337
|
|turn|8
|
|switch|p2a: Infernape|Infernape, M|263\/345
|move|p1a: Scizor|Bullet Punch|p2a: Infernape
|-resisted|p2a: Infernape
|-damage|p2a: Infernape|145\/345
|
|-heal|p2a: Infernape|166\/345|[from] item: Leftovers
|turn|9
|
|switch|p1a: Gengar|Gengar, M, shiny|259\/259
|move|p2a: Infernape|Slack Off|p2a: Infernape
|-heal|p2a: Infernape|339\/345
|
|-heal|p2a: Infernape|345\/345|[from] item: Leftovers
|turn|10
|
|move|p1a: Gengar|Sludge Wave|p2a: Infernape
|-damage|p2a: Infernape|140\/345
|move|p2a: Infernape|Stealth Rock|p1a: Gengar
|-sidestart|p1: SuckerforMetal|move: Stealth Rock
|
|-heal|p2a: Infernape|161\/345|[from] item: Leftovers
|turn|11
|
|switch|p2a: Tyranitar|Tyranitar, F|249\/341
|-weather|Sandstorm
|move|p1a: Gengar|Substitute|p1a: Gengar
|-start|p1a: Gengar|Substitute
|-damage|p1a: Gengar|195\/259
|
|-weather|Sandstorm|[upkeep]
|-damage|p1a: Gengar|179\/259|[from] sandstorm
|-heal|p1a: Gengar|195\/259|[from] item: Black Sludge
|turn|12
|
|switch|p2a: Gliscor|Gliscor, F|353\/353 tox
|move|p1a: Gengar|Will-O-Wisp|p2a: Gliscor
|-fail|p2a: Gliscor
|
|-weather|Sandstorm|[upkeep]
|-damage|p1a: Gengar|179\/259|[from] sandstorm
|-heal|p1a: Gengar|195\/259|[from] item: Black Sludge
|turn|13
|
|move|p1a: Gengar|Hex|p2a: Gliscor
|-crit|p2a: Gliscor
|-damage|p2a: Gliscor|46\/353 tox
|move|p2a: Gliscor|Knock Off|p1a: Gengar
|-supereffective|p1a: Gengar
|-end|p1a: Gengar|Substitute
|
|-weather|Sandstorm|[upkeep]
|-damage|p1a: Gengar|179\/259|[from] sandstorm
|-heal|p1a: Gengar|195\/259|[from] item: Black Sludge
|-heal|p2a: Gliscor|90\/353 tox|[from] ability: Poison Heal
|turn|14
|c|★Xenium|come on bro
|
|switch|p2a: Tyranitar|Tyranitar, F|249\/341
|move|p1a: Gengar|Hex|p2a: Tyranitar
|-resisted|p2a: Tyranitar
|-damage|p2a: Tyranitar|213\/341
|
|-weather|Sandstorm|[upkeep]
|-damage|p1a: Gengar|179\/259|[from] sandstorm
|-heal|p1a: Gengar|195\/259|[from] item: Black Sludge
|turn|15
|
|move|p2a: Tyranitar|Pursuit|p1a: Gengar|[from]Pursuit
|-supereffective|p1a: Gengar
|-damage|p1a: Gengar|0 fnt
|faint|p1a: Gengar
|
|-weather|none
|
|switch|p1a: Gliscor|Gliscor, F|352\/352
|-damage|p1a: Gliscor|308\/352|[from] Stealth Rock
|turn|16
|
|switch|p2a: Gliscor|Gliscor, F|90\/353 tox
|move|p1a: Gliscor|Stealth Rock|p2a: Gliscor
|-sidestart|p2: Xenium|move: Stealth Rock
|
|-heal|p2a: Gliscor|134\/353 tox|[from] ability: Poison Heal
|-status|p1a: Gliscor|tox|[from] item: Toxic Orb
|turn|17
|
|switch|p1a: Starmie|Starmie|97\/261
|-damage|p1a: Starmie|65\/261|[from] Stealth Rock
|move|p2a: Gliscor|Roost|p2a: Gliscor
|-heal|p2a: Gliscor|311\/353 tox
|
|-heal|p2a: Gliscor|353\/353 tox|[from] ability: Poison Heal
|turn|18
|
|switch|p2a: Tyranitar|Tyranitar, F|213\/341
|-damage|p2a: Tyranitar|171\/341|[from] Stealth Rock
|-weather|Sandstorm
|move|p1a: Starmie|Hydro Pump|p2a: Tyranitar
|-supereffective|p2a: Tyranitar
|-damage|p2a: Tyranitar|0 fnt
|faint|p2a: Tyranitar
|
|-weather|Sandstorm|[upkeep]
|-damage|p1a: Starmie|49\/261|[from] sandstorm
|
|switch|p2a: Azumarill|Azumarill, F|126\/357
|-damage|p2a: Azumarill|82\/357|[from] Stealth Rock
|turn|19
|
|move|p1a: Starmie|Hydro Pump|p2a: Azumarill
|-resisted|p2a: Azumarill
|-damage|p2a: Azumarill|0 fnt
|faint|p2a: Azumarill
|
|-weather|Sandstorm|[upkeep]
|-damage|p1a: Starmie|33\/261|[from] sandstorm
|c|★Xenium|dude, r u retarded or something?
|c|★Xenium|holy shit
|
|switch|p2a: Serperior|Serperior, F|291\/291
|-damage|p2a: Serperior|255\/291|[from] Stealth Rock
|turn|20
|c|★SuckerforMetal|Yes
|c|★Xenium|ok, makes sense
|c|★Xenium|cuz god u can't play this game for ballsack
|c|★SuckerforMetal|Why would switch? Gonna die from sr anyway
|c|★Xenium|...
|c|★Xenium|yes, u die at 19%
|
|move|p1a: Starmie|Hydro Pump|p2a: Serperior
|-crit|p2a: Serperior
|-resisted|p2a: Serperior
|-damage|p2a: Serperior|48\/291
|move|p2a: Serperior|Giga Drain|p1a: Starmie
|-supereffective|p1a: Starmie
|-damage|p1a: Starmie|0 fnt
|-heal|p2a: Serperior|65\/291|[from] drain|[of] p1a: Starmie
|-damage|p2a: Serperior|36\/291|[from] item: Life Orb
|faint|p1a: Starmie
|
|-weather|Sandstorm|[upkeep]
|-damage|p2a: Serperior|18\/291|[from] sandstorm
|c|★Xenium|u get a spin at at least 2-3 of my mons
|c|★Xenium|wow
|c|★Xenium|i seriously hate the ladder, i get nothing but dumbfucks like urself
|c|★Xenium|who don't think about things
|c|★Xenium|just randomly click buttons
|c|★Xenium|sigh
|c|★SuckerforMetal|Fuck you asshole
|c|★Xenium|umad?
|
|switch|p1a: Scizor|Scizor, F|132\/337
|-damage|p1a: Scizor|90\/337|[from] Stealth Rock
|turn|21
|
|move|p1a: Scizor|Bullet Punch|p2a: Serperior
|-damage|p2a: Serperior|0 fnt
|faint|p2a: Serperior
|
|-weather|Sandstorm|[upkeep]
|
|switch|p2a: Metagross|Metagross-Mega|270\/309
|-damage|p2a: Metagross|251\/309|[from] Stealth Rock
|turn|22
|
|move|p1a: Scizor|Bullet Punch|p2a: Metagross
|-resisted|p2a: Metagross
|-damage|p2a: Metagross|194\/309
|move|p2a: Metagross|Agility|p2a: Metagross
|-boost|p2a: Metagross|spe|2
|
|-weather|none
|turn|23
|
|move|p1a: Scizor|Bullet Punch|p2a: Metagross
|-resisted|p2a: Metagross
|-damage|p2a: Metagross|133\/309
|move|p2a: Metagross|Meteor Mash|p1a: Scizor
|-resisted|p1a: Scizor
|-damage|p1a: Scizor|0 fnt
|-boost|p2a: Metagross|atk|1
|faint|p1a: Scizor
|
|
|switch|p1a: Gliscor|Gliscor, F|308\/352 tox
|-damage|p1a: Gliscor|264\/352 tox|[from] Stealth Rock
|turn|24
|c|★Xenium|hurry up dumbfuck
|c|★Xenium|not that hard to click EQ
|c|★SuckerforMetal|Dude chilout
|
|move|p2a: Metagross|Meteor Mash|p1a: Gliscor
|-damage|p1a: Gliscor|0 fnt
|faint|p1a: Gliscor
|
|c|★Xenium|gg
|c|★SuckerforMetal|I think I'm going to report you
|c|★Xenium|go for it
|c|★Xenium|idc
|c|★SuckerforMetal|So why you mad
|
|switch|p1a: Hydreigon|Hydreigon, M|325\/325
|-damage|p1a: Hydreigon|285\/325|[from] Stealth Rock
|turn|25
|c|★Xenium|i just hate playign against people who don't think about things
|c|★Xenium|like, it's so simple
|c|★Xenium|and people make it hard on themselves
|c|★Xenium|but ok
|
|move|p2a: Metagross|Hammer Arm|p1a: Hydreigon
|-crit|p1a: Hydreigon
|-supereffective|p1a: Hydreigon
|-damage|p1a: Hydreigon|0 fnt
|-unboost|p2a: Metagross|spe|1
|faint|p1a: Hydreigon
|
|c|★SuckerforMetal|I predicted.your aqua jet smart ass
|
|switch|p1a: Lopunny|Lopunny-Mega, M, shiny|88\/271
|-damage|p1a: Lopunny|72\/271|[from] Stealth Rock
|turn|26
|c|★Xenium|yeah u "predicted"
|c|★Xenium|g4u
|c|★SuckerforMetal|Lol
|c|★Xenium|now pray i miss zen headbutt
|c|★Xenium|hf
|
|move|p2a: Metagross|Zen Headbutt|p1a: Lopunny
|-supereffective|p1a: Lopunny
|-damage|p1a: Lopunny|0 fnt
|faint|p1a: Lopunny
|
|win|Xenium
|raw|Ladder updating...
|raw|SuckerforMetal's rating: 1654 &rarr; <strong>1629<\/strong><br \/>(-25 for losing)
|raw|Xenium's rating: 1570 &rarr; <strong>1595<\/strong><br \/>(+25 for winning)
|leave|Xenium
|player|p2