|join|Level 56
|join|OTRTVC
|player|p1|Level 56|275
|player|p2|OTRTVC|290
|gametype|singles
|gen|6
|tier|OU
|rated
|clearpoke
|poke|p1|Metagross
|poke|p1|Keldeo-Resolute
|poke|p1|Dragonite, F
|poke|p1|Infernape, F
|poke|p1|Thundurus, M
|poke|p1|Bisharp, F
|poke|p2|Tyranitar, M, shiny
|poke|p2|Excadrill, M, shiny
|poke|p2|Latias, F, shiny
|poke|p2|Greninja, M, shiny
|poke|p2|Landorus, M, shiny
|poke|p2|Charizard, F, shiny
|rule|Swagger Clause: Swagger is banned
|rule|Baton Pass Clause: Limit one Pokémon knowing Baton Pass
|rule|Sleep Clause Mod: Limit one foe put to sleep
|rule|Species Clause: Limit one of each Pokémon
|rule|OHKO Clause: OHKO moves are banned
|rule|Moody Clause: Moody is banned
|rule|Evasion Moves Clause: Evasion moves are banned
|rule|Endless Battle Clause: Forcing endless battles is banned
|rule|HP Percentage Mod: HP is shown in percentages
|teampreview
|
|start
|switch|p1a: Metagross|Metagross|302\/302
|switch|p2a: Tyranitar|Tyranitar, M, shiny|404\/404
|-weather|Sandstorm
|turn|1
|
|switch|p2a: Charizard|Charizard, F, shiny|297\/297
|detailschange|p1a: Metagross|Metagross-Mega
|message|Metagross has Mega Evolved into Mega Metagross!
|move|p1a: Metagross|Meteor Mash|p2a: Charizard
|-resisted|p2a: Charizard
|-damage|p2a: Charizard|152\/297
|
|-weather|Sandstorm|[upkeep]
|-damage|p2a: Charizard|134\/297|[from] sandstorm
|turn|2
|
|switch|p1a: Keldeo-Resolute|Keldeo-Resolute|323\/323
|detailschange|p2a: Charizard|Charizard-Mega-X, F, shiny
|message|Charizard has Mega Evolved into Mega Charizard!
|move|p2a: Charizard|Roost|p2a: Charizard
|-heal|p2a: Charizard|283\/297
|
|-weather|Sandstorm|[upkeep]
|-damage|p1a: Keldeo-Resolute|303\/323|[from] sandstorm
|-damage|p2a: Charizard|265\/297|[from] sandstorm
|turn|3
|join|Liloo
|
|switch|p2a: Latias|Latias, F, shiny|301\/301
|move|p1a: Keldeo-Resolute|Scald|p2a: Latias
|-resisted|p2a: Latias
|-damage|p2a: Latias|212\/301
|-status|p2a: Latias|brn
|
|-weather|Sandstorm|[upkeep]
|-damage|p2a: Latias|194\/301 brn|[from] sandstorm
|-damage|p1a: Keldeo-Resolute|283\/323|[from] sandstorm
|-damage|p2a: Latias|157\/301 brn|[from] brn
|turn|4
|
|switch|p2a: Charizard|Charizard-Mega-X, F, shiny|265\/297
|switch|p1a: Metagross|Metagross-Mega|302\/302
|
|-weather|Sandstorm|[upkeep]
|-damage|p2a: Charizard|247\/297|[from] sandstorm
|turn|5
|leave|Liloo
|
|switch|p1a: Infernape|Infernape, F|293\/293
|move|p2a: Charizard|Dragon Dance|p2a: Charizard
|-boost|p2a: Charizard|atk|1
|-boost|p2a: Charizard|spe|1
|
|-weather|Sandstorm|[upkeep]
|-damage|p2a: Charizard|229\/297|[from] sandstorm
|-damage|p1a: Infernape|275\/293|[from] sandstorm
|turn|6
|
|move|p2a: Charizard|Dragon Dance|p2a: Charizard
|-boost|p2a: Charizard|atk|1
|-boost|p2a: Charizard|spe|1
|move|p1a: Infernape|Stealth Rock|p2a: Charizard
|-sidestart|p2: OTRTVC|move: Stealth Rock
|
|-weather|Sandstorm|[upkeep]
|-damage|p2a: Charizard|211\/297|[from] sandstorm
|-damage|p1a: Infernape|257\/293|[from] sandstorm
|turn|7
|
|move|p1a: Infernape|Vacuum Wave|p2a: Charizard
|-damage|p2a: Charizard|136\/297
|move|p2a: Charizard|Outrage|p1a: Infernape
|-damage|p1a: Infernape|0 fnt
|faint|p1a: Infernape
|
|-weather|Sandstorm|[upkeep]
|-damage|p2a: Charizard|118\/297|[from] sandstorm
|
|switch|p1a: Bisharp|Bisharp, F|272\/272
|turn|8
|
|move|p1a: Bisharp|Sucker Punch|p2a: Charizard
|-damage|p2a: Charizard|0 fnt
|-damage|p1a: Bisharp|245\/272|[from] item: Life Orb
|faint|p2a: Charizard
|
|-weather|none
|
|switch|p2a: Greninja|Greninja, M, shiny|285\/285
|-damage|p2a: Greninja|250\/285|[from] Stealth Rock
|turn|9
|
|switch|p2a: Tyranitar|Tyranitar, M, shiny|404\/404
|-damage|p2a: Tyranitar|354\/404|[from] Stealth Rock
|-weather|Sandstorm
|switch|p1a: Dragonite|Dragonite, F|324\/324
|
|-weather|Sandstorm|[upkeep]
|-damage|p1a: Dragonite|304\/324|[from] sandstorm
|turn|10
|
|move|p1a: Dragonite|Earthquake|p2a: Tyranitar
|-supereffective|p2a: Tyranitar
|-damage|p2a: Tyranitar|10\/404
|move|p2a: Tyranitar|Stealth Rock|p1a: Dragonite
|-sidestart|p1: Level 56|move: Stealth Rock
|
|-weather|Sandstorm|[upkeep]
|-damage|p1a: Dragonite|284\/324|[from] sandstorm
|turn|11
|
|switch|p1a: Metagross|Metagross-Mega|302\/302
|-damage|p1a: Metagross|284\/302|[from] Stealth Rock
|switch|p2a: Landorus|Landorus, M, shiny|345\/345
|-damage|p2a: Landorus|302\/345|[from] Stealth Rock
|
|-weather|Sandstorm|[upkeep]
|turn|12
|
|switch|p1a: Thundurus|Thundurus, M|299\/299
|-damage|p1a: Thundurus|225\/299|[from] Stealth Rock
|move|p2a: Landorus|Earth Power|p1a: Thundurus
|-immune|p1a: Thundurus|[msg]
|
|-weather|Sandstorm|[upkeep]
|-damage|p1a: Thundurus|207\/299|[from] sandstorm
|turn|13
|
|switch|p2a: Latias|Latias, F, shiny|157\/301 brn
|-damage|p2a: Latias|120\/301 brn|[from] Stealth Rock
|move|p1a: Thundurus|Hidden Power|p2a: Latias
|-supereffective|p2a: Latias
|-damage|p2a: Latias|0 fnt
|-damage|p1a: Thundurus|178\/299|[from] item: Life Orb
|faint|p2a: Latias
|
|-weather|Sandstorm|[upkeep]
|-damage|p1a: Thundurus|160\/299|[from] sandstorm
|
|switch|p2a: Excadrill|Excadrill, M, shiny|361\/361
|-damage|p2a: Excadrill|350\/361|[from] Stealth Rock
|turn|14
|
|move|p2a: Excadrill|Rock Slide|p1a: Thundurus
|-crit|p1a: Thundurus
|-supereffective|p1a: Thundurus
|-damage|p1a: Thundurus|0 fnt
|-damage|p2a: Excadrill|314\/361|[from] item: Life Orb
|faint|p1a: Thundurus
|
|-weather|Sandstorm|[upkeep]
|
|switch|p1a: Bisharp|Bisharp, F|245\/272
|-damage|p1a: Bisharp|228\/272|[from] Stealth Rock
|turn|15
|
|move|p1a: Bisharp|Sucker Punch|p2a: Excadrill
|-damage|p2a: Excadrill|41\/361
|-damage|p1a: Bisharp|201\/272|[from] item: Life Orb
|move|p2a: Excadrill|Earthquake|p1a: Bisharp
|-supereffective|p1a: Bisharp
|-damage|p1a: Bisharp|0 fnt
|-damage|p2a: Excadrill|5\/361|[from] item: Life Orb
|faint|p1a: Bisharp
|
|-weather|Sandstorm|[upkeep]
|
|switch|p1a: Metagross|Metagross-Mega|284\/302
|-damage|p1a: Metagross|266\/302|[from] Stealth Rock
|turn|16
|
|move|p1a: Metagross|Bullet Punch|p2a: Excadrill
|-resisted|p2a: Excadrill
|-damage|p2a: Excadrill|0 fnt
|faint|p2a: Excadrill
|
|-weather|none
|join|Exiline
|
|switch|p2a: Greninja|Greninja, M, shiny|250\/285
|-damage|p2a: Greninja|215\/285|[from] Stealth Rock
|turn|17
|
|move|p1a: Metagross|Bullet Punch|p2a: Greninja
|-resisted|p2a: Greninja
|-damage|p2a: Greninja|146\/285
|move|p2a: Greninja|Dark Pulse|p1a: Metagross
|-start|p2a: Greninja|typechange|Dark|[from] Protean
|-supereffective|p1a: Metagross
|-damage|p1a: Metagross|0 fnt
|-damage|p2a: Greninja|118\/285|[from] item: Life Orb
|faint|p1a: Metagross
|
|
|switch|p1a: Dragonite|Dragonite, F|284\/324
|-damage|p1a: Dragonite|203\/324|[from] Stealth Rock
|turn|18
|
|switch|p2a: Tyranitar|Tyranitar, M, shiny|10\/404
|-damage|p2a: Tyranitar|0 fnt|[from] Stealth Rock
|faint|p2a: Tyranitar
|move|p1a: Dragonite|Extreme Speed|p2: Tyranitar|[notarget]
|-notarget
|
|
|switch|p2a: Landorus|Landorus, M, shiny|302\/345
|-damage|p2a: Landorus|259\/345|[from] Stealth Rock
|turn|19
|join|Lucario powa
|leave|Lucario powa
|
|move|p1a: Dragonite|Extreme Speed|p2a: Landorus
|-damage|p2a: Landorus|76\/345
|move|p2a: Landorus|Psychic|p1a: Dragonite
|-damage|p1a: Dragonite|28\/324
|
|turn|20
|-message|OTRTVC forfeited.
|
|win|Level 56
|raw|Ladder updating...
|leave|OTRTVC
|player|p2
|raw|Level 56's rating: 1936 &rarr; <strong>1947<\/strong><br \/>(+11 for winning)
|raw|OTRTVC's rating: 1767 &rarr; <strong>1756<\/strong><br \/>(-11 for losing)
|leave|Exiline