|join|OTRTVC
|join|WerryDuJoohp
|player|p1|OTRTVC|290
|player|p2|WerryDuJoohp|157
|gametype|singles
|gen|6
|tier|OU
|rated
|clearpoke
|poke|p1|Keldeo-Resolute, shiny
|poke|p1|Bisharp, M, shiny
|poke|p1|Charizard, F, shiny
|poke|p1|Landorus, M, shiny
|poke|p1|Starmie, shiny
|poke|p1|Thundurus, M, shiny
|poke|p2|Metagross, shiny
|poke|p2|Infernape, F, shiny
|poke|p2|Dragonite, F, shiny
|poke|p2|Thundurus, M, shiny
|poke|p2|Keldeo-Resolute, shiny
|poke|p2|Bisharp, F, shiny
|rule|Swagger Clause: Swagger is banned
|rule|Baton Pass Clause: Limit one Pokémon knowing Baton Pass
|rule|Sleep Clause Mod: Limit one foe put to sleep
|rule|Species Clause: Limit one of each Pokémon
|rule|OHKO Clause: OHKO moves are banned
|rule|Moody Clause: Moody is banned
|rule|Evasion Moves Clause: Evasion moves are banned
|rule|Endless Battle Clause: Forcing endless battles is banned
|rule|HP Percentage Mod: HP is shown in percentages
|teampreview
|
|start
|switch|p1a: Landorus|Landorus, M, shiny|319\/319
|switch|p2a: Wukong|Infernape, F, shiny|293\/293
|turn|1
|
|move|p2a: Wukong|Stealth Rock|p1a: Landorus
|-sidestart|p1: OTRTVC|move: Stealth Rock
|move|p1a: Landorus|Stealth Rock|p2a: Wukong
|-sidestart|p2: WerryDuJoohp|move: Stealth Rock
|
|turn|2
|
|switch|p2a: Ranger|Bisharp, F, shiny|271\/271
|-damage|p2a: Ranger|255\/271|[from] Stealth Rock
|switch|p1a: Starmie|Starmie, shiny|261\/261
|-damage|p1a: Starmie|229\/261|[from] Stealth Rock
|
|turn|3
|
|switch|p1a: Keldeo-Resolute|Keldeo-Resolute, shiny|329\/329
|-damage|p1a: Keldeo-Resolute|309\/329|[from] Stealth Rock
|move|p2a: Ranger|Knock Off|p1a: Keldeo-Resolute
|-resisted|p1a: Keldeo-Resolute
|-damage|p1a: Keldeo-Resolute|183\/329
|-boost|p1a: Keldeo-Resolute|atk|1|[from] ability: Justified
|-enditem|p1a: Keldeo-Resolute|Choice Scarf|[from] move: Knock Off|[of] p2a: Ranger
|
|turn|4
|
|switch|p2a: Unilion|Keldeo-Resolute, shiny|323\/323
|-damage|p2a: Unilion|303\/323|[from] Stealth Rock
|move|p1a: Keldeo-Resolute|Scald|p2a: Unilion
|-crit|p2a: Unilion
|-resisted|p2a: Unilion
|-damage|p2a: Unilion|168\/323
|
|turn|5
|
|move|p2a: Unilion|Hidden Power|p1a: Keldeo-Resolute
|-supereffective|p1a: Keldeo-Resolute
|-damage|p1a: Keldeo-Resolute|0 fnt
|faint|p1a: Keldeo-Resolute
|
|
|switch|p1a: Landorus|Landorus, M, shiny|319\/319
|-damage|p1a: Landorus|280\/319|[from] Stealth Rock
|turn|6
|
|switch|p2a: Whiplash|Thundurus, M, shiny|299\/299
|-damage|p2a: Whiplash|225\/299|[from] Stealth Rock
|move|p1a: Landorus|Psychic|p2a: Whiplash
|-damage|p2a: Whiplash|0 fnt
|faint|p2a: Whiplash
|
|
|switch|p2a: Unilion|Keldeo-Resolute, shiny|168\/323
|-damage|p2a: Unilion|148\/323|[from] Stealth Rock
|turn|7
|
|switch|p1a: Starmie|Starmie, shiny|229\/261
|-damage|p1a: Starmie|197\/261|[from] Stealth Rock
|move|p2a: Unilion|Scald|p1a: Starmie
|-resisted|p1a: Starmie
|-damage|p1a: Starmie|72\/261
|
|turn|8
|
|switch|p2a: Denver|Dragonite, F, shiny|323\/323
|-damage|p2a: Denver|243\/323|[from] Stealth Rock
|move|p1a: Starmie|Rapid Spin|p2a: Denver
|-damage|p2a: Denver|226\/323
|-sideend|p1: OTRTVC|Stealth Rock|[from] move: Rapid Spin|[of] p1a: Starmie
|-damage|p1a: Starmie|46\/261|[from] item: Life Orb
|
|turn|9
|
|move|p2a: Denver|Extreme Speed|p1a: Starmie
|-damage|p1a: Starmie|0 fnt
|faint|p1a: Starmie
|
|
|switch|p1a: Bisharp|Bisharp, M, shiny|271\/271
|turn|10
|
|move|p2a: Denver|Earthquake|p1a: Bisharp
|-supereffective|p1a: Bisharp
|-damage|p1a: Bisharp|5\/271
|move|p1a: Bisharp|Pursuit|p2a: Denver
|-damage|p2a: Denver|145\/323
|
|turn|11
|
|move|p2a: Denver|Extreme Speed|p1a: Bisharp
|-resisted|p1a: Bisharp
|-damage|p1a: Bisharp|0 fnt
|faint|p1a: Bisharp
|
|
|switch|p1a: Thundurus|Thundurus, M, shiny|299\/299
|turn|12
|
|move|p2a: Denver|Extreme Speed|p1a: Thundurus
|-damage|p1a: Thundurus|151\/299
|move|p1a: Thundurus|Hidden Power|p2a: Denver
|-supereffective|p2a: Denver
|-damage|p2a: Denver|0 fnt
|-damage|p1a: Thundurus|122\/299|[from] item: Life Orb
|faint|p2a: Denver
|
|
|switch|p2a: Wukong|Infernape, F, shiny|293\/293
|-damage|p2a: Wukong|257\/293|[from] Stealth Rock
|turn|13
|
|move|p1a: Thundurus|Thunderbolt|p2a: Wukong
|-damage|p2a: Wukong|6\/293
|-damage|p1a: Thundurus|93\/299|[from] item: Life Orb
|move|p2a: Wukong|Stealth Rock|p1a: Thundurus
|-sidestart|p1: OTRTVC|move: Stealth Rock
|
|turn|14
|
|move|p2a: Wukong|Vacuum Wave|p1a: Thundurus
|-resisted|p1a: Thundurus
|-damage|p1a: Thundurus|50\/299
|move|p1a: Thundurus|Thunderbolt|p2a: Wukong
|-damage|p2a: Wukong|0 fnt
|-damage|p1a: Thundurus|21\/299|[from] item: Life Orb
|faint|p2a: Wukong
|
|
|switch|p2a: Quad|Metagross, shiny|301\/301
|-damage|p2a: Quad|283\/301|[from] Stealth Rock
|turn|15
|
|detailschange|p2a: Quad|Metagross-Mega, shiny
|-mega|p2a: Quad|Metagross|Metagrossite
|move|p1a: Thundurus|Thunder Wave|p2a: Quad
|-status|p2a: Quad|par
|cant|p2a: Quad|par
|
|turn|16
|
|cant|p2a: Quad|par
|move|p1a: Thundurus|Thunderbolt|p2a: Quad
|-damage|p2a: Quad|104\/301 par
|-damage|p1a: Thundurus|0 fnt|[from] item: Life Orb
|faint|p1a: Thundurus
|
|
|switch|p1a: Charizard|Charizard, F, shiny|297\/297
|-damage|p1a: Charizard|149\/297|[from] Stealth Rock
|turn|17
|
|detailschange|p1a: Charizard|Charizard-Mega-Y, F, shiny
|-mega|p1a: Charizard|Charizard|Charizardite Y
|-weather|SunnyDay
|move|p2a: Quad|Bullet Punch|p1a: Charizard
|-resisted|p1a: Charizard
|-damage|p1a: Charizard|92\/297
|move|p1a: Charizard|Roost|p1a: Charizard
|-heal|p1a: Charizard|241\/297
|
|-weather|SunnyDay|[upkeep]
|turn|18
|
|cant|p2a: Quad|par
|move|p1a: Charizard|Fire Blast|p2a: Quad
|-supereffective|p2a: Quad
|-damage|p2a: Quad|0 fnt
|faint|p2a: Quad
|
|-weather|SunnyDay|[upkeep]
|
|switch|p2a: Unilion|Keldeo-Resolute, shiny|148\/323
|-damage|p2a: Unilion|128\/323|[from] Stealth Rock
|turn|19
|
|switch|p2a: Ranger|Bisharp, F, shiny|255\/271
|-damage|p2a: Ranger|239\/271|[from] Stealth Rock
|move|p1a: Charizard|Solar Beam|p2a: Ranger|[still]
|-prepare|p1a: Charizard|Solar Beam|p2a: Ranger
|-anim|p1a: Charizard|Solar Beam|p2a: Ranger
|-resisted|p2a: Ranger
|-damage|p2a: Ranger|121\/271
|
|-weather|SunnyDay|[upkeep]
|turn|20
|
|move|p2a: Ranger|Sucker Punch|p1a: Charizard
|-damage|p1a: Charizard|0 fnt
|faint|p1a: Charizard
|
|-weather|SunnyDay|[upkeep]
|
|switch|p1a: Landorus|Landorus, M, shiny|280\/319
|-damage|p1a: Landorus|241\/319|[from] Stealth Rock
|turn|21
|
|move|p2a: Ranger|Sucker Punch|p1a: Landorus
|-fail|p1a: Landorus
|move|p1a: Landorus|Stealth Rock|p2a: Ranger
|-fail|p2a: Ranger
|
|-weather|none
|turn|22
|
|move|p2a: Ranger|Sucker Punch|p1a: Landorus
|-fail|p1a: Landorus
|move|p1a: Landorus|Stealth Rock|p2a: Ranger
|-fail|p2a: Ranger
|
|turn|23
|
|move|p2a: Ranger|Sucker Punch|p1a: Landorus
|-fail|p1a: Landorus
|move|p1a: Landorus|Stealth Rock|p2a: Ranger
|-fail|p2a: Ranger
|
|turn|24
|
|move|p1a: Landorus|Earth Power|p2a: Ranger
|-supereffective|p2a: Ranger
|-damage|p2a: Ranger|0 fnt
|faint|p2a: Ranger
|
|
|switch|p2a: Unilion|Keldeo-Resolute, shiny|128\/323
|-damage|p2a: Unilion|108\/323|[from] Stealth Rock
|turn|25
|-message|OTRTVC forfeited.
|
|win|WerryDuJoohp
|raw|Ladder updating...
|raw|OTRTVC's rating: 1472 &rarr; <strong>1452<\/strong><br \/>(-20 for losing)
|raw|WerryDuJoohp's rating: 1476 &rarr; <strong>1496<\/strong><br \/>(+20 for winning)
|leave|OTRTVC
|player|p1