|join|Aozatem
|join|OTRTVC
|player|p1|Aozatem|266
|player|p2|OTRTVC|144
|gametype|singles
|gen|6
|tier|OU
|rated
|clearpoke
|poke|p1|Infernape, M
|poke|p1|Metagross
|poke|p1|Keldeo-Resolute
|poke|p1|Thundurus, M
|poke|p1|Dragonite, F
|poke|p1|Bisharp, F
|poke|p2|Wobbuffet, M, shiny
|poke|p2|Latias, F, shiny
|poke|p2|Aerodactyl, F, shiny
|poke|p2|Charizard, M, shiny
|poke|p2|Diggersby, F, shiny
|poke|p2|Staraptor, M, shiny
|rule|Swagger Clause: Swagger is banned
|rule|Baton Pass Clause: Limit one Pokémon knowing Baton Pass
|rule|Sleep Clause Mod: Limit one foe put to sleep
|rule|Species Clause: Limit one of each Pokémon
|rule|OHKO Clause: OHKO moves are banned
|rule|Moody Clause: Moody is banned
|rule|Evasion Moves Clause: Evasion moves are banned
|rule|Endless Battle Clause: Forcing endless battles is banned
|rule|HP Percentage Mod: HP is shown in percentages
|teampreview
|
|start
|switch|p1a: Keldeo-Resolute|Keldeo-Resolute|323\/323
|switch|p2a: Aerodactyl|Aerodactyl, F, shiny|301\/301
|turn|1
|
|move|p1a: Keldeo-Resolute|Scald|p2a: Aerodactyl
|-supereffective|p2a: Aerodactyl
|-enditem|p2a: Aerodactyl|Focus Sash
|-damage|p2a: Aerodactyl|1\/301
|move|p2a: Aerodactyl|Stealth Rock|p1a: Keldeo-Resolute
|-sidestart|p1: Aozatem|move: Stealth Rock
|
|turn|2
|
|switch|p2a: Latias|Latias, F, shiny|301\/301
|move|p1a: Keldeo-Resolute|Scald|p2a: Latias
|-resisted|p2a: Latias
|-damage|p2a: Latias|242\/301
|-status|p2a: Latias|brn
|
|-damage|p2a: Latias|205\/301 brn|[from] brn
|turn|3
|
|switch|p1a: Bisharp|Bisharp, F|271\/271
|-damage|p1a: Bisharp|255\/271|[from] Stealth Rock
|switch|p2a: Charizard|Charizard, M, shiny|297\/297
|
|turn|4
|
|switch|p1a: Infernape|Infernape, M|293\/293
|-damage|p1a: Infernape|257\/293|[from] Stealth Rock
|detailschange|p2a: Charizard|Charizard-Mega-X, M, shiny
|-mega|p2a: Charizard|Charizard|Charizardite X
|move|p2a: Charizard|Flare Blitz|p1a: Infernape
|-resisted|p1a: Infernape
|-damage|p1a: Infernape|59\/293
|-damage|p2a: Charizard|232\/297|[from] recoil|[of] p1a: Infernape
|
|turn|5
|
|switch|p2a: Aerodactyl|Aerodactyl, F, shiny|1\/301
|move|p1a: Infernape|Stealth Rock|p2a: Aerodactyl
|-sidestart|p2: OTRTVC|move: Stealth Rock
|
|turn|6
|
|switch|p1a: Keldeo-Resolute|Keldeo-Resolute|323\/323
|-damage|p1a: Keldeo-Resolute|303\/323|[from] Stealth Rock
|move|p2a: Aerodactyl|Tailwind|p2a: Aerodactyl
|-sidestart|p2: OTRTVC|move: Tailwind
|
|turn|7
|
|move|p2a: Aerodactyl|Stone Edge|p1a: Keldeo-Resolute
|-resisted|p1a: Keldeo-Resolute
|-damage|p1a: Keldeo-Resolute|214\/323
|move|p1a: Keldeo-Resolute|Scald|p2a: Aerodactyl
|-supereffective|p2a: Aerodactyl
|-damage|p2a: Aerodactyl|0 fnt
|faint|p2a: Aerodactyl
|
|
|switch|p2a: Diggersby|Diggersby, F, shiny|311\/311
|-damage|p2a: Diggersby|292\/311|[from] Stealth Rock
|turn|8
|
|switch|p1a: Infernape|Infernape, M|59\/293
|-damage|p1a: Infernape|23\/293|[from] Stealth Rock
|move|p2a: Diggersby|Frustration|p1a: Infernape
|-damage|p1a: Infernape|0 fnt
|-damage|p2a: Diggersby|261\/311|[from] item: Life Orb
|faint|p1a: Infernape
|
|
|switch|p1a: Bisharp|Bisharp, F|255\/271
|-damage|p1a: Bisharp|239\/271|[from] Stealth Rock
|turn|9
|
|move|p1a: Bisharp|Sucker Punch|p2a: Diggersby
|-fail|p2a: Diggersby
|move|p2a: Diggersby|Agility|p2a: Diggersby
|-boost|p2a: Diggersby|spe|2
|
|-sideend|p2: OTRTVC|move: Tailwind
|turn|10
|
|move|p1a: Bisharp|Sucker Punch|p2a: Diggersby
|-damage|p2a: Diggersby|45\/311
|-damage|p1a: Bisharp|212\/271|[from] item: Life Orb
|move|p2a: Diggersby|Earthquake|p1a: Bisharp
|-supereffective|p1a: Bisharp
|-damage|p1a: Bisharp|0 fnt
|-damage|p2a: Diggersby|14\/311|[from] item: Life Orb
|faint|p1a: Bisharp
|
|
|switch|p1a: Dragonite|Dragonite, F|323\/323
|-damage|p1a: Dragonite|243\/323|[from] Stealth Rock
|turn|11
|
|move|p1a: Dragonite|Extreme Speed|p2a: Diggersby
|-damage|p2a: Diggersby|0 fnt
|faint|p2a: Diggersby
|
|
|switch|p2a: Wobbuffet|Wobbuffet, M, shiny|584\/584
|-damage|p2a: Wobbuffet|511\/584|[from] Stealth Rock
|turn|12
|
|move|p1a: Dragonite|Dragon Dance|p1a: Dragonite
|-boost|p1a: Dragonite|atk|1
|-boost|p1a: Dragonite|spe|1
|move|p2a: Wobbuffet|Counter|p1a: Dragonite
|-fail|p1a: Dragonite
|
|-heal|p2a: Wobbuffet|547\/584|[from] item: Leftovers
|turn|13
|
|move|p1a: Dragonite|Dragon Claw|p2a: Wobbuffet
|-damage|p2a: Wobbuffet|265\/584
|move|p2a: Wobbuffet|Counter|p1a: Dragonite
|-damage|p1a: Dragonite|0 fnt
|faint|p1a: Dragonite
|
|-heal|p2a: Wobbuffet|301\/584|[from] item: Leftovers
|
|switch|p1a: Thundurus|Thundurus, M|299\/299
|-damage|p1a: Thundurus|225\/299|[from] Stealth Rock
|turn|14
|
|move|p1a: Thundurus|Knock Off|p2a: Wobbuffet
|-supereffective|p2a: Wobbuffet
|-damage|p2a: Wobbuffet|51\/584
|-enditem|p2a: Wobbuffet|Leftovers|[from] move: Knock Off|[of] p1a: Thundurus
|-damage|p1a: Thundurus|196\/299|[from] item: Life Orb
|move|p2a: Wobbuffet|Mirror Coat|p1a: Thundurus
|-fail|p1a: Thundurus
|
|turn|15
|
|move|p1a: Thundurus|Thunderbolt|p2a: Wobbuffet
|-damage|p2a: Wobbuffet|0 fnt
|-damage|p1a: Thundurus|167\/299|[from] item: Life Orb
|faint|p2a: Wobbuffet
|
|-message|OTRTVC forfeited.
|
|win|Aozatem
|raw|Ladder updating...
|raw|Aozatem's rating: 1563 &rarr; <strong>1585<\/strong><br \/>(+22 for winning)
|raw|OTRTVC's rating: 1596 &rarr; <strong>1574<\/strong><br \/>(-22 for losing)