|join|dommmm
|join|PokeHD
|player|p1|dommmm|102
|player|p2|PokeHD|101
|gametype|singles
|gen|6
|tier|UU
|rated
|rule|Sleep Clause Mod: Limit one foe put to sleep
|rule|Species Clause: Limit one of each Pokémon
|rule|OHKO Clause: OHKO moves are banned
|rule|Moody Clause: Moody is banned
|rule|Evasion Moves Clause: Evasion moves are banned
|rule|Endless Battle Clause: Forcing endless battles is banned
|rule|HP Percentage Mod: HP is shown in percentages
|clearpoke
|poke|p1|Beedrill, M
|poke|p1|Chandelure, M
|poke|p1|Cloyster, F
|poke|p1|Goodra, F
|poke|p1|Roserade, M
|poke|p1|Krookodile, M
|poke|p2|Entei, shiny
|poke|p2|Slowking, F
|poke|p2|Beedrill, M
|poke|p2|Donphan, F
|poke|p2|Hydreigon, F
|poke|p2|Jirachi, shiny
|rule|Swagger Clause: Swagger is banned
|rule|Baton Pass Clause: Limit one Pokémon knowing Baton Pass
|teampreview
|
|start
|switch|p1a: Krookodile|Krookodile, M|332\/332
|switch|p2a: Entei|Entei, shiny|372\/372
|-ability|p2a: Entei|Pressure
|-ability|p1a: Krookodile|Intimidate|[of] p2a: Entei
|-unboost|p2a: Entei|atk|1
|-item|p1a: Krookodile|Air Balloon
|turn|1
|
|switch|p2a: Donphan|Donphan, F|384\/384
|move|p1a: Krookodile|Stealth Rock|p2a: Donphan
|-sidestart|p2: PokeHD|move: Stealth Rock
|
|turn|2
|
|switch|p1a: Cloyster|Cloyster, F|304\/304
|move|p2a: Donphan|Stealth Rock|p1a: Cloyster
|-sidestart|p1: dommmm|move: Stealth Rock
|
|turn|3
|
|move|p1a: Cloyster|Rapid Spin|p2a: Donphan
|-crit|p2a: Donphan
|-damage|p2a: Donphan|368\/384
|-sideend|p1: dommmm|Stealth Rock|[from] move: Rapid Spin|[of] p1a: Cloyster
|move|p2a: Donphan|Rapid Spin|p1a: Cloyster
|-damage|p1a: Cloyster|295\/304
|-sideend|p2: PokeHD|Stealth Rock|[from] move: Rapid Spin|[of] p2a: Donphan
|
|-heal|p1a: Cloyster|304\/304|[from] item: Leftovers
|-heal|p2a: Donphan|384\/384|[from] item: Leftovers
|turn|4
|c|★dommmm|lol wow
|
|move|p1a: Cloyster|Iron Defense|p1a: Cloyster
|-boost|p1a: Cloyster|def|2
|move|p2a: Donphan|Stealth Rock|p1a: Cloyster
|-sidestart|p1: dommmm|move: Stealth Rock
|
|turn|5
|
|switch|p2a: Jirachi|Jirachi, shiny|341\/341
|move|p1a: Cloyster|Razor Shell|p2a: Jirachi|[miss]
|-miss|p1a: Cloyster|p2a: Jirachi
|
|turn|6
|
|move|p2a: Jirachi|Energy Ball|p1a: Cloyster
|-supereffective|p1a: Cloyster
|-damage|p1a: Cloyster|0 fnt
|faint|p1a: Cloyster
|
|
|switch|p1a: Chandelure|Chandelure, M|261\/261
|-damage|p1a: Chandelure|196\/261|[from] Stealth Rock
|turn|7
|
|switch|p2a: Hydreigon|Hydreigon, F|325\/325
|move|p1a: Chandelure|Flamethrower|p2a: Hydreigon
|-resisted|p2a: Hydreigon
|-damage|p2a: Hydreigon|214\/325
|
|turn|8
|
|switch|p1a: Krookodile|Krookodile, M|332\/332
|-damage|p1a: Krookodile|312\/332|[from] Stealth Rock
|-ability|p1a: Krookodile|Intimidate|[of] p2a: Hydreigon
|-unboost|p2a: Hydreigon|atk|1
|-item|p1a: Krookodile|Air Balloon
|move|p2a: Hydreigon|Draco Meteor|p1a: Krookodile|[miss]
|-miss|p2a: Hydreigon|p1a: Krookodile
|
|turn|9
|
|move|p2a: Hydreigon|Superpower|p1a: Krookodile
|-supereffective|p1a: Krookodile
|-damage|p1a: Krookodile|78\/332
|-enditem|p1a: Krookodile|Air Balloon
|-unboost|p2a: Hydreigon|atk|1
|-unboost|p2a: Hydreigon|def|1
|-damage|p2a: Hydreigon|182\/325|[from] item: Life Orb
|move|p1a: Krookodile|Stealth Rock|p2a: Hydreigon
|-sidestart|p2: PokeHD|move: Stealth Rock
|
|turn|10
|
|move|p2a: Hydreigon|Superpower|p1a: Krookodile
|-supereffective|p1a: Krookodile
|-damage|p1a: Krookodile|0 fnt
|-unboost|p2a: Hydreigon|atk|1
|-unboost|p2a: Hydreigon|def|1
|-damage|p2a: Hydreigon|150\/325|[from] item: Life Orb
|faint|p1a: Krookodile
|
|
|switch|p1a: Goodra|Goodra, F|384\/384
|-damage|p1a: Goodra|336\/384|[from] Stealth Rock
|turn|11
|
|move|p2a: Hydreigon|Draco Meteor|p1a: Goodra|[miss]
|-miss|p2a: Hydreigon|p1a: Goodra
|move|p1a: Goodra|Dragon Pulse|p2a: Hydreigon
|-supereffective|p2a: Hydreigon
|-damage|p2a: Hydreigon|0 fnt
|faint|p2a: Hydreigon
|
|
|switch|p2a: Beedrill|Beedrill, M|271\/271
|-damage|p2a: Beedrill|204\/271|[from] Stealth Rock
|turn|12
|
|detailschange|p2a: Beedrill|Beedrill-Mega, M
|message|Beedrill has Mega Evolved into Mega Beedrill!
|move|p2a: Beedrill|Protect|p2a: Beedrill
|-singleturn|p2a: Beedrill|Protect
|move|p1a: Goodra|Flamethrower|p2a: Beedrill
|-activate|p2a: Beedrill|Protect
|
|turn|13
|
|move|p2a: Beedrill|U-turn|p1a: Goodra
|-damage|p1a: Goodra|76\/384
|
|switch|p2a: Donphan|Donphan, F|384\/384
|-damage|p2a: Donphan|360\/384|[from] Stealth Rock
|move|p1a: Goodra|Flamethrower|p2a: Donphan
|-damage|p2a: Donphan|231\/384
|
|-heal|p2a: Donphan|255\/384|[from] item: Leftovers
|turn|14
|
|move|p1a: Goodra|Ice Beam|p2a: Donphan
|-supereffective|p2a: Donphan
|-damage|p2a: Donphan|0 fnt
|faint|p2a: Donphan
|
|
|switch|p2a: Entei|Entei, shiny|372\/372
|-damage|p2a: Entei|279\/372|[from] Stealth Rock
|-ability|p2a: Entei|Pressure
|turn|15
|
|move|p2a: Entei|Iron Head|p1a: Goodra
|-damage|p1a: Goodra|0 fnt
|-damage|p2a: Entei|242\/372|[from] item: Life Orb
|faint|p1a: Goodra
|
|
|switch|p1a: Chandelure|Chandelure, M|196\/261
|-damage|p1a: Chandelure|131\/261|[from] Stealth Rock
|turn|16
|
|switch|p2a: Jirachi|Jirachi, shiny|341\/341
|-damage|p2a: Jirachi|320\/341|[from] Stealth Rock
|move|p1a: Chandelure|Dark Pulse|p2a: Jirachi
|-supereffective|p2a: Jirachi
|-damage|p2a: Jirachi|106\/341
|
|-heal|p2a: Jirachi|127\/341|[from] item: Leftovers
|turn|17
|
|move|p1a: Chandelure|Dark Pulse|p2a: Jirachi
|-supereffective|p2a: Jirachi
|-damage|p2a: Jirachi|0 fnt
|faint|p2a: Jirachi
|
|
|switch|p2a: Slowking|Slowking, F|394\/394
|-damage|p2a: Slowking|345\/394|[from] Stealth Rock
|turn|18
|
|move|p1a: Chandelure|Dark Pulse|p2a: Slowking
|-supereffective|p2a: Slowking
|-damage|p2a: Slowking|217\/394
|move|p2a: Slowking|Psyshock|p1a: Chandelure
|-damage|p1a: Chandelure|0 fnt
|faint|p1a: Chandelure
|
|
|switch|p1a: Beedrill|Beedrill, M|271\/271
|-damage|p1a: Beedrill|204\/271|[from] Stealth Rock
|turn|19
|
|detailschange|p1a: Beedrill|Beedrill-Mega, M
|message|Beedrill has Mega Evolved into Mega Beedrill!
|move|p1a: Beedrill|X-Scissor|p2a: Slowking
|-supereffective|p2a: Slowking
|-damage|p2a: Slowking|0 fnt
|faint|p2a: Slowking
|
|
|switch|p2a: Entei|Entei, shiny|242\/372
|-damage|p2a: Entei|149\/372|[from] Stealth Rock
|-ability|p2a: Entei|Pressure
|turn|20
|
|move|p2a: Entei|Extreme Speed|p1a: Beedrill
|-damage|p1a: Beedrill|0 fnt
|-damage|p2a: Entei|112\/372|[from] item: Life Orb
|faint|p1a: Beedrill
|
|
|switch|p1a: Roserade|Roserade, M|324\/324
|-damage|p1a: Roserade|284\/324|[from] Stealth Rock
|turn|21
|
|move|p2a: Entei|Sacred Fire|p1a: Roserade
|-supereffective|p1a: Roserade
|-damage|p1a: Roserade|0 fnt
|-damage|p2a: Entei|75\/372|[from] item: Life Orb
|faint|p1a: Roserade
|
|win|PokeHD
|raw|Ladder updating...
|raw|dommmm's rating: 1074 &rarr; <strong>1052<\/strong><br \/>(-22 for losing)
|raw|PokeHD's rating: 1050 &rarr; <strong>1084<\/strong><br \/>(+34 for winning)
|c|★dommmm|gg
|leave|dommmm
|player|p1