|join|do you even dd
|join|Gripper
|player|p1|do you even dd|1
|player|p2|Gripper|142
|gametype|singles
|gen|6
|tier|OU
|rated
|clearpoke
|poke|p1|Lopunny, M
|poke|p1|Gengar, M
|poke|p1|Kyurem-Black
|poke|p1|Starmie
|poke|p1|Chesnaught, M, shiny
|poke|p1|Heatran, M
|poke|p2|Gliscor, M
|poke|p2|Venusaur, F
|poke|p2|Hippowdon, F
|poke|p2|Jirachi
|poke|p2|Tentacruel, M
|poke|p2|Rotom-Wash
|rule|Swagger Clause: Swagger is banned
|rule|Baton Pass Clause: Limit one Pokémon knowing Baton Pass
|rule|Sleep Clause Mod: Limit one foe put to sleep
|rule|Species Clause: Limit one of each Pokémon
|rule|OHKO Clause: OHKO moves are banned
|rule|Moody Clause: Moody is banned
|rule|Evasion Moves Clause: Evasion moves are banned
|rule|Endless Battle Clause: Forcing endless battles is banned
|rule|HP Percentage Mod: HP is shown in percentages
|teampreview
|join|PISTOLERO
|c| PISTOLERO|~
|
|start
|switch|p1a: Gengar|Gengar, M|268\/268
|switch|p2a: Hippopotamut|Hippowdon, F|420\/420
|-weather|Sandstorm
|turn|1
|
|switch|p2a: Tentukles|Tentacruel, M|364\/364
|move|p1a: Gengar|Taunt|p2a: Tentukles
|-start|p2a: Tentukles|move: Taunt
|
|-weather|Sandstorm|[upkeep]
|-damage|p1a: Gengar|252\/268|[from] sandstorm
|-damage|p2a: Tentukles|342\/364|[from] sandstorm
|-heal|p1a: Gengar|268\/268|[from] item: Black Sludge
|-heal|p2a: Tentukles|364\/364|[from] item: Black Sludge
|turn|2
|
|move|p1a: Gengar|Will-O-Wisp|p2a: Tentukles
|-status|p2a: Tentukles|brn
|move|p2a: Tentukles|Knock Off|p1a: Gengar
|-supereffective|p1a: Gengar
|-damage|p1a: Gengar|188\/268
|-enditem|p1a: Gengar|Black Sludge|[from] move: Knock Off|[of] p2a: Tentukles
|
|-weather|Sandstorm|[upkeep]
|-damage|p1a: Gengar|172\/268|[from] sandstorm
|-damage|p2a: Tentukles|342\/364 brn|[from] sandstorm
|-heal|p2a: Tentukles|364\/364 brn|[from] item: Black Sludge
|-damage|p2a: Tentukles|319\/364 brn|[from] brn
|turn|3
|
|move|p1a: Gengar|Shadow Ball|p2a: Tentukles
|-damage|p2a: Tentukles|237\/364 brn
|-unboost|p2a: Tentukles|spd|1
|move|p2a: Tentukles|Scald|p1a: Gengar
|-damage|p1a: Gengar|79\/268
|
|-weather|Sandstorm|[upkeep]
|-damage|p1a: Gengar|63\/268|[from] sandstorm
|-damage|p2a: Tentukles|215\/364 brn|[from] sandstorm
|-heal|p2a: Tentukles|237\/364 brn|[from] item: Black Sludge
|-damage|p2a: Tentukles|192\/364 brn|[from] brn
|turn|4
|
|move|p1a: Gengar|Shadow Ball|p2a: Tentukles
|-damage|p2a: Tentukles|68\/364 brn
|-unboost|p2a: Tentukles|spd|1
|move|p2a: Tentukles|Scald|p1a: Gengar
|-damage|p1a: Gengar|0 fnt
|faint|p1a: Gengar
|
|-weather|Sandstorm|[upkeep]
|-damage|p2a: Tentukles|46\/364 brn|[from] sandstorm
|-heal|p2a: Tentukles|68\/364 brn|[from] item: Black Sludge
|-damage|p2a: Tentukles|23\/364 brn|[from] brn
|-end|p2a: Tentukles|move: Taunt
|
|switch|p1a: Kyurem-Black|Kyurem-Black|391\/391
|-ability|p1a: Kyurem-Black|Teravolt
|turn|5
|
|move|p1a: Kyurem-Black|Ice Beam|p2a: Tentukles
|-resisted|p2a: Tentukles
|-damage|p2a: Tentukles|0 fnt
|-damage|p1a: Kyurem-Black|352\/391|[from] item: Life Orb
|faint|p2a: Tentukles
|
|-weather|none
|
|switch|p2a: Koala|Jirachi|404\/404
|turn|6
|
|switch|p1a: Heatran|Heatran, M|385\/385
|switch|p2a: Hippopotamut|Hippowdon, F|420\/420
|-weather|Sandstorm
|
|-weather|Sandstorm|[upkeep]
|turn|7
|
|move|p1a: Heatran|Lava Plume|p2a: Hippopotamut
|-damage|p2a: Hippopotamut|290\/420
|-status|p2a: Hippopotamut|brn
|move|p2a: Hippopotamut|Stealth Rock|p1a: Heatran
|-sidestart|p1: do you even dd|move: Stealth Rock
|
|-weather|Sandstorm|[upkeep]
|-heal|p2a: Hippopotamut|316\/420 brn|[from] item: Leftovers
|-damage|p2a: Hippopotamut|264\/420 brn|[from] brn
|turn|8
|c| PISTOLERO|:[
|
|switch|p2a: Wus|Rotom-Wash|304\/304
|move|p1a: Heatran|Stealth Rock|p2a: Wus
|-sidestart|p2: Gripper|move: Stealth Rock
|
|-weather|Sandstorm|[upkeep]
|-damage|p2a: Wus|285\/304|[from] sandstorm
|-heal|p2a: Wus|304\/304|[from] item: Leftovers
|turn|9
|
|move|p2a: Wus|Hydro Pump|p1a: Heatran
|-supereffective|p1a: Heatran
|-damage|p1a: Heatran|179\/385
|move|p1a: Heatran|Roar|p2a: Wus
|drag|p2a: Grippah|Gliscor, M|352\/352
|-damage|p2a: Grippah|308\/352|[from] Stealth Rock
|
|-weather|Sandstorm|[upkeep]
|-heal|p1a: Heatran|203\/385|[from] item: Leftovers
|-status|p2a: Grippah|tox|[from] item: Toxic Orb
|turn|10
|
|move|p2a: Grippah|Swords Dance|p2a: Grippah
|-boost|p2a: Grippah|atk|2
|move|p1a: Heatran|Lava Plume|p2a: Grippah
|-damage|p2a: Grippah|197\/352 tox
|
|-weather|none
|-heal|p1a: Heatran|227\/385|[from] item: Leftovers
|-heal|p2a: Grippah|241\/352 tox|[from] ability: Poison Heal
|turn|11
|
|move|p2a: Grippah|Earthquake|p1a: Heatran
|-supereffective|p1a: Heatran
|-damage|p1a: Heatran|0 fnt
|faint|p1a: Heatran
|
|-heal|p2a: Grippah|285\/352 tox|[from] ability: Poison Heal
|
|switch|p1a: Starmie|Starmie|261\/261
|-damage|p1a: Starmie|229\/261|[from] Stealth Rock
|turn|12
|
|move|p1a: Starmie|Scald|p2a: Grippah
|-supereffective|p2a: Grippah
|-damage|p2a: Grippah|2\/352 tox
|-damage|p1a: Starmie|203\/261|[from] item: Life Orb
|move|p2a: Grippah|Knock Off|p1a: Starmie
|-supereffective|p1a: Starmie
|-damage|p1a: Starmie|0 fnt
|-enditem|p1a: Starmie|Life Orb|[from] move: Knock Off|[of] p2a: Grippah
|faint|p1a: Starmie
|
|-heal|p2a: Grippah|46\/352 tox|[from] ability: Poison Heal
|
|switch|p1a: Lopunny|Lopunny, M|271\/271
|-damage|p1a: Lopunny|238\/271|[from] Stealth Rock
|turn|13
|c| PISTOLERO|lol
|c| PISTOLERO|free HJK
|
|detailschange|p1a: Lopunny|Lopunny-Mega, M
|-mega|p1a: Lopunny|Lopunny|Lopunnite
|move|p1a: Lopunny|Return|p2a: Grippah
|-damage|p2a: Grippah|0 fnt
|faint|p2a: Grippah
|
|
|switch|p2a: Petallic taste|Venusaur, F|359\/359
|-damage|p2a: Petallic taste|315\/359|[from] Stealth Rock
|turn|14
|
|switch|p1a: Chesnaught|Chesnaught, M, shiny|380\/380
|-damage|p1a: Chesnaught|357\/380|[from] Stealth Rock
|detailschange|p2a: Petallic taste|Venusaur-Mega, F
|-mega|p2a: Petallic taste|Venusaur|Venusaurite
|move|p2a: Petallic taste|Giga Drain|p1a: Chesnaught
|-resisted|p1a: Chesnaught
|-damage|p1a: Chesnaught|272\/380
|-heal|p2a: Petallic taste|358\/359|[from] drain|[of] p1a: Chesnaught
|
|-heal|p1a: Chesnaught|295\/380|[from] item: Leftovers
|turn|15
|
|move|p2a: Petallic taste|Hidden Power|p1a: Chesnaught
|-supereffective|p1a: Chesnaught
|-damage|p1a: Chesnaught|101\/380
|move|p1a: Chesnaught|Spikes|p2a: Petallic taste
|-sidestart|p2: Gripper|Spikes
|
|-heal|p1a: Chesnaught|124\/380|[from] item: Leftovers
|turn|16
|
|move|p2a: Petallic taste|Hidden Power|p1a: Chesnaught
|-supereffective|p1a: Chesnaught
|-damage|p1a: Chesnaught|0 fnt
|faint|p1a: Chesnaught
|
|
|switch|p1a: Kyurem-Black|Kyurem-Black|352\/391
|-damage|p1a: Kyurem-Black|255\/391|[from] Stealth Rock
|-ability|p1a: Kyurem-Black|Teravolt
|turn|17
|
|switch|p2a: Koala|Jirachi|404\/404
|-damage|p2a: Koala|354\/404|[from] Spikes
|-damage|p2a: Koala|329\/404|[from] Stealth Rock
|move|p1a: Kyurem-Black|Ice Beam|p2a: Koala
|-resisted|p2a: Koala
|-damage|p2a: Koala|251\/404
|-damage|p1a: Kyurem-Black|216\/391|[from] item: Life Orb
|
|-heal|p2a: Koala|276\/404|[from] item: Leftovers
|turn|18
|
|move|p1a: Kyurem-Black|Earth Power|p2a: Koala
|-supereffective|p2a: Koala
|-damage|p2a: Koala|65\/404
|-damage|p1a: Kyurem-Black|177\/391|[from] item: Life Orb
|move|p2a: Koala|Iron Head|p1a: Kyurem-Black
|-crit|p1a: Kyurem-Black
|-supereffective|p1a: Kyurem-Black
|-damage|p1a: Kyurem-Black|0 fnt
|faint|p1a: Kyurem-Black
|
|-heal|p2a: Koala|90\/404|[from] item: Leftovers
|c|★Gripper|gliscor the absolute man
|
|switch|p1a: Lopunny|Lopunny-Mega, M|238\/271
|-damage|p1a: Lopunny|222\/271|[from] Stealth Rock
|turn|19
|c|★Gripper|that scald
|c|★Gripper|was gliscor's yummy lunch
|
|move|p1a: Lopunny|Power-Up Punch|p2a: Koala
|-damage|p2a: Koala|12\/404
|-boost|p1a: Lopunny|atk|1
|move|p2a: Koala|Iron Head|p1a: Lopunny
|-damage|p1a: Lopunny|125\/271
|
|-heal|p2a: Koala|37\/404|[from] item: Leftovers
|turn|20
|
|move|p1a: Lopunny|Power-Up Punch|p2a: Koala
|-damage|p2a: Koala|0 fnt
|-boost|p1a: Lopunny|atk|1
|faint|p2a: Koala
|
|
|switch|p2a: Wus|Rotom-Wash|304\/304
|-damage|p2a: Wus|266\/304|[from] Stealth Rock
|turn|21
|
|move|p1a: Lopunny|High Jump Kick|p2a: Wus
|-damage|p2a: Wus|0 fnt
|faint|p2a: Wus
|
|
|switch|p2a: Hippopotamut|Hippowdon, F|264\/420 brn
|-damage|p2a: Hippopotamut|212\/420 brn|[from] Spikes
|-damage|p2a: Hippopotamut|186\/420 brn|[from] Stealth Rock
|-weather|Sandstorm
|turn|22
|
|move|p1a: Lopunny|Return|p2a: Hippopotamut
|-damage|p2a: Hippopotamut|0 fnt
|faint|p2a: Hippopotamut
|
|-weather|Sandstorm|[upkeep]
|-damage|p1a: Lopunny|109\/271|[from] sandstorm
|c|★Gripper|that's very depressing
|
|switch|p2a: Petallic taste|Venusaur-Mega, F|358\/359
|-damage|p2a: Petallic taste|314\/359|[from] Stealth Rock
|-damage|p2a: Petallic taste|270\/359|[from] Spikes
|turn|23
|
|move|p1a: Lopunny|Return|p2a: Petallic taste
|-damage|p2a: Petallic taste|0 fnt
|faint|p2a: Petallic taste
|
|win|do you even dd
|raw|Ladder updating...
|raw|do you even dd's rating: 1373 &rarr; <strong>1394<\/strong><br \/>(+21 for winning)
|raw|Gripper's rating: 1390 &rarr; <strong>1369<\/strong><br \/>(-21 for losing)
|leave|Gripper
|player|p2