|join|Godsend
|join|Naf
|player|p1|Godsend|291
|player|p2|Naf|200
|gametype|singles
|gen|6
|tier|UU
|rated
|rule|Sleep Clause Mod: Limit one foe put to sleep
|rule|Species Clause: Limit one of each Pokémon
|rule|OHKO Clause: OHKO moves are banned
|rule|Moody Clause: Moody is banned
|rule|Evasion Moves Clause: Evasion moves are banned
|rule|Endless Battle Clause: Forcing endless battles is banned
|rule|HP Percentage Mod: HP is shown in percentages
|clearpoke
|poke|p1|Beedrill, F
|poke|p1|Darmanitan, M
|poke|p1|Magneton
|poke|p1|Starmie
|poke|p1|Nidoqueen, F
|poke|p1|Whimsicott, F
|poke|p2|Alakazam, M
|poke|p2|Machamp, F
|poke|p2|Forretress, M
|poke|p2|Entei, shiny
|poke|p2|Alomomola, F
|poke|p2|Toxicroak, F
|rule|Swagger Clause: Swagger is banned
|rule|Baton Pass Clause: Limit one Pokémon knowing Baton Pass
|teampreview
|c|★Godsend|hai
|c|★Naf|hey
|
|start
|switch|p1a: Beedrill|Beedrill, F|271\/271
|switch|p2a: Machamp|Machamp, F|364\/364
|turn|1
|
|switch|p2a: Alomomola|Alomomola, F|497\/497
|detailschange|p1a: Beedrill|Beedrill-Mega, F
|-mega|p1a: Beedrill|Beedrill|Beedrillite
|move|p1a: Beedrill|U-turn|p2a: Alomomola
|-crit|p2a: Alomomola
|-damage|p2a: Alomomola|257\/497
|-damage|p1a: Beedrill|226\/271|[from] item: Rocky Helmet|[of] p2a: Alomomola
|
|switch|p1a: Magneton|Magneton|268\/268
|
|turn|2
|
|switch|p2a: Machamp|Machamp, F|364\/364
|move|p1a: Magneton|Volt Switch|p2a: Machamp
|-damage|p2a: Machamp|261\/364
|
|switch|p1a: Beedrill|Beedrill-Mega, F|226\/271
|
|turn|3
|
|switch|p2a: Alomomola|Alomomola, F|422\/497
|move|p1a: Beedrill|U-turn|p2a: Alomomola
|-damage|p2a: Alomomola|274\/497
|-damage|p1a: Beedrill|181\/271|[from] item: Rocky Helmet|[of] p2a: Alomomola
|
|switch|p1a: Magneton|Magneton|268\/268
|
|turn|4
|
|switch|p2a: Forretress|Forretress, M|353\/353
|move|p1a: Magneton|Volt Switch|p2a: Forretress
|-damage|p2a: Forretress|206\/353
|
|switch|p1a: Darmanitan|Darmanitan, M|351\/351
|
|-heal|p2a: Forretress|228\/353|[from] item: Leftovers
|turn|5
|
|move|p1a: Darmanitan|U-turn|p2a: Forretress
|-resisted|p2a: Forretress
|-damage|p2a: Forretress|182\/353
|
|switch|p1a: Magneton|Magneton|268\/268
|move|p2a: Forretress|Volt Switch|p1a: Magneton
|-resisted|p1a: Magneton
|-damage|p1a: Magneton|254\/268
|
|switch|p2a: Machamp|Machamp, F|261\/364
|
|turn|6
|
|move|p1a: Magneton|Volt Switch|p2a: Machamp
|-damage|p2a: Machamp|164\/364
|
|switch|p1a: Nidoqueen|Nidoqueen, F|383\/383
|move|p2a: Machamp|Dynamic Punch|p1a: Nidoqueen
|-resisted|p1a: Nidoqueen
|-damage|p1a: Nidoqueen|299\/383
|-start|p1a: Nidoqueen|confusion
|
|-heal|p1a: Nidoqueen|322\/383|[from] item: Leftovers
|turn|7
|
|switch|p2a: Forretress|Forretress, M|182\/353
|-activate|p1a: Nidoqueen|confusion
|move|p1a: Nidoqueen|Stealth Rock|p2a: Forretress
|-sidestart|p2: Naf|move: Stealth Rock
|
|-heal|p1a: Nidoqueen|345\/383|[from] item: Leftovers
|-heal|p2a: Forretress|204\/353|[from] item: Leftovers
|turn|8
|
|switch|p1a: Magneton|Magneton|254\/268
|move|p2a: Forretress|Rapid Spin|p1a: Magneton
|-resisted|p1a: Magneton
|-damage|p1a: Magneton|249\/268
|-sideend|p2: Naf|Stealth Rock|[from] move: Rapid Spin|[of] p2a: Forretress
|
|-heal|p2a: Forretress|226\/353|[from] item: Leftovers
|turn|9
|
|move|p1a: Magneton|Thunderbolt|p2a: Forretress
|-damage|p2a: Forretress|28\/353
|-status|p2a: Forretress|par
|move|p2a: Forretress|Stealth Rock|p1a: Magneton
|-sidestart|p1: Godsend|move: Stealth Rock
|
|-heal|p2a: Forretress|50\/353 par|[from] item: Leftovers
|turn|10
|
|move|p1a: Magneton|Volt Switch|p2a: Forretress
|-damage|p2a: Forretress|0 fnt
|faint|p2a: Forretress
|
|switch|p1a: Nidoqueen|Nidoqueen, F|345\/383
|-damage|p1a: Nidoqueen|322\/383|[from] Stealth Rock
|
|-heal|p1a: Nidoqueen|345\/383|[from] item: Leftovers
|
|switch|p2a: YouKnowIGotIt|Alakazam, M|251\/251
|turn|11
|
|switch|p2a: Entei|Entei, shiny|371\/371
|-ability|p2a: Entei|Pressure
|switch|p1a: Magneton|Magneton|249\/268
|-damage|p1a: Magneton|233\/268|[from] Stealth Rock
|
|turn|12
|
|switch|p1a: Starmie|Starmie|324\/324
|-damage|p1a: Starmie|284\/324|[from] Stealth Rock
|move|p2a: Entei|Sacred Fire|p1a: Starmie
|-resisted|p1a: Starmie
|-damage|p1a: Starmie|173\/324
|
|-heal|p1a: Starmie|193\/324|[from] item: Leftovers
|turn|13
|
|switch|p2a: YouKnowIGotIt|Alakazam, M|251\/251
|move|p1a: Starmie|Rapid Spin|p2a: YouKnowIGotIt
|-damage|p2a: YouKnowIGotIt|229\/251
|-sideend|p1: Godsend|Stealth Rock|[from] move: Rapid Spin|[of] p1a: Starmie
|
|-heal|p1a: Starmie|213\/324|[from] item: Leftovers
|turn|14
|
|switch|p1a: Magneton|Magneton|233\/268
|detailschange|p2a: YouKnowIGotIt|Alakazam-Mega, M
|-mega|p2a: YouKnowIGotIt|Alakazam|Alakazite
|-ability|p2a: YouKnowIGotIt|Magnet Pull|[from] ability: Trace|[of] p1a: Magneton
|move|p2a: YouKnowIGotIt|Shadow Ball|p1a: Magneton
|-damage|p1a: Magneton|140\/268
|-unboost|p1a: Magneton|spd|1
|
|turn|15
|
|switch|p2a: Machamp|Machamp, F|164\/364
|move|p1a: Magneton|Volt Switch|p2a: Machamp
|-damage|p2a: Machamp|64\/364
|
|switch|p1a: Whimsicott|Whimsicott, F|323\/323
|
|turn|16
|
|move|p2a: Machamp|Bullet Punch|p1a: Whimsicott
|-supereffective|p1a: Whimsicott
|-damage|p1a: Whimsicott|209\/323
|move|p1a: Whimsicott|Moonblast|p2a: Machamp
|-crit|p2a: Machamp
|-supereffective|p2a: Machamp
|-damage|p2a: Machamp|0 fnt
|faint|p2a: Machamp
|
|-heal|p1a: Whimsicott|229\/323|[from] item: Leftovers
|
|switch|p2a: Entei|Entei, shiny|371\/371
|-ability|p2a: Entei|Pressure
|turn|17
|
|move|p1a: Whimsicott|Stun Spore|p2a: Entei
|-status|p2a: Entei|par
|move|p2a: Entei|Sacred Fire|p1a: Whimsicott
|-supereffective|p1a: Whimsicott
|-damage|p1a: Whimsicott|0 fnt
|faint|p1a: Whimsicott
|
|
|switch|p1a: Beedrill|Beedrill-Mega, F|181\/271
|turn|18
|
|switch|p2a: Alomomola|Alomomola, F|439\/497
|move|p1a: Beedrill|Knock Off|p2a: Alomomola
|-damage|p2a: Alomomola|340\/497
|-damage|p1a: Beedrill|136\/271|[from] item: Rocky Helmet|[of] p2a: Alomomola
|-enditem|p2a: Alomomola|Rocky Helmet|[from] move: Knock Off|[of] p1a: Beedrill
|
|turn|19
|
|move|p1a: Beedrill|U-turn|p2a: Alomomola
|-damage|p2a: Alomomola|190\/497
|
|switch|p1a: Nidoqueen|Nidoqueen, F|345\/383
|move|p2a: Alomomola|Knock Off|p1a: Nidoqueen
|-damage|p1a: Nidoqueen|303\/383
|-enditem|p1a: Nidoqueen|Leftovers|[from] move: Knock Off|[of] p2a: Alomomola
|
|turn|20
|c|★Godsend|fuck
|c|★Godsend|lol
|
|move|p1a: Nidoqueen|Stealth Rock|p2a: Alomomola
|-sidestart|p2: Naf|move: Stealth Rock
|move|p2a: Alomomola|Scald|p1a: Nidoqueen
|-supereffective|p1a: Nidoqueen
|-damage|p1a: Nidoqueen|199\/383
|
|turn|21
|
|switch|p1a: Magneton|Magneton|140\/268
|move|p2a: Alomomola|Wish|p2a: Alomomola
|
|turn|22
|
|switch|p2a: Entei|Entei, shiny|371\/371 par
|-damage|p2a: Entei|279\/371 par|[from] Stealth Rock
|-ability|p2a: Entei|Pressure
|move|p1a: Magneton|Volt Switch|p2a: Entei
|-damage|p2a: Entei|122\/371 par
|
|switch|p1a: Starmie|Starmie|213\/324
|
|-heal|p2a: Entei|370\/371 par|[from] move: Wish|[wisher] Alomomola
|-heal|p1a: Starmie|233\/324|[from] item: Leftovers
|turn|23
|
|switch|p1a: Nidoqueen|Nidoqueen, F|199\/383
|move|p2a: Entei|Extreme Speed|p1a: Nidoqueen
|-damage|p1a: Nidoqueen|88\/383
|
|turn|24
|
|move|p2a: Entei|Extreme Speed|p1a: Nidoqueen
|-damage|p1a: Nidoqueen|0 fnt
|faint|p1a: Nidoqueen
|
|
|switch|p1a: Darmanitan|Darmanitan, M|351\/351
|turn|25
|
|move|p2a: Entei|Extreme Speed|p1a: Darmanitan
|-damage|p1a: Darmanitan|133\/351
|move|p1a: Darmanitan|Earthquake|p2a: Entei
|-supereffective|p2a: Entei
|-damage|p2a: Entei|0 fnt
|faint|p2a: Entei
|
|
|switch|p2a: Alomomola|Alomomola, F|355\/497
|-damage|p2a: Alomomola|293\/497|[from] Stealth Rock
|turn|26
|
|switch|p1a: Magneton|Magneton|140\/268
|move|p2a: Alomomola|Knock Off|p1a: Magneton
|-damage|p1a: Magneton|101\/268
|-enditem|p1a: Magneton|Eviolite|[from] move: Knock Off|[of] p2a: Alomomola
|
|turn|27
|
|move|p1a: Magneton|Thunderbolt|p2a: Alomomola
|-supereffective|p2a: Alomomola
|-damage|p2a: Alomomola|0 fnt
|faint|p2a: Alomomola
|
|
|switch|p2a: YouKnowIGotIt|Alakazam-Mega, M|229\/251
|-damage|p2a: YouKnowIGotIt|198\/251|[from] Stealth Rock
|-ability|p2a: YouKnowIGotIt|Magnet Pull|[from] ability: Trace|[of] p1a: Magneton
|turn|28
|
|move|p2a: YouKnowIGotIt|Shadow Ball|p1a: Magneton
|-damage|p1a: Magneton|0 fnt
|faint|p1a: Magneton
|
|
|switch|p1a: Beedrill|Beedrill-Mega, F|136\/271
|turn|29
|
|move|p2a: YouKnowIGotIt|Psyshock|p1a: Beedrill
|-supereffective|p1a: Beedrill
|-damage|p1a: Beedrill|0 fnt
|faint|p1a: Beedrill
|
|
|switch|p1a: Darmanitan|Darmanitan, M|133\/351
|turn|30
|c|★Godsend|gg
|
|move|p2a: YouKnowIGotIt|Psyshock|p1a: Darmanitan
|-damage|p1a: Darmanitan|0 fnt
|faint|p1a: Darmanitan
|
|
|switch|p1a: Starmie|Starmie|233\/324
|turn|31
|
|move|p2a: YouKnowIGotIt|Shadow Ball|p1a: Starmie
|-supereffective|p1a: Starmie
|-damage|p1a: Starmie|0 fnt
|faint|p1a: Starmie
|
|win|Naf
|raw|Ladder updating...
|raw|Godsend's rating: 1424 &rarr; <strong>1401<\/strong><br \/>(-23 for losing)
|raw|Naf's rating: 1374 &rarr; <strong>1397<\/strong><br \/>(+23 for winning)
|c|★Naf|gg
|leave|Godsend
|player|p1