|join|Godsend
|join|who needs torn
|player|p1|Godsend|1
|player|p2|who needs torn|116
|gametype|singles
|gen|6
|tier|UU
|rated
|rule|Sleep Clause Mod: Limit one foe put to sleep
|rule|Species Clause: Limit one of each Pokémon
|rule|OHKO Clause: OHKO moves are banned
|rule|Moody Clause: Moody is banned
|rule|Evasion Moves Clause: Evasion moves are banned
|rule|Endless Battle Clause: Forcing endless battles is banned
|rule|HP Percentage Mod: HP is reported as percentages
|clearpoke
|poke|p1|Tornadus-Therian, M
|poke|p1|Jirachi
|poke|p1|Ampharos, M
|poke|p1|Blissey, F
|poke|p1|Slowbro, F
|poke|p1|Mew
|poke|p2|Starmie
|poke|p2|Kyurem
|poke|p2|Chandelure, F
|poke|p2|Aggron, M
|poke|p2|Chesnaught, F
|poke|p2|Togetic, F
|rule|Swagger Clause: Swagger is banned
|rule|Baton Pass Clause: Limit three Pokémon knowing Baton Pass
|teampreview
|chat|who needs torn|thats not ideal
|chat|Godsend|gl brew
|chat|who needs torn|thanks fren
|chat|Godsend|que pasa?
|chat|who needs torn|por que?
|
|start
|switch|p1a: Ampharos|Ampharos, M|383\/383
|switch|p2a: Aggron|Aggron, M|343\/343
|turn|1
|
|detailschange|p1a: Ampharos|Ampharos-Mega, M
|message|Ampharos has Mega Evolved into Mega Ampharos!
|-ability|p1a: Ampharos|Mold Breaker
|detailschange|p2a: Aggron|Aggron-Mega, M
|message|Aggron has Mega Evolved into Mega Aggron!
|move|p1a: Ampharos|Focus Blast|p2a: Aggron
|-supereffective|p2a: Aggron
|-damage|p2a: Aggron|73\/343
|-unboost|p2a: Aggron|spd|1
|move|p2a: Aggron|Stealth Rock|p1a: Ampharos
|-sidestart|p1: Godsend|move: Stealth Rock
|
|turn|2
|
|switch|p2a: Chesnaught|Chesnaught, F|379\/379
|move|p1a: Ampharos|Volt Switch|p2a: Chesnaught
|-resisted|p2a: Chesnaught
|-damage|p2a: Chesnaught|300\/379
|chat|who needs torn|u are supah qwik
|
|switch|p1a: Tornadus-Therian|Tornadus-Therian, M|299\/299
|-damage|p1a: Tornadus-Therian|225\/299|[from] Stealth Rock
|
|-heal|p2a: Chesnaught|323\/379|[from] item: Leftovers
|turn|3
|
|switch|p2a: Aggron|Aggron-Mega, M|73\/343
|move|p1a: Tornadus-Therian|Acrobatics|p2a: Aggron
|-resisted|p2a: Aggron
|-damage|p2a: Aggron|37\/343
|
|turn|4
|
|move|p1a: Tornadus-Therian|Acrobatics|p2a: Aggron
|-resisted|p2a: Aggron
|-damage|p2a: Aggron|4\/343
|move|p2a: Aggron|Heavy Slam|p1a: Tornadus-Therian
|-damage|p1a: Tornadus-Therian|15\/299
|
|turn|5
|chat|Godsend|fuck
|chat|Godsend|lol
|
|move|p1a: Tornadus-Therian|Acrobatics|p2a: Aggron
|-resisted|p2a: Aggron
|-damage|p2a: Aggron|0 fnt
|faint|p2a: Aggron
|
|chat|who needs torn|lol
|
|switch|p2a: Kyurem|Kyurem|391\/391
|-ability|p2a: Kyurem|Pressure
|turn|6
|
|switch|p1a: Blissey|Blissey, F|652\/652
|-damage|p1a: Blissey|571\/652|[from] Stealth Rock
|move|p2a: Kyurem|Ice Beam|p1a: Blissey
|-damage|p1a: Blissey|468\/652
|
|-heal|p1a: Blissey|508\/652|[from] item: Leftovers
|turn|7
|
|switch|p2a: Togetic|Togetic, F|313\/313
|move|p1a: Blissey|Thunder Wave|p2a: Togetic
|-status|p2a: Togetic|par
|
|-heal|p1a: Blissey|548\/652|[from] item: Leftovers
|turn|8
|
|switch|p1a: Mew|Mew|401\/401
|-damage|p1a: Mew|351\/401|[from] Stealth Rock
|move|p2a: Togetic|Baton Pass|p2a: Togetic
|
|switch|p2a: Chandelure|Chandelure, F|291\/291
|
|-heal|p1a: Mew|376\/401|[from] item: Leftovers
|turn|9
|
|switch|p1a: Blissey|Blissey, F|548\/652
|-damage|p1a: Blissey|467\/652|[from] Stealth Rock
|move|p2a: Chandelure|Shadow Ball|p1a: Blissey
|-immune|p1a: Blissey|[msg]
|
|-heal|p1a: Blissey|507\/652|[from] item: Leftovers
|turn|10
|join|Bud Hertz
|
|move|p2a: Chandelure|Substitute|p2a: Chandelure
|-start|p2a: Chandelure|Substitute
|-damage|p2a: Chandelure|219\/291
|move|p1a: Blissey|Thunder Wave|p2a: Chandelure
|
|-heal|p2a: Chandelure|237\/291|[from] item: Leftovers
|-heal|p1a: Blissey|547\/652|[from] item: Leftovers
|turn|11
|
|move|p2a: Chandelure|Calm Mind|p2a: Chandelure
|-boost|p2a: Chandelure|spa|1
|-boost|p2a: Chandelure|spd|1
|move|p1a: Blissey|Soft-Boiled|p1a: Blissey
|-heal|p1a: Blissey|652\/652
|
|-heal|p2a: Chandelure|255\/291|[from] item: Leftovers
|turn|12
|
|switch|p1a: Ampharos|Ampharos-Mega, M|383\/383
|-damage|p1a: Ampharos|336\/383|[from] Stealth Rock
|-ability|p1a: Ampharos|Mold Breaker
|move|p2a: Chandelure|Calm Mind|p2a: Chandelure
|-boost|p2a: Chandelure|spa|1
|-boost|p2a: Chandelure|spd|1
|
|-heal|p2a: Chandelure|273\/291|[from] item: Leftovers
|turn|13
|
|move|p2a: Chandelure|Shadow Ball|p1a: Ampharos
|-damage|p1a: Ampharos|66\/383
|move|p1a: Ampharos|Volt Switch|p2a: Chandelure
|-end|p2a: Chandelure|Substitute
|
|switch|p1a: Tornadus-Therian|Tornadus-Therian, M|114\/299
|-damage|p1a: Tornadus-Therian|40\/299|[from] Stealth Rock
|
|-heal|p2a: Chandelure|291\/291|[from] item: Leftovers
|turn|14
|
|move|p1a: Tornadus-Therian|Knock Off|p2a: Chandelure
|-supereffective|p2a: Chandelure
|-damage|p2a: Chandelure|75\/291
|-enditem|p2a: Chandelure|Leftovers|[from] move: Knock Off|[of] p1a: Tornadus-Therian
|move|p2a: Chandelure|Flamethrower|p1a: Tornadus-Therian
|-crit|p1a: Tornadus-Therian
|-damage|p1a: Tornadus-Therian|0 fnt
|faint|p1a: Tornadus-Therian
|
|chat|Godsend|fukz
|chat|who needs torn|i think dats gg fren
|join|elaborate ruse
|
|switch|p1a: Mew|Mew|376\/401
|-damage|p1a: Mew|326\/401|[from] Stealth Rock
|turn|15
|chat|Godsend|mee tooo
|
|move|p2a: Chandelure|Shadow Ball|p1a: Mew
|-supereffective|p1a: Mew
|-damage|p1a: Mew|0 fnt
|faint|p1a: Mew
|
|chat|who needs torn|thanks 4 da pointz buddy
|
|switch|p1a: Blissey|Blissey, F|652\/652
|-damage|p1a: Blissey|571\/652|[from] Stealth Rock
|turn|16
|chat|Godsend|:D
|
|move|p2a: Chandelure|Substitute|p2a: Chandelure
|-start|p2a: Chandelure|Substitute
|-damage|p2a: Chandelure|3\/291
|move|p1a: Blissey|Thunder Wave|p2a: Chandelure
|
|-heal|p1a: Blissey|611\/652|[from] item: Leftovers
|turn|17
|chat|who needs torn|n_n
|chat|elaborate ruse|keek
|
|move|p2a: Chandelure|Calm Mind|p2a: Chandelure
|-boost|p2a: Chandelure|spa|1
|-boost|p2a: Chandelure|spd|1
|move|p1a: Blissey|Seismic Toss|p2a: Chandelure
|-immune|p2a: Chandelure|[msg]
|
|-heal|p1a: Blissey|651\/652|[from] item: Leftovers
|turn|18
|
|move|p2a: Chandelure|Calm Mind|p2a: Chandelure
|-boost|p2a: Chandelure|spa|1
|-boost|p2a: Chandelure|spd|1
|move|p1a: Blissey|Seismic Toss|p2a: Chandelure
|-immune|p2a: Chandelure|[msg]
|
|-heal|p1a: Blissey|652\/652|[from] item: Leftovers
|turn|19
|-message|Godsend forfeited.
|
|win|who needs torn
|raw|Ladder updating...
|leave|Godsend
|player|p1
|raw|Godsend's rating: 1675 &rarr; <strong>1645<\/strong><br \/>(-30 for losing)
|raw|who needs torn's rating: 1484 &rarr; <strong>1514<\/strong><br \/>(+30 for winning)
|chat|who needs torn|g_g