|join|ayo sb
|join|deluks917
|player|p1|ayo sb|21
|player|p2|deluks917|23
|gametype|singles
|gen|6
|tier|UU
|rated
|rule|Sleep Clause Mod: Limit one foe put to sleep
|rule|Species Clause: Limit one of each Pokémon
|rule|OHKO Clause: OHKO moves are banned
|rule|Moody Clause: Moody is banned
|rule|Evasion Moves Clause: Evasion moves are banned
|rule|Endless Battle Clause: Forcing endless battles is banned
|rule|HP Percentage Mod: HP is shown in percentages
|clearpoke
|poke|p1|Gourgeist-*, F
|poke|p1|Snorlax, M
|poke|p1|Umbreon, F
|poke|p1|Tentacruel, F
|poke|p1|Aerodactyl, F
|poke|p1|Florges, F
|poke|p2|Jirachi
|poke|p2|Alakazam, F
|poke|p2|Zygarde
|poke|p2|Suicune
|poke|p2|Infernape, F
|poke|p2|Raikou
|rule|Swagger Clause: Swagger is banned
|rule|Baton Pass Clause: Limit one Pokémon knowing Baton Pass
|teampreview
|
|start
|switch|p1a: Aerodactyl|Aerodactyl, F|364\/364
|switch|p2a: Zygarde|Zygarde|358\/358
|-ability|p2a: Zygarde|Aura Break
|turn|1
|
|detailschange|p1a: Aerodactyl|Aerodactyl-Mega, F
|-mega|p1a: Aerodactyl|Aerodactyl|Aerodactylite
|move|p1a: Aerodactyl|Stealth Rock|p2a: Zygarde
|-sidestart|p2: deluks917|move: Stealth Rock
|move|p2a: Zygarde|Stone Edge|p1a: Aerodactyl
|-supereffective|p1a: Aerodactyl
|-damage|p1a: Aerodactyl|136\/364
|
|turn|2
|
|switch|p1a: Florges|Florges, F|360\/360
|move|p2a: Zygarde|Coil|p2a: Zygarde
|-boost|p2a: Zygarde|atk|1
|-boost|p2a: Zygarde|def|1
|-boost|p2a: Zygarde|accuracy|1
|
|turn|3
|join|MouseFrog
|
|switch|p2a: Jirachi|Jirachi|342\/342
|-damage|p2a: Jirachi|321\/342|[from] Stealth Rock
|move|p1a: Florges|Moonblast|p2a: Jirachi
|-resisted|p2a: Jirachi
|-damage|p2a: Jirachi|258\/342
|-unboost|p2a: Jirachi|spa|1
|
|-heal|p2a: Jirachi|279\/342|[from] item: Leftovers
|turn|4
|
|switch|p1a: Tentacruel|Tentacruel, F|364\/364
|move|p2a: Jirachi|Substitute|p2a: Jirachi
|-start|p2a: Jirachi|Substitute
|-damage|p2a: Jirachi|194\/342
|
|-heal|p2a: Jirachi|215\/342|[from] item: Leftovers
|turn|5
|
|move|p2a: Jirachi|Iron Head|p1a: Tentacruel
|-resisted|p1a: Tentacruel
|-damage|p1a: Tentacruel|280\/364
|move|p1a: Tentacruel|Scald|p2a: Jirachi
|-activate|p2a: Jirachi|Substitute|[damage]
|
|-heal|p2a: Jirachi|236\/342|[from] item: Leftovers
|-heal|p1a: Tentacruel|302\/364|[from] item: Black Sludge
|turn|6
|
|move|p2a: Jirachi|Iron Head|p1a: Tentacruel
|-resisted|p1a: Tentacruel
|-damage|p1a: Tentacruel|214\/364
|cant|p1a: Tentacruel|flinch
|
|-heal|p2a: Jirachi|257\/342|[from] item: Leftovers
|-heal|p1a: Tentacruel|236\/364|[from] item: Black Sludge
|turn|7
|
|move|p2a: Jirachi|Iron Head|p1a: Tentacruel
|-resisted|p1a: Tentacruel
|-damage|p1a: Tentacruel|148\/364
|move|p1a: Tentacruel|Knock Off|p2a: Jirachi
|-supereffective|p2a: Jirachi
|-end|p2a: Jirachi|Substitute
|
|-heal|p2a: Jirachi|278\/342|[from] item: Leftovers
|-heal|p1a: Tentacruel|170\/364|[from] item: Black Sludge
|turn|8
|
|switch|p2a: Zygarde|Zygarde|358\/358
|-damage|p2a: Zygarde|336\/358|[from] Stealth Rock
|-ability|p2a: Zygarde|Aura Break
|switch|p1a: Gourgeist-Super|Gourgeist-Super, F|374\/374
|-item|p2a: Zygarde|Leftovers|[from] ability: Frisk|[of] p1a: Gourgeist-Super|[identify]
|
|-heal|p2a: Zygarde|358\/358|[from] item: Leftovers
|turn|9
|
|move|p2a: Zygarde|Substitute|p2a: Zygarde
|-start|p2a: Zygarde|Substitute
|-damage|p2a: Zygarde|269\/358
|move|p1a: Gourgeist-Super|Will-O-Wisp|p2a: Zygarde
|
|-heal|p2a: Zygarde|291\/358|[from] item: Leftovers
|turn|10
|
|switch|p1a: Florges|Florges, F|360\/360
|move|p2a: Zygarde|Earthquake|p1a: Florges
|-damage|p1a: Florges|230\/360
|
|-heal|p2a: Zygarde|313\/358|[from] item: Leftovers
|-heal|p1a: Florges|252\/360|[from] item: Leftovers
|turn|11
|
|move|p2a: Zygarde|Coil|p2a: Zygarde
|-boost|p2a: Zygarde|atk|1
|-boost|p2a: Zygarde|def|1
|-boost|p2a: Zygarde|accuracy|1
|move|p1a: Florges|Moonblast|p2a: Zygarde
|-supereffective|p2a: Zygarde
|-end|p2a: Zygarde|Substitute
|
|-heal|p2a: Zygarde|335\/358|[from] item: Leftovers
|-heal|p1a: Florges|274\/360|[from] item: Leftovers
|turn|12
|
|move|p2a: Zygarde|Earthquake|p1a: Florges
|-damage|p1a: Florges|84\/360
|move|p1a: Florges|Moonblast|p2a: Zygarde
|-supereffective|p2a: Zygarde
|-damage|p2a: Zygarde|81\/358
|
|-heal|p2a: Zygarde|103\/358|[from] item: Leftovers
|-heal|p1a: Florges|106\/360|[from] item: Leftovers
|turn|13
|
|switch|p1a: Gourgeist-Super|Gourgeist-Super, F|374\/374
|-item|p2a: Zygarde|Leftovers|[from] ability: Frisk|[of] p1a: Gourgeist-Super|[identify]
|move|p2a: Zygarde|Earthquake|p1a: Gourgeist-Super
|-resisted|p1a: Gourgeist-Super
|-damage|p1a: Gourgeist-Super|308\/374
|
|-heal|p2a: Zygarde|125\/358|[from] item: Leftovers
|-heal|p1a: Gourgeist-Super|331\/374|[from] item: Leftovers
|turn|14
|
|move|p2a: Zygarde|Substitute|p2a: Zygarde
|-start|p2a: Zygarde|Substitute
|-damage|p2a: Zygarde|36\/358
|move|p1a: Gourgeist-Super|Foul Play|p2a: Zygarde
|-activate|p2a: Zygarde|Substitute|[damage]
|
|-heal|p2a: Zygarde|58\/358|[from] item: Leftovers
|-heal|p1a: Gourgeist-Super|354\/374|[from] item: Leftovers
|turn|15
|
|move|p2a: Zygarde|Stone Edge|p1a: Gourgeist-Super
|-damage|p1a: Gourgeist-Super|269\/374
|move|p1a: Gourgeist-Super|Foul Play|p2a: Zygarde
|-crit|p2a: Zygarde
|-end|p2a: Zygarde|Substitute
|
|-heal|p2a: Zygarde|80\/358|[from] item: Leftovers
|-heal|p1a: Gourgeist-Super|292\/374|[from] item: Leftovers
|turn|16
|
|switch|p2a: Infernape|Infernape, F|293\/293
|-damage|p2a: Infernape|257\/293|[from] Stealth Rock
|move|p1a: Gourgeist-Super|Leech Seed|p2a: Infernape
|-start|p2a: Infernape|move: Leech Seed
|
|-heal|p1a: Gourgeist-Super|315\/374|[from] item: Leftovers
|-damage|p2a: Infernape|221\/293|[from] Leech Seed|[of] p1a: Gourgeist-Super
|-heal|p1a: Gourgeist-Super|351\/374|[silent]
|turn|17
|
|switch|p1a: Tentacruel|Tentacruel, F|170\/364
|move|p2a: Infernape|Stealth Rock|p1a: Tentacruel
|-sidestart|p1: ayo sb|move: Stealth Rock
|
|-heal|p1a: Tentacruel|192\/364|[from] item: Black Sludge
|-damage|p2a: Infernape|185\/293|[from] Leech Seed|[of] p1a: Tentacruel
|-heal|p1a: Tentacruel|228\/364|[silent]
|turn|18
|
|switch|p2a: Alakazam|Alakazam, F|251\/251
|move|p1a: Tentacruel|Rapid Spin|p2a: Alakazam
|-crit|p2a: Alakazam
|-damage|p2a: Alakazam|220\/251
|-sideend|p1: ayo sb|Stealth Rock|[from] move: Rapid Spin|[of] p1a: Tentacruel
|
|-heal|p1a: Tentacruel|250\/364|[from] item: Black Sludge
|turn|19
|
|switch|p1a: Umbreon|Umbreon, F|394\/394
|detailschange|p2a: Alakazam|Alakazam-Mega, F
|-mega|p2a: Alakazam|Alakazam|Alakazite
|-ability|p2a: Alakazam|Synchronize|[from] ability: Trace|[of] p1a: Umbreon
|move|p2a: Alakazam|Focus Blast|p1a: Umbreon
|-supereffective|p1a: Umbreon
|-damage|p1a: Umbreon|172\/394
|
|-heal|p1a: Umbreon|196\/394|[from] item: Leftovers
|turn|20
|
|move|p1a: Umbreon|Protect|p1a: Umbreon
|-singleturn|p1a: Umbreon|Protect
|move|p2a: Alakazam|Dazzling Gleam|p1a: Umbreon
|-activate|p1a: Umbreon|Protect
|
|-heal|p1a: Umbreon|220\/394|[from] item: Leftovers
|turn|21
|
|move|p2a: Alakazam|Focus Blast|p1a: Umbreon|[miss]
|-miss|p2a: Alakazam|p1a: Umbreon
|move|p1a: Umbreon|Wish|p1a: Umbreon
|
|-heal|p1a: Umbreon|244\/394|[from] item: Leftovers
|turn|22
|
|switch|p2a: Infernape|Infernape, F|185\/293
|-damage|p2a: Infernape|149\/293|[from] Stealth Rock
|move|p1a: Umbreon|Protect|p1a: Umbreon
|-fail|p1a: Umbreon
|
|-heal|p1a: Umbreon|394\/394|[from] move: Wish|[wisher] Umbreon
|turn|23
|
|switch|p1a: Tentacruel|Tentacruel, F|250\/364
|move|p2a: Infernape|Stealth Rock|p1a: Tentacruel
|-sidestart|p1: ayo sb|move: Stealth Rock
|
|-heal|p1a: Tentacruel|272\/364|[from] item: Black Sludge
|turn|24
|
|move|p2a: Infernape|Close Combat|p1a: Tentacruel
|-resisted|p1a: Tentacruel
|-damage|p1a: Tentacruel|133\/364
|-unboost|p2a: Infernape|def|1
|-unboost|p2a: Infernape|spd|1
|move|p1a: Tentacruel|Rapid Spin|p2a: Infernape
|-damage|p2a: Infernape|123\/293
|-sideend|p1: ayo sb|Stealth Rock|[from] move: Rapid Spin|[of] p1a: Tentacruel
|
|-heal|p1a: Tentacruel|155\/364|[from] item: Black Sludge
|turn|25
|
|move|p2a: Infernape|Stealth Rock|p1a: Tentacruel
|-sidestart|p1: ayo sb|move: Stealth Rock
|move|p1a: Tentacruel|Scald|p2a: Infernape
|-supereffective|p2a: Infernape
|-damage|p2a: Infernape|0 fnt
|faint|p2a: Infernape
|
|-heal|p1a: Tentacruel|177\/364|[from] item: Black Sludge
|
|switch|p2a: Zygarde|Zygarde|80\/358
|-damage|p2a: Zygarde|58\/358|[from] Stealth Rock
|-ability|p2a: Zygarde|Aura Break
|turn|26
|
|switch|p1a: Gourgeist-Super|Gourgeist-Super, F|351\/374
|-damage|p1a: Gourgeist-Super|305\/374|[from] Stealth Rock
|-item|p2a: Zygarde|Leftovers|[from] ability: Frisk|[of] p1a: Gourgeist-Super|[identify]
|move|p2a: Zygarde|Earthquake|p1a: Gourgeist-Super
|-resisted|p1a: Gourgeist-Super
|-damage|p1a: Gourgeist-Super|255\/374
|
|-heal|p2a: Zygarde|80\/358|[from] item: Leftovers
|-heal|p1a: Gourgeist-Super|278\/374|[from] item: Leftovers
|turn|27
|
|move|p2a: Zygarde|Stone Edge|p1a: Gourgeist-Super
|-damage|p1a: Gourgeist-Super|213\/374
|move|p1a: Gourgeist-Super|Will-O-Wisp|p2a: Zygarde
|-status|p2a: Zygarde|brn
|
|-heal|p2a: Zygarde|102\/358 brn|[from] item: Leftovers
|-heal|p1a: Gourgeist-Super|236\/374|[from] item: Leftovers
|-damage|p2a: Zygarde|58\/358 brn|[from] brn
|turn|28
|
|move|p2a: Zygarde|Stone Edge|p1a: Gourgeist-Super
|-damage|p1a: Gourgeist-Super|204\/374
|move|p1a: Gourgeist-Super|Synthesis|p1a: Gourgeist-Super
|-heal|p1a: Gourgeist-Super|374\/374
|
|-heal|p2a: Zygarde|80\/358 brn|[from] item: Leftovers
|-damage|p2a: Zygarde|36\/358 brn|[from] brn
|turn|29
|
|move|p2a: Zygarde|Stone Edge|p1a: Gourgeist-Super
|-damage|p1a: Gourgeist-Super|342\/374
|move|p1a: Gourgeist-Super|Foul Play|p2a: Zygarde
|-damage|p2a: Zygarde|0 fnt
|faint|p2a: Zygarde
|
|-heal|p1a: Gourgeist-Super|365\/374|[from] item: Leftovers
|
|switch|p2a: Suicune|Suicune|345\/345
|-damage|p2a: Suicune|302\/345|[from] Stealth Rock
|-ability|p2a: Suicune|Pressure
|turn|30
|c| MouseFrog|gourgeist is mean :(
|
|move|p2a: Suicune|Calm Mind|p2a: Suicune
|-boost|p2a: Suicune|spa|1
|-boost|p2a: Suicune|spd|1
|move|p1a: Gourgeist-Super|Leech Seed|p2a: Suicune
|-start|p2a: Suicune|move: Leech Seed
|
|-heal|p2a: Suicune|323\/345|[from] item: Leftovers
|-heal|p1a: Gourgeist-Super|374\/374|[from] item: Leftovers
|-damage|p2a: Suicune|280\/345|[from] Leech Seed|[of] p1a: Gourgeist-Super
|turn|31
|
|switch|p1a: Florges|Florges, F|106\/360
|-damage|p1a: Florges|61\/360|[from] Stealth Rock
|move|p2a: Suicune|Ice Beam|p1a: Florges
|-damage|p1a: Florges|0 fnt
|faint|p1a: Florges
|
|-heal|p2a: Suicune|301\/345|[from] item: Leftovers
|
|switch|p1a: Snorlax|Snorlax, M|497\/497
|-damage|p1a: Snorlax|435\/497|[from] Stealth Rock
|turn|32
|
|switch|p2a: Jirachi|Jirachi|278\/342
|-damage|p2a: Jirachi|257\/342|[from] Stealth Rock
|move|p1a: Snorlax|Curse|p1a: Snorlax
|-boost|p1a: Snorlax|atk|1
|-boost|p1a: Snorlax|def|1
|-unboost|p1a: Snorlax|spe|1
|
|-heal|p2a: Jirachi|278\/342|[from] item: Leftovers
|-heal|p1a: Snorlax|466\/497|[from] item: Leftovers
|turn|33
|-message|ayo sb lost due to inactivity.
|
|win|deluks917
|raw|Ladder updating...
|raw|ayo sb's rating: 1476 &rarr; <strong>1456<\/strong><br \/>(-20 for losing)
|raw|deluks917's rating: 1477 &rarr; <strong>1497<\/strong><br \/>(+20 for winning)