|join|meowiekins
|join|ayo sb
|player|p1|meowiekins|160
|player|p2|ayo sb|21
|gametype|singles
|gen|6
|tier|UU
|rated
|rule|Sleep Clause Mod: Limit one foe put to sleep
|rule|Species Clause: Limit one of each Pokémon
|rule|OHKO Clause: OHKO moves are banned
|rule|Moody Clause: Moody is banned
|rule|Evasion Moves Clause: Evasion moves are banned
|rule|Endless Battle Clause: Forcing endless battles is banned
|rule|HP Percentage Mod: HP is shown in percentages
|clearpoke
|poke|p1|Mienshao, F
|poke|p1|Machamp, M
|poke|p1|Lucario, F
|poke|p1|Froslass, F
|poke|p1|Aerodactyl, F
|poke|p1|Swampert, F
|poke|p2|Weezing, M
|poke|p2|Quagsire, M
|poke|p2|Blissey, F
|poke|p2|Jellicent, M
|poke|p2|Aerodactyl, F
|poke|p2|Reuniclus, M
|rule|Swagger Clause: Swagger is banned
|rule|Baton Pass Clause: Limit one Pokémon knowing Baton Pass
|teampreview
|
|start
|switch|p1a: Froslass|Froslass, F|344\/344
|switch|p2a: Aerodactyl|Aerodactyl, F|364\/364
|turn|1
|
|detailschange|p2a: Aerodactyl|Aerodactyl-Mega, F
|message|Aerodactyl has Mega Evolved into Mega Aerodactyl!
|move|p1a: Froslass|Icy Wind|p2a: Aerodactyl
|-supereffective|p2a: Aerodactyl
|-damage|p2a: Aerodactyl|256\/364
|-unboost|p2a: Aerodactyl|spe|1
|move|p2a: Aerodactyl|Aerial Ace|p1a: Froslass
|-damage|p1a: Froslass|161\/344
|
|turn|2
|
|move|p1a: Froslass|Spikes|p2a: Aerodactyl
|-sidestart|p2: ayo sb|Spikes
|move|p2a: Aerodactyl|Taunt|p1a: Froslass
|-start|p1a: Froslass|move: Taunt
|
|turn|3
|
|switch|p1a: Swampert|Swampert, F|404\/404
|move|p2a: Aerodactyl|Aerial Ace|p1a: Swampert
|-damage|p1a: Swampert|304\/404
|
|-heal|p1a: Swampert|329\/404|[from] item: Leftovers
|turn|4
|
|switch|p2a: Blissey|Blissey, F|651\/651
|-damage|p2a: Blissey|570\/651|[from] Spikes
|move|p1a: Swampert|Stealth Rock|p2a: Blissey
|-sidestart|p2: ayo sb|move: Stealth Rock
|
|-heal|p2a: Blissey|610\/651|[from] item: Leftovers
|-heal|p1a: Swampert|354\/404|[from] item: Leftovers
|turn|5
|
|switch|p1a: Froslass|Froslass, F|161\/344
|move|p2a: Blissey|Stealth Rock|p1a: Froslass
|-sidestart|p1: meowiekins|move: Stealth Rock
|
|-heal|p2a: Blissey|650\/651|[from] item: Leftovers
|turn|6
|
|switch|p2a: Aerodactyl|Aerodactyl-Mega, F|256\/364
|-damage|p2a: Aerodactyl|165\/364|[from] Stealth Rock
|move|p1a: Froslass|Spikes|p2a: Aerodactyl
|-sidestart|p2: ayo sb|Spikes
|
|turn|7
|
|move|p2a: Aerodactyl|Defog|p1a: Froslass
|-unboost|p1a: Froslass|evasion|1
|-sideend|p1: meowiekins|Stealth Rock|[from] move: Defog|[of] p1a: Froslass
|-sideend|p2: ayo sb|Spikes|[from] move: Defog|[of] p2a: Aerodactyl
|-sideend|p2: ayo sb|Stealth Rock|[from] move: Defog|[of] p2a: Aerodactyl
|move|p1a: Froslass|Icy Wind|p2a: Aerodactyl
|-supereffective|p2a: Aerodactyl
|-damage|p2a: Aerodactyl|49\/364
|-unboost|p2a: Aerodactyl|spe|1
|
|turn|8
|
|switch|p2a: Jellicent|Jellicent, M|404\/404
|move|p1a: Froslass|Icy Wind|p2a: Jellicent
|-resisted|p2a: Jellicent
|-damage|p2a: Jellicent|384\/404
|-unboost|p2a: Jellicent|spe|1
|
|-heal|p2a: Jellicent|404\/404|[from] item: Leftovers
|turn|9
|
|switch|p1a: Machamp|Machamp, M|384\/384
|move|p2a: Jellicent|Taunt|p1a: Machamp
|-start|p1a: Machamp|move: Taunt
|
|turn|10
|
|switch|p2a: Weezing|Weezing, M|334\/334
|move|p1a: Machamp|Knock Off|p2a: Weezing
|-damage|p2a: Weezing|252\/334
|-enditem|p2a: Weezing|Leftovers|[from] move: Knock Off|[of] p1a: Machamp
|
|turn|11
|
|switch|p1a: Swampert|Swampert, F|354\/404
|move|p2a: Weezing|Toxic Spikes|p1a: Swampert
|-sidestart|p1: meowiekins|move: Toxic Spikes
|
|-heal|p1a: Swampert|379\/404|[from] item: Leftovers
|turn|12
|
|move|p2a: Weezing|Will-O-Wisp|p1a: Swampert
|-status|p1a: Swampert|brn
|move|p1a: Swampert|Stealth Rock|p2a: Weezing
|-sidestart|p2: ayo sb|move: Stealth Rock
|
|-heal|p1a: Swampert|404\/404 brn|[from] item: Leftovers
|-damage|p1a: Swampert|354\/404 brn|[from] brn
|turn|13
|join|YoungLegend
|
|move|p2a: Weezing|Toxic Spikes|p1a: Swampert
|-sidestart|p1: meowiekins|move: Toxic Spikes
|move|p1a: Swampert|Scald|p2a: Weezing
|-damage|p2a: Weezing|138\/334
|-status|p2a: Weezing|brn
|
|-heal|p1a: Swampert|379\/404 brn|[from] item: Leftovers
|-damage|p2a: Weezing|97\/334 brn|[from] brn
|-damage|p1a: Swampert|329\/404 brn|[from] brn
|turn|14
|
|move|p2a: Weezing|Pain Split|p1a: Swampert
|-sethp|p1a: Swampert|213\/404 brn|p2a: Weezing|213\/334 brn|[from] move: Pain Split
|move|p1a: Swampert|Scald|p2a: Weezing
|-damage|p2a: Weezing|93\/334 brn
|
|-heal|p1a: Swampert|238\/404 brn|[from] item: Leftovers
|-damage|p2a: Weezing|52\/334 brn|[from] brn
|-damage|p1a: Swampert|188\/404 brn|[from] brn
|turn|15
|
|switch|p1a: Froslass|Froslass, F|161\/344
|-status|p1a: Froslass|tox
|move|p2a: Weezing|Pain Split|p1a: Froslass
|-sethp|p1a: Froslass|106\/344 tox|p2a: Weezing|106\/334 brn|[from] move: Pain Split
|
|-damage|p1a: Froslass|85\/344 tox|[from] psn
|-damage|p2a: Weezing|65\/334 brn|[from] brn
|turn|16
|
|move|p1a: Froslass|Spikes|p2a: Weezing
|-sidestart|p2: ayo sb|Spikes
|move|p2a: Weezing|Sludge Bomb|p1a: Froslass
|-resisted|p1a: Froslass
|-damage|p1a: Froslass|23\/344 tox
|
|-damage|p1a: Froslass|0 fnt|[from] psn
|-damage|p2a: Weezing|24\/334 brn|[from] brn
|faint|p1a: Froslass
|
|switch|p1a: Aerodactyl|Aerodactyl, F|343\/343
|-ability|p1a: Aerodactyl|Pressure
|turn|17
|
|detailschange|p1a: Aerodactyl|Aerodactyl-Mega, F
|message|Aerodactyl has Mega Evolved into Mega Aerodactyl!
|move|p1a: Aerodactyl|Pursuit|p2a: Weezing
|-damage|p2a: Weezing|0 fnt
|faint|p2a: Weezing
|
|join|aVeryBraveBird
|
|switch|p2a: Quagsire|Quagsire, M|352\/352
|-damage|p2a: Quagsire|330\/352|[from] Stealth Rock
|-damage|p2a: Quagsire|286\/352|[from] Spikes
|turn|18
|join|Pootytoots
|
|switch|p1a: Machamp|Machamp, M|384\/384
|-status|p1a: Machamp|tox
|move|p2a: Quagsire|Scald|p1a: Machamp
|-damage|p1a: Machamp|324\/384 tox
|
|-heal|p2a: Quagsire|308\/352|[from] item: Leftovers
|-damage|p1a: Machamp|300\/384 tox|[from] psn
|turn|19
|
|switch|p2a: Aerodactyl|Aerodactyl-Mega, F|49\/364
|-damage|p2a: Aerodactyl|0 fnt|[from] Stealth Rock
|faint|p2a: Aerodactyl
|move|p1a: Machamp|Close Combat|p2: Aerodactyl|[notarget]
|-notarget
|
|-damage|p1a: Machamp|252\/384 tox|[from] psn
|
|switch|p2a: Reuniclus|Reuniclus, M|423\/423
|turn|20
|
|switch|p1a: Swampert|Swampert, F|188\/404 brn
|move|p2a: Reuniclus|Recover|p2a: Reuniclus
|-fail|p2a: Reuniclus
|
|-heal|p1a: Swampert|213\/404 brn|[from] item: Leftovers
|-damage|p1a: Swampert|163\/404 brn|[from] brn
|turn|21
|
|move|p2a: Reuniclus|Psyshock|p1a: Swampert
|-damage|p1a: Swampert|76\/404 brn
|move|p1a: Swampert|Roar|p2a: Reuniclus
|drag|p2a: Quagsire|Quagsire, M|308\/352
|-damage|p2a: Quagsire|286\/352|[from] Stealth Rock
|-damage|p2a: Quagsire|242\/352|[from] Spikes
|
|-heal|p1a: Swampert|101\/404 brn|[from] item: Leftovers
|-heal|p2a: Quagsire|264\/352|[from] item: Leftovers
|-damage|p1a: Swampert|51\/404 brn|[from] brn
|turn|22
|
|move|p1a: Swampert|Scald|p2a: Quagsire
|-damage|p2a: Quagsire|116\/352
|-status|p2a: Quagsire|brn
|move|p2a: Quagsire|Recover|p2a: Quagsire
|-heal|p2a: Quagsire|292\/352 brn
|
|-heal|p1a: Swampert|76\/404 brn|[from] item: Leftovers
|-heal|p2a: Quagsire|314\/352 brn|[from] item: Leftovers
|-damage|p1a: Swampert|26\/404 brn|[from] brn
|-damage|p2a: Quagsire|270\/352 brn|[from] brn
|turn|23
|
|move|p1a: Swampert|Scald|p2a: Quagsire
|-damage|p2a: Quagsire|125\/352 brn
|move|p2a: Quagsire|Recover|p2a: Quagsire
|-heal|p2a: Quagsire|301\/352 brn
|
|-heal|p1a: Swampert|51\/404 brn|[from] item: Leftovers
|-heal|p2a: Quagsire|323\/352 brn|[from] item: Leftovers
|-damage|p1a: Swampert|1\/404 brn|[from] brn
|-damage|p2a: Quagsire|279\/352 brn|[from] brn
|turn|24
|
|move|p1a: Swampert|Scald|p2a: Quagsire
|-crit|p2a: Quagsire
|-damage|p2a: Quagsire|62\/352 brn
|move|p2a: Quagsire|Recover|p2a: Quagsire
|-heal|p2a: Quagsire|238\/352 brn
|
|-heal|p1a: Swampert|26\/404 brn|[from] item: Leftovers
|-heal|p2a: Quagsire|260\/352 brn|[from] item: Leftovers
|-damage|p1a: Swampert|0 fnt|[from] brn
|-damage|p2a: Quagsire|216\/352 brn|[from] brn
|faint|p1a: Swampert
|
|switch|p1a: Machamp|Machamp, M|252\/384 tox
|turn|25
|
|move|p1a: Machamp|Close Combat|p2a: Quagsire
|-damage|p2a: Quagsire|0 fnt
|-unboost|p1a: Machamp|def|1
|-unboost|p1a: Machamp|spd|1
|faint|p2a: Quagsire
|
|-damage|p1a: Machamp|228\/384 tox|[from] psn
|
|switch|p2a: Reuniclus|Reuniclus, M|423\/423
|turn|26
|
|switch|p1a: Aerodactyl|Aerodactyl-Mega, F|343\/343
|move|p2a: Reuniclus|Recover|p2a: Reuniclus
|-fail|p2a: Reuniclus
|
|turn|27
|
|move|p1a: Aerodactyl|Taunt|p2a: Reuniclus
|-start|p2a: Reuniclus|move: Taunt
|cant|p2a: Reuniclus|move: Taunt|Calm Mind
|
|turn|28
|
|move|p1a: Aerodactyl|Stone Edge|p2a: Reuniclus
|-damage|p2a: Reuniclus|264\/423
|move|p2a: Reuniclus|Psyshock|p1a: Aerodactyl
|-damage|p1a: Aerodactyl|214\/343
|
|-heal|p2a: Reuniclus|290\/423|[from] item: Leftovers
|turn|29
|
|move|p1a: Aerodactyl|Stone Edge|p2a: Reuniclus
|-damage|p2a: Reuniclus|139\/423
|move|p2a: Reuniclus|Psyshock|p1a: Aerodactyl
|-damage|p1a: Aerodactyl|82\/343
|
|-heal|p2a: Reuniclus|165\/423|[from] item: Leftovers
|-end|p2a: Reuniclus|move: Taunt
|turn|30
|
|move|p1a: Aerodactyl|Taunt|p2a: Reuniclus
|-start|p2a: Reuniclus|move: Taunt
|move|p2a: Reuniclus|Psyshock|p1a: Aerodactyl
|-damage|p1a: Aerodactyl|0 fnt
|faint|p1a: Aerodactyl
|
|-heal|p2a: Reuniclus|191\/423|[from] item: Leftovers
|
|switch|p1a: Mienshao|Mienshao, F|271\/271
|-status|p1a: Mienshao|tox
|turn|31
|
|switch|p2a: Blissey|Blissey, F|650\/651
|-damage|p2a: Blissey|569\/651|[from] Spikes
|-damage|p2a: Blissey|488\/651|[from] Stealth Rock
|move|p1a: Mienshao|U-turn|p2a: Blissey
|-damage|p2a: Blissey|349\/651
|
|switch|p1a: Lucario|Lucario, F|281\/281
|
|-heal|p2a: Blissey|389\/651|[from] item: Leftovers
|turn|32
|
|move|p1a: Lucario|Swords Dance|p1a: Lucario
|-boost|p1a: Lucario|atk|2
|move|p2a: Blissey|Seismic Toss|p1a: Lucario
|-damage|p1a: Lucario|181\/281
|
|-heal|p2a: Blissey|429\/651|[from] item: Leftovers
|turn|33
|
|move|p1a: Lucario|Swords Dance|p1a: Lucario
|-boost|p1a: Lucario|atk|2
|move|p2a: Blissey|Seismic Toss|p1a: Lucario
|-damage|p1a: Lucario|81\/281
|
|-heal|p2a: Blissey|469\/651|[from] item: Leftovers
|turn|34
|
|move|p1a: Lucario|Close Combat|p2a: Blissey
|-supereffective|p2a: Blissey
|-damage|p2a: Blissey|0 fnt
|-unboost|p1a: Lucario|def|1
|-unboost|p1a: Lucario|spd|1
|-damage|p1a: Lucario|53\/281|[from] item: Life Orb
|faint|p2a: Blissey
|
|
|switch|p2a: Jellicent|Jellicent, M|404\/404
|-damage|p2a: Jellicent|354\/404|[from] Stealth Rock
|-damage|p2a: Jellicent|304\/404|[from] Spikes
|turn|35
|
|move|p1a: Lucario|Earthquake|p2a: Jellicent
|-damage|p2a: Jellicent|0 fnt
|-damage|p1a: Lucario|25\/281|[from] item: Life Orb
|faint|p2a: Jellicent
|
|c|★meowiekins|gg
|c|★ayo sb|gg
|
|switch|p2a: Reuniclus|Reuniclus, M|191\/423
|turn|36
|
|move|p1a: Lucario|Earthquake|p2a: Reuniclus
|-damage|p2a: Reuniclus|0 fnt
|-damage|p1a: Lucario|0 fnt|[from] item: Life Orb
|faint|p2a: Reuniclus
|faint|p1a: Lucario
|
|win|meowiekins
|raw|Ladder updating...
|c| Pootytoots|rip reuniclus :(
|leave|ayo sb
|player|p2