|join|ayo sb
|join|greyheracross
|player|p1|ayo sb|169
|player|p2|greyheracross|169
|gametype|singles
|gen|6
|tier|UU
|rated
|rule|Sleep Clause Mod: Limit one foe put to sleep
|rule|Species Clause: Limit one of each Pokémon
|rule|OHKO Clause: OHKO moves are banned
|rule|Moody Clause: Moody is banned
|rule|Evasion Moves Clause: Evasion moves are banned
|rule|Endless Battle Clause: Forcing endless battles is banned
|rule|HP Percentage Mod: HP is shown in percentages
|clearpoke
|poke|p1|Banette, M
|poke|p1|Lucario, M
|poke|p1|Archeops, F
|poke|p1|Froslass, F
|poke|p1|Whimsicott, F
|poke|p1|Durant, M
|poke|p2|Alakazam, F
|poke|p2|Crobat, F
|poke|p2|Krookodile, F
|poke|p2|Florges, F
|poke|p2|Suicune
|poke|p2|Lucario, M
|rule|Swagger Clause: Swagger is banned
|rule|Baton Pass Clause: Limit one Pokémon knowing Baton Pass
|teampreview
|join|idousm
|c| idousm|im outta here
|leave|idousm
|
|start
|switch|p1a: Archeops|Archeops, F|291\/291
|switch|p2a: Alakazam|Alakazam, F|252\/252
|turn|1
|
|switch|p2a: Suicune|Suicune|401\/401
|-ability|p2a: Suicune|Pressure
|move|p1a: Archeops|U-turn|p2a: Suicune
|-damage|p2a: Suicune|344\/401
|
|switch|p1a: Froslass|Froslass, F|282\/282
|
|-heal|p2a: Suicune|369\/401|[from] item: Leftovers
|turn|2
|
|move|p1a: Froslass|Spikes|p2a: Suicune
|-sidestart|p2: greyheracross|Spikes
|move|p2a: Suicune|Scald|p1a: Froslass
|-damage|p1a: Froslass|164\/282
|-status|p1a: Froslass|brn
|
|-heal|p2a: Suicune|394\/401|[from] item: Leftovers
|-damage|p1a: Froslass|129\/282 brn|[from] brn
|turn|3
|
|switch|p2a: Alakazam|Alakazam, F|252\/252
|move|p1a: Froslass|Spikes|p2a: Alakazam
|-sidestart|p2: greyheracross|Spikes
|
|-damage|p1a: Froslass|94\/282 brn|[from] brn
|turn|4
|
|detailschange|p2a: Alakazam|Alakazam-Mega, F
|message|Alakazam has Mega Evolved into Mega Alakazam!
|-ability|p2a: Alakazam|Cursed Body|[from] ability: Trace|[of] p1a: Froslass
|move|p1a: Froslass|Icy Wind|p2a: Alakazam
|-crit|p2a: Alakazam
|-damage|p2a: Alakazam|149\/252
|-unboost|p2a: Alakazam|spe|1
|move|p2a: Alakazam|Psyshock|p1a: Froslass
|-damage|p1a: Froslass|0 fnt
|faint|p1a: Froslass
|
|
|switch|p1a: Archeops|Archeops, F|291\/291
|turn|5
|
|switch|p2a: Suicune|Suicune|394\/401
|-damage|p2a: Suicune|328\/401|[from] Spikes
|-ability|p2a: Suicune|Pressure
|move|p1a: Archeops|U-turn|p2a: Suicune
|-damage|p2a: Suicune|274\/401
|
|switch|p1a: Whimsicott|Whimsicott, F|261\/261
|
|-heal|p2a: Suicune|299\/401|[from] item: Leftovers
|turn|6
|
|switch|p2a: Crobat|Crobat, F|311\/311
|move|p1a: Whimsicott|Leech Seed|p2a: Crobat
|-start|p2a: Crobat|move: Leech Seed
|
|-damage|p2a: Crobat|273\/311|[from] Leech Seed|[of] p1a: Whimsicott
|turn|7
|
|switch|p1a: Archeops|Archeops, F|291\/291
|move|p2a: Crobat|Defog|p1a: Archeops
|-unboost|p1a: Archeops|evasion|1
|-sideend|p2: greyheracross|Spikes|[from] move: Defog|[of] p2a: Crobat
|
|-heal|p2a: Crobat|292\/311|[from] item: Leftovers
|-damage|p2a: Crobat|254\/311|[from] Leech Seed|[of] p1a: Archeops
|turn|8
|
|switch|p2a: Suicune|Suicune|299\/401
|-ability|p2a: Suicune|Pressure
|move|p1a: Archeops|Acrobatics|p2a: Suicune
|-damage|p2a: Suicune|155\/401
|
|-heal|p2a: Suicune|180\/401|[from] item: Leftovers
|turn|9
|
|move|p1a: Archeops|U-turn|p2a: Suicune
|-damage|p2a: Suicune|124\/401
|
|switch|p1a: Whimsicott|Whimsicott, F|261\/261
|move|p2a: Suicune|Rest|p2a: Suicune
|-status|p2a: Suicune|slp
|-heal|p2a: Suicune|401\/401 slp|[silent]
|-status|p2a: Suicune|slp|[from] move: Rest
|
|turn|10
|
|switch|p2a: Crobat|Crobat, F|254\/311
|move|p1a: Whimsicott|Leech Seed|p2a: Crobat
|-start|p2a: Crobat|move: Leech Seed
|
|-heal|p2a: Crobat|273\/311|[from] item: Leftovers
|-damage|p2a: Crobat|235\/311|[from] Leech Seed|[of] p1a: Whimsicott
|turn|11
|
|switch|p1a: Durant|Durant, M|258\/258
|move|p2a: Crobat|U-turn|p1a: Durant
|-resisted|p1a: Durant
|-damage|p1a: Durant|227\/258
|
|switch|p2a: Alakazam|Alakazam-Mega, F|149\/252
|-ability|p2a: Alakazam|Hustle|[from] ability: Trace|[of] p1a: Durant
|
|turn|12
|
|move|p1a: Durant|X-Scissor|p2a: Alakazam
|-supereffective|p2a: Alakazam
|-damage|p2a: Alakazam|0 fnt
|faint|p2a: Alakazam
|
|
|switch|p2a: Crobat|Crobat, F|235\/311
|turn|13
|
|switch|p1a: Archeops|Archeops, F|291\/291
|move|p2a: Crobat|Brave Bird|p1a: Archeops
|-resisted|p1a: Archeops
|-damage|p1a: Archeops|181\/291
|-damage|p2a: Crobat|199\/311|[from] recoil|[of] p1a: Archeops
|
|-heal|p2a: Crobat|218\/311|[from] item: Leftovers
|turn|14
|
|move|p2a: Crobat|U-turn|p1a: Archeops
|-resisted|p1a: Archeops
|-damage|p1a: Archeops|136\/291
|
|switch|p2a: Suicune|Suicune|401\/401 slp
|-ability|p2a: Suicune|Pressure
|move|p1a: Archeops|Roost|p1a: Archeops
|-heal|p1a: Archeops|282\/291
|
|turn|15
|
|move|p1a: Archeops|U-turn|p2a: Suicune
|-crit|p2a: Suicune
|-damage|p2a: Suicune|313\/401 slp
|
|switch|p1a: Whimsicott|Whimsicott, F|261\/261
|cant|p2a: Suicune|slp
|move|p2a: Suicune|Sleep Talk|p2a: Suicune
|move|p2a: Suicune|Rest|p2a: Suicune|[from]Sleep Talk
|-fail|p2a: Suicune
|
|-heal|p2a: Suicune|338\/401 slp|[from] item: Leftovers
|turn|16
|
|switch|p2a: Crobat|Crobat, F|218\/311
|move|p1a: Whimsicott|Giga Drain|p2a: Crobat
|-resisted|p2a: Crobat
|-damage|p2a: Crobat|179\/311
|-damage|p1a: Whimsicott|235\/261|[from] item: Life Orb
|
|-heal|p2a: Crobat|198\/311|[from] item: Leftovers
|turn|17
|
|switch|p1a: Archeops|Archeops, F|282\/291
|move|p2a: Crobat|U-turn|p1a: Archeops
|-resisted|p1a: Archeops
|-damage|p1a: Archeops|233\/291
|
|switch|p2a: Krookodile|Krookodile, F|332\/332
|
|turn|18
|join|idousm
|
|switch|p1a: Whimsicott|Whimsicott, F|235\/261
|move|p2a: Krookodile|Stone Edge|p1a: Whimsicott
|-damage|p1a: Whimsicott|111\/261
|
|turn|19
|
|switch|p2a: Crobat|Crobat, F|198\/311
|switch|p1a: Lucario|Lucario, M|281\/281
|
|-heal|p2a: Crobat|217\/311|[from] item: Leftovers
|turn|20
|
|move|p2a: Crobat|Brave Bird|p1a: Lucario
|-damage|p1a: Lucario|50\/281
|-damage|p2a: Crobat|141\/311|[from] recoil|[of] p1a: Lucario
|move|p1a: Lucario|Ice Punch|p2a: Crobat
|-supereffective|p2a: Crobat
|-damage|p2a: Crobat|0 fnt
|-damage|p1a: Lucario|22\/281|[from] item: Life Orb
|faint|p2a: Crobat
|
|
|switch|p2a: Krookodile|Krookodile, F|332\/332
|turn|21
|
|move|p2a: Krookodile|Knock Off|p1a: Lucario
|-resisted|p1a: Lucario
|-damage|p1a: Lucario|0 fnt
|-enditem|p1a: Lucario|Life Orb|[from] move: Knock Off|[of] p2a: Krookodile
|faint|p1a: Lucario
|-boost|p2a: Krookodile|atk|1|[from] ability: Moxie
|
|
|switch|p1a: Durant|Durant, M|227\/258
|turn|22
|
|switch|p2a: Suicune|Suicune|338\/401 slp
|-ability|p2a: Suicune|Pressure
|move|p1a: Durant|Superpower|p2a: Suicune
|-damage|p2a: Suicune|223\/401 slp
|-unboost|p1a: Durant|atk|1
|-unboost|p1a: Durant|def|1
|
|-heal|p2a: Suicune|248\/401 slp|[from] item: Leftovers
|turn|23
|
|switch|p1a: Whimsicott|Whimsicott, F|111\/261
|cant|p2a: Suicune|slp
|move|p2a: Suicune|Sleep Talk|p2a: Suicune
|move|p2a: Suicune|Scald|p1a: Whimsicott|[from]Sleep Talk
|-resisted|p1a: Whimsicott
|-damage|p1a: Whimsicott|56\/261
|
|-heal|p2a: Suicune|273\/401 slp|[from] item: Leftovers
|turn|24
|
|switch|p2a: Lucario|Lucario, M|281\/281
|move|p1a: Whimsicott|Giga Drain|p2a: Lucario
|-resisted|p2a: Lucario
|-damage|p2a: Lucario|198\/281
|-heal|p1a: Whimsicott|98\/261|[from] drain|[of] p2a: Lucario
|-damage|p1a: Whimsicott|72\/261|[from] item: Life Orb
|
|turn|25
|
|switch|p1a: Durant|Durant, M|227\/258
|move|p2a: Lucario|Iron Tail|p1a: Durant
|-resisted|p1a: Durant
|-damage|p1a: Durant|128\/258
|-damage|p2a: Lucario|170\/281|[from] item: Life Orb
|
|turn|26
|
|switch|p2a: Florges|Florges, F|360\/360
|move|p1a: Durant|Superpower|p2a: Florges
|-resisted|p2a: Florges
|-damage|p2a: Florges|278\/360
|-unboost|p1a: Durant|atk|1
|-unboost|p1a: Durant|def|1
|
|-heal|p2a: Florges|300\/360|[from] item: Leftovers
|turn|27
|
|switch|p1a: Banette|Banette, M|278\/278
|-item|p2a: Florges|Leftovers|[from] ability: Frisk|[of] p1a: Banette|[identify]
|move|p2a: Florges|Moonblast|p1a: Banette
|-damage|p1a: Banette|103\/278
|-unboost|p1a: Banette|spa|1
|
|-heal|p2a: Florges|322\/360|[from] item: Leftovers
|turn|28
|
|detailschange|p1a: Banette|Banette-Mega, M
|message|Banette has Mega Evolved into Mega Banette!
|move|p1a: Banette|Gunk Shot|p2a: Florges|[miss]
|-miss|p1a: Banette|p2a: Florges
|move|p2a: Florges|Moonblast|p1a: Banette
|-damage|p1a: Banette|0 fnt
|faint|p1a: Banette
|
|-heal|p2a: Florges|344\/360|[from] item: Leftovers
|
|switch|p1a: Archeops|Archeops, F|233\/291
|turn|29
|
|move|p2a: Florges|Protect|p2a: Florges
|-singleturn|p2a: Florges|Protect
|move|p1a: Archeops|Acrobatics|p2a: Florges
|-activate|p2a: Florges|Protect
|
|-heal|p2a: Florges|360\/360|[from] item: Leftovers
|turn|30
|
|move|p1a: Archeops|Acrobatics|p2a: Florges
|-damage|p2a: Florges|185\/360
|move|p2a: Florges|Moonblast|p1a: Archeops
|-crit|p1a: Archeops
|-damage|p1a: Archeops|0 fnt
|faint|p1a: Archeops
|
|-heal|p2a: Florges|207\/360|[from] item: Leftovers
|
|switch|p1a: Durant|Durant, M|128\/258
|turn|31
|
|move|p2a: Florges|Protect|p2a: Florges
|-singleturn|p2a: Florges|Protect
|move|p1a: Durant|Iron Head|p2a: Florges
|-activate|p2a: Florges|Protect
|
|-heal|p2a: Florges|229\/360|[from] item: Leftovers
|turn|32
|
|switch|p2a: Suicune|Suicune|273\/401 slp
|-ability|p2a: Suicune|Pressure
|move|p1a: Durant|Iron Head|p2a: Suicune
|-resisted|p2a: Suicune
|-damage|p2a: Suicune|212\/401 slp
|
|-heal|p2a: Suicune|237\/401 slp|[from] item: Leftovers
|turn|33
|
|switch|p2a: Lucario|Lucario, M|170\/281
|move|p1a: Durant|Iron Head|p2a: Lucario
|-crit|p2a: Lucario
|-resisted|p2a: Lucario
|-damage|p2a: Lucario|0 fnt
|faint|p2a: Lucario
|
|
|switch|p2a: Suicune|Suicune|237\/401 slp
|-ability|p2a: Suicune|Pressure
|turn|34
|
|switch|p1a: Whimsicott|Whimsicott, F|72\/261
|-curestatus|p2a: Suicune|slp
|move|p2a: Suicune|Sleep Talk|p2a: Suicune
|-fail|p2a: Suicune
|
|-heal|p2a: Suicune|262\/401|[from] item: Leftovers
|turn|35
|
|switch|p2a: Florges|Florges, F|229\/360
|move|p1a: Whimsicott|Giga Drain|p2a: Florges
|-damage|p2a: Florges|138\/360
|-heal|p1a: Whimsicott|118\/261|[from] drain|[of] p2a: Florges
|-damage|p1a: Whimsicott|92\/261|[from] item: Life Orb
|
|-heal|p2a: Florges|160\/360|[from] item: Leftovers
|turn|36
|
|move|p1a: Whimsicott|Leech Seed|p2a: Florges
|-start|p2a: Florges|move: Leech Seed
|move|p2a: Florges|Moonblast|p1a: Whimsicott
|-damage|p1a: Whimsicott|0 fnt
|faint|p1a: Whimsicott
|
|-heal|p2a: Florges|182\/360|[from] item: Leftovers
|
|switch|p1a: Durant|Durant, M|128\/258
|turn|37
|
|switch|p2a: Suicune|Suicune|262\/401
|-ability|p2a: Suicune|Pressure
|move|p1a: Durant|X-Scissor|p2a: Suicune
|-damage|p2a: Suicune|141\/401
|
|-heal|p2a: Suicune|166\/401|[from] item: Leftovers
|turn|38
|
|move|p1a: Durant|X-Scissor|p2a: Suicune
|-damage|p2a: Suicune|49\/401
|move|p2a: Suicune|Scald|p1a: Durant
|-damage|p1a: Durant|0 fnt
|faint|p1a: Durant
|
|win|greyheracross
|raw|Ladder updating...
|raw|ayo sb's rating: 1478 &rarr; <strong>1457<\/strong><br \/>(-21 for losing)
|raw|greyheracross's rating: 1468 &rarr; <strong>1488<\/strong><br \/>(+20 for winning)
|c|★ayo sb|gg
|c|★greyheracross|gg
|leave|ayo sb
|player|p1