|join|ArchPhantom
|join|TFL
|player|p1|ArchPhantom|222
|player|p2|TFL|263
|gametype|singles
|gen|6
|tier|OU
|clearpoke
|poke|p1|Landorus-Therian, M
|poke|p1|Heatran, M
|poke|p1|Ferrothorn, M
|poke|p1|Latios, M
|poke|p1|Diancie
|poke|p1|Keldeo
|poke|p2|Landorus-Therian, M
|poke|p2|Latios, M
|poke|p2|Heatran, F
|poke|p2|Keldeo
|poke|p2|Ferrothorn, M
|poke|p2|Gardevoir, M, shiny
|rule|Swagger Clause: Swagger is banned
|rule|Baton Pass Clause: Limit one Pokémon knowing Baton Pass
|rule|Sleep Clause Mod: Limit one foe put to sleep
|rule|Species Clause: Limit one of each Pokémon
|rule|OHKO Clause: OHKO moves are banned
|rule|Moody Clause: Moody is banned
|rule|Evasion Moves Clause: Evasion moves are banned
|rule|Endless Battle Clause: Forcing endless battles is banned
|rule|HP Percentage Mod: HP is shown in percentages
|teampreview
|c|★ArchPhantom|gl
|c|★TFL|bl hf
|
|start
|switch|p1a: Diancie|Diancie|241\/241
|switch|p2a: Landorus-Therian|Landorus-Therian, M|381\/381
|-ability|p2a: Landorus-Therian|Intimidate|[of] p1a: Diancie
|-fail|p1a: Diancie|unboost|[from] ability: Clear Body|[of] p1a: Diancie
|turn|1
|
|detailschange|p1a: Diancie|Diancie-Mega
|-mega|p1a: Diancie|Diancie|Diancite
|move|p1a: Diancie|Protect|p1a: Diancie
|-singleturn|p1a: Diancie|Protect
|move|p2a: Landorus-Therian|Earthquake|p1a: Diancie
|-activate|p1a: Diancie|Protect
|
|turn|2
|c|★TFL|lemme hit you with dis
|
|switch|p1a: Landorus-Therian|Landorus-Therian, M|379\/379
|-ability|p1a: Landorus-Therian|Intimidate|[of] p2a: Landorus-Therian
|-unboost|p2a: Landorus-Therian|atk|1
|move|p2a: Landorus-Therian|Earthquake|p1a: Landorus-Therian
|-immune|p1a: Landorus-Therian|[msg]
|
|turn|3
|
|move|p2a: Landorus-Therian|Imprison|p2a: Landorus-Therian
|-start|p2a: Landorus-Therian|move: Imprison
|cant|p1a: Landorus-Therian|move: Imprison|Stealth Rock
|
|turn|4
|c|★TFL|plz
|c|★ArchPhantom|Lol
|c|★TFL|i am real dont you know
|c|★ArchPhantom|omgoodness
|join|crobat69
|join|Mystialized
|leave|ArchPhantom
|player|p1
|join|ArchPhantom
|player|p1|ArchPhantom|222
|leave|crobat69
|join|belgrade
|
|switch|p1a: Diancie|Diancie-Mega|241\/241
|move|p2a: Landorus-Therian|U-turn|p1a: Diancie
|-resisted|p1a: Diancie
|-damage|p1a: Diancie|220\/241
|
|switch|p2a: Ferrothorn|Ferrothorn, M|352\/352
|
|turn|5
|
|switch|p1a: Heatran|Heatran, M|323\/323
|move|p2a: Ferrothorn|Leech Seed|p1a: Heatran
|-start|p1a: Heatran|move: Leech Seed
|
|-damage|p1a: Heatran|283\/323|[from] Leech Seed|[of] p2a: Ferrothorn
|turn|6
|
|switch|p1a: Keldeo|Keldeo|323\/323
|switch|p2a: Keldeo|Keldeo|324\/324
|
|turn|7
|
|switch|p2a: Latios|Latios, M|301\/301
|move|p1a: Keldeo|Secret Sword|p2a: Latios
|-crit|p2a: Latios
|-resisted|p2a: Latios
|-damage|p2a: Latios|172\/301
|
|turn|8
|c|★ArchPhantom|soz
|c|★TFL|should be -3-
|
|switch|p1a: Ferrothorn|Ferrothorn, M|352\/352
|move|p2a: Latios|Psychic|p1a: Ferrothorn
|-resisted|p1a: Ferrothorn
|-damage|p1a: Ferrothorn|266\/352
|-damage|p2a: Latios|142\/301|[from] item: Life Orb
|
|-heal|p1a: Ferrothorn|288\/352|[from] item: Leftovers
|turn|9
|c|★TFL|:p
|
|switch|p2a: Landorus-Therian|Landorus-Therian, M|381\/381
|-ability|p2a: Landorus-Therian|Intimidate|[of] p1a: Ferrothorn
|-unboost|p1a: Ferrothorn|atk|1
|move|p1a: Ferrothorn|Spikes|p2a: Landorus-Therian
|-sidestart|p2: TFL|Spikes
|
|-heal|p1a: Ferrothorn|310\/352|[from] item: Leftovers
|turn|10
|
|move|p2a: Landorus-Therian|Stealth Rock|p1a: Ferrothorn
|-sidestart|p1: ArchPhantom|move: Stealth Rock
|move|p1a: Ferrothorn|Leech Seed|p2a: Landorus-Therian
|-start|p2a: Landorus-Therian|move: Leech Seed
|
|-heal|p1a: Ferrothorn|332\/352|[from] item: Leftovers
|-damage|p2a: Landorus-Therian|334\/381|[from] Leech Seed|[of] p1a: Ferrothorn
|-heal|p1a: Ferrothorn|352\/352|[silent]
|turn|11
|
|switch|p2a: Heatran|Heatran, F|323\/323
|-damage|p2a: Heatran|283\/323|[from] Spikes
|move|p1a: Ferrothorn|Spikes|p2a: Heatran
|-sidestart|p2: TFL|Spikes
|
|turn|12
|
|switch|p1a: Keldeo|Keldeo|323\/323
|-damage|p1a: Keldeo|303\/323|[from] Stealth Rock
|move|p2a: Heatran|Overheat|p1a: Keldeo
|-resisted|p1a: Keldeo
|-damage|p1a: Keldeo|175\/323
|-unboost|p2a: Heatran|spa|2
|
|-heal|p1a: Keldeo|195\/323|[from] item: Leftovers
|turn|13
|
|switch|p2a: Keldeo|Keldeo|324\/324
|-damage|p2a: Keldeo|270\/324|[from] Spikes
|move|p1a: Keldeo|Scald|p2a: Keldeo
|-resisted|p2a: Keldeo
|-damage|p2a: Keldeo|197\/324
|-status|p2a: Keldeo|brn
|
|-heal|p1a: Keldeo|215\/323|[from] item: Leftovers
|-damage|p2a: Keldeo|157\/324 brn|[from] brn
|turn|14
|c|★ArchPhantom|Aw man I got to roll man
|c|★ArchPhantom|nice innovatoness
|c|★ArchPhantom|gg
|c|★TFL|cyaz
|-message|ArchPhantom forfeited.
|
|win|TFL
|leave|ArchPhantom
|leave|TFL
|
|player|p1
|player|p2
|leave|belgrade