|join|ArchPhantom
|join|Pure Demize
|join|Reverend
|player|p1|ArchPhantom|222
|player|p2|Pure Demize|269
|gametype|singles
|gen|6
|tier|OU
|clearpoke
|poke|p1|Landorus-Therian, M
|poke|p1|Latias, F
|poke|p1|Rotom-Wash
|poke|p1|Heatran, F
|poke|p1|Heracross, F
|poke|p1|Ferrothorn, F
|poke|p2|Gyarados, F
|poke|p2|Raikou
|poke|p2|Clefable, F
|poke|p2|Latias, F
|poke|p2|Heatran, F
|poke|p2|Landorus-Therian, M
|rule|Swagger Clause: Swagger is banned
|rule|Baton Pass Clause: Limit one Pokémon knowing Baton Pass
|rule|Sleep Clause Mod: Limit one foe put to sleep
|rule|Species Clause: Limit one of each Pokémon
|rule|OHKO Clause: OHKO moves are banned
|rule|Moody Clause: Moody is banned
|rule|Evasion Moves Clause: Evasion moves are banned
|rule|Endless Battle Clause: Forcing endless battles is banned
|rule|HP Percentage Mod: HP is shown in percentages
|teampreview
|c|★Pure Demize|glhf
|join|LadderSoTall
|c|★ArchPhantom|u2
|join|Agilis
|
|start
|switch|p1a: Rotom-Wash|Rotom-Wash|303\/303
|switch|p2a: Landorus-Therian|Landorus-Therian, M|382\/382
|-ability|p2a: Landorus-Therian|Intimidate|[of] p1a: Rotom-Wash
|-unboost|p1a: Rotom-Wash|atk|1
|turn|1
|join|king of spycrabs
|join|reborncelebi
|join|MajesticM
|
|switch|p2a: Clefable|Clefable, F|394\/394
|move|p1a: Rotom-Wash|Volt Switch|p2a: Clefable
|-damage|p2a: Clefable|306\/394
|join|SomaTGE
|
|switch|p1a: Heatran|Heatran, F|323\/323
|
|turn|2
|
|switch|p1a: Landorus-Therian|Landorus-Therian, M|336\/336
|-ability|p1a: Landorus-Therian|Intimidate|[of] p2a: Clefable
|-unboost|p2a: Clefable|atk|1
|switch|p2a: Landorus-Therian|Landorus-Therian, M|382\/382
|-ability|p2a: Landorus-Therian|Intimidate|[of] p1a: Landorus-Therian
|-unboost|p1a: Landorus-Therian|atk|1
|
|turn|3
|
|move|p1a: Landorus-Therian|Knock Off|p2a: Landorus-Therian
|-damage|p2a: Landorus-Therian|309\/382
|-enditem|p2a: Landorus-Therian|Leftovers|[from] move: Knock Off|[of] p1a: Landorus-Therian
|move|p2a: Landorus-Therian|Stealth Rock|p1a: Landorus-Therian
|-sidestart|p1: ArchPhantom|move: Stealth Rock
|
|turn|4
|
|move|p1a: Landorus-Therian|Knock Off|p2a: Landorus-Therian
|-damage|p2a: Landorus-Therian|262\/382
|move|p2a: Landorus-Therian|Knock Off|p1a: Landorus-Therian
|-damage|p1a: Landorus-Therian|212\/336
|-enditem|p1a: Landorus-Therian|Leftovers|[from] move: Knock Off|[of] p2a: Landorus-Therian
|
|turn|5
|
|switch|p1a: Ferrothorn|Ferrothorn, F|352\/352
|-damage|p1a: Ferrothorn|330\/352|[from] Stealth Rock
|move|p2a: Landorus-Therian|U-turn|p1a: Ferrothorn
|-damage|p1a: Ferrothorn|282\/352
|-damage|p2a: Landorus-Therian|215\/382|[from] ability: Iron Barbs|[of] p1a: Ferrothorn
|
|switch|p2a: Heatran|Heatran, F|323\/323
|
|-heal|p1a: Ferrothorn|304\/352|[from] item: Leftovers
|turn|6
|
|switch|p1a: Latias|Latias, F|319\/319
|-damage|p1a: Latias|280\/319|[from] Stealth Rock
|move|p2a: Heatran|Overheat|p1a: Latias
|-resisted|p1a: Latias
|-damage|p1a: Latias|178\/319
|-unboost|p2a: Heatran|spa|2
|
|turn|7
|
|switch|p2a: Clefable|Clefable, F|306\/394
|move|p1a: Latias|Defog|p2a: Clefable
|-unboost|p2a: Clefable|evasion|1
|-sideend|p1: ArchPhantom|Stealth Rock|[from] move: Defog|[of] p1a: Latias
|
|turn|8
|
|switch|p1a: Heatran|Heatran, F|323\/323
|switch|p2a: Gyarados|Gyarados, F|360\/360
|-ability|p2a: Gyarados|Intimidate|[of] p1a: Heatran
|-unboost|p1a: Heatran|atk|1
|
|turn|9
|
|switch|p1a: Ferrothorn|Ferrothorn, F|304\/352
|detailschange|p2a: Gyarados|Gyarados-Mega, F
|-mega|p2a: Gyarados|Gyarados|Gyaradosite
|-ability|p2a: Gyarados|Mold Breaker
|move|p2a: Gyarados|Taunt|p1a: Ferrothorn
|-start|p1a: Ferrothorn|move: Taunt
|
|-heal|p1a: Ferrothorn|326\/352|[from] item: Leftovers
|turn|10
|c|★ArchPhantom|Oh shyt
|join|Australiano
|
|move|p2a: Gyarados|Waterfall|p1a: Ferrothorn
|-resisted|p1a: Ferrothorn
|-damage|p1a: Ferrothorn|269\/352
|-damage|p2a: Gyarados|315\/360|[from] ability: Iron Barbs|[of] p1a: Ferrothorn
|move|p1a: Ferrothorn|Gyro Ball|p2a: Gyarados
|-resisted|p2a: Gyarados
|-damage|p2a: Gyarados|233\/360
|
|-heal|p1a: Ferrothorn|291\/352|[from] item: Leftovers
|turn|11
|c|★Pure Demize|lol
|
|move|p2a: Gyarados|Dragon Dance|p2a: Gyarados
|-boost|p2a: Gyarados|atk|1
|-boost|p2a: Gyarados|spe|1
|move|p1a: Ferrothorn|Gyro Ball|p2a: Gyarados
|-resisted|p2a: Gyarados
|-damage|p2a: Gyarados|149\/360
|
|-heal|p1a: Ferrothorn|313\/352|[from] item: Leftovers
|turn|12
|c|★Pure Demize|hmm
|c|★Pure Demize|that was a bad move
|join|Specs Jesus
|
|switch|p2a: Heatran|Heatran, F|323\/323
|move|p1a: Ferrothorn|Power Whip|p2a: Heatran
|-resisted|p2a: Heatran
|-damage|p2a: Heatran|291\/323
|
|-heal|p1a: Ferrothorn|335\/352|[from] item: Leftovers
|-end|p1a: Ferrothorn|move: Taunt
|turn|13
|leave|LadderSoTall
|
|switch|p1a: Latias|Latias, F|178\/319
|move|p2a: Heatran|Overheat|p1a: Latias
|-resisted|p1a: Latias
|-damage|p1a: Latias|79\/319
|-unboost|p2a: Heatran|spa|2
|
|turn|14
|
|switch|p2a: Clefable|Clefable, F|306\/394
|switch|p1a: Heatran|Heatran, F|323\/323
|
|turn|15
|
|switch|p2a: Heatran|Heatran, F|291\/323
|move|p1a: Heatran|Flash Cannon|p2a: Heatran
|-resisted|p2a: Heatran
|-damage|p2a: Heatran|256\/323
|
|turn|16
|join|Rooo
|
|switch|p1a: Rotom-Wash|Rotom-Wash|303\/303
|switch|p2a: Landorus-Therian|Landorus-Therian, M|215\/382
|-ability|p2a: Landorus-Therian|Intimidate|[of] p1a: Rotom-Wash
|-unboost|p1a: Rotom-Wash|atk|1
|
|turn|17
|
|move|p1a: Rotom-Wash|Hydro Pump|p2a: Landorus-Therian
|-supereffective|p2a: Landorus-Therian
|-damage|p2a: Landorus-Therian|0 fnt
|faint|p2a: Landorus-Therian
|
|
|switch|p2a: Clefable|Clefable, F|306\/394
|turn|18
|
|move|p1a: Rotom-Wash|Volt Switch|p2a: Clefable
|-damage|p2a: Clefable|210\/394
|
|switch|p1a: Landorus-Therian|Landorus-Therian, M|212\/336
|-ability|p1a: Landorus-Therian|Intimidate|[of] p2a: Clefable
|-unboost|p2a: Clefable|atk|1
|move|p2a: Clefable|Soft-Boiled|p2a: Clefable
|-heal|p2a: Clefable|394\/394
|
|turn|19
|
|move|p1a: Landorus-Therian|Swords Dance|p1a: Landorus-Therian
|-boost|p1a: Landorus-Therian|atk|2
|move|p2a: Clefable|Calm Mind|p2a: Clefable
|-boost|p2a: Clefable|spa|1
|-boost|p2a: Clefable|spd|1
|
|turn|20
|c|★Pure Demize|nb
|
|move|p1a: Landorus-Therian|Earthquake|p2a: Clefable
|-damage|p2a: Clefable|9\/394
|move|p2a: Clefable|Moonblast|p1a: Landorus-Therian
|-crit|p1a: Landorus-Therian
|-damage|p1a: Landorus-Therian|0 fnt
|faint|p1a: Landorus-Therian
|
|c|★ArchPhantom|:]
|
|switch|p1a: Rotom-Wash|Rotom-Wash|303\/303
|turn|21
|join|roy0408
|
|switch|p2a: Raikou|Raikou|321\/321
|-ability|p2a: Raikou|Pressure
|move|p1a: Rotom-Wash|Volt Switch|p2a: Raikou
|-resisted|p2a: Raikou
|-damage|p2a: Raikou|296\/321
|
|switch|p1a: Heatran|Heatran, F|323\/323
|
|turn|22
|leave|roy0408
|
|switch|p2a: Latias|Latias, F|315\/315
|move|p1a: Heatran|Lava Plume|p2a: Latias
|-resisted|p2a: Latias
|-damage|p2a: Latias|261\/315
|
|turn|23
|
|switch|p1a: Ferrothorn|Ferrothorn, F|335\/352
|switch|p2a: Heatran|Heatran, F|256\/323
|
|-heal|p1a: Ferrothorn|352\/352|[from] item: Leftovers
|turn|24
|join|Timelord1313
|
|switch|p1a: Rotom-Wash|Rotom-Wash|303\/303
|move|p2a: Heatran|Overheat|p1a: Rotom-Wash
|-resisted|p1a: Rotom-Wash
|-damage|p1a: Rotom-Wash|178\/303
|-unboost|p2a: Heatran|spa|2
|
|-heal|p1a: Rotom-Wash|196\/303|[from] item: Leftovers
|turn|25
|
|switch|p2a: Raikou|Raikou|296\/321
|-ability|p2a: Raikou|Pressure
|move|p1a: Rotom-Wash|Volt Switch|p2a: Raikou
|-resisted|p2a: Raikou
|-damage|p2a: Raikou|266\/321
|
|switch|p1a: Heracross|Heracross, F|301\/301
|
|turn|26
|
|detailschange|p1a: Heracross|Heracross-Mega, F
|-mega|p1a: Heracross|Heracross|Heracronite
|move|p2a: Raikou|Volt Switch|p1a: Heracross
|-damage|p1a: Heracross|196\/301
|
|switch|p2a: Clefable|Clefable, F|9\/394
|move|p1a: Heracross|Substitute|p1a: Heracross
|-start|p1a: Heracross|Substitute
|-damage|p1a: Heracross|121\/301
|
|turn|27
|
|move|p1a: Heracross|Close Combat|p2a: Clefable
|-resisted|p2a: Clefable
|-damage|p2a: Clefable|0 fnt
|-unboost|p1a: Heracross|def|1
|-unboost|p1a: Heracross|spd|1
|faint|p2a: Clefable
|
|
|switch|p2a: Raikou|Raikou|266\/321
|-ability|p2a: Raikou|Pressure
|turn|28
|join|LightSage1331
|join|Specs Fake-Out
|c| Specs Fake-Out|you done fucked up
|
|move|p2a: Raikou|Volt Switch|p1a: Heracross
|-end|p1a: Heracross|Substitute
|c| Specs Fake-Out|let hera get a sub?
|c| Specs Fake-Out|is you crazy
|
|switch|p2a: Latias|Latias, F|261\/315
|move|p1a: Heracross|Pin Missile|p2a: Latias
|-supereffective|p2a: Latias
|-damage|p2a: Latias|117\/315
|-supereffective|p2a: Latias
|-damage|p2a: Latias|0 fnt
|-hitcount|p2a: Latias|2
|faint|p2a: Latias
|
|
|switch|p2a: Heatran|Heatran, F|256\/323
|turn|29
|join|Andrewrb15
|
|switch|p1a: Heatran|Heatran, F|323\/323
|move|p2a: Heatran|Earth Power|p1a: Heatran
|-supereffective|p1a: Heatran
|-damage|p1a: Heatran|0 fnt
|faint|p1a: Heatran
|
|c| LightSage1331|the plays tho
|join|testing 123ds
|
|switch|p1a: Latias|Latias, F|79\/319
|turn|30
|c| Specs Fake-Out|dododo bop
|join|only team testing
|leave|Timelord1313
|
|switch|p2a: Gyarados|Gyarados-Mega, F|149\/360
|-ability|p2a: Gyarados|Mold Breaker
|move|p1a: Latias|Healing Wish|p1a: Latias
|faint|p1a: Latias
|
|
|switch|p1a: Heracross|Heracross-Mega, F|121\/301
|-heal|p1a: Heracross|301\/301|[from] move: Healing Wish
|turn|31
|leave|Specs Jesus
|
|switch|p1a: Ferrothorn|Ferrothorn, F|352\/352
|move|p2a: Gyarados|Taunt|p1a: Ferrothorn
|-start|p1a: Ferrothorn|move: Taunt
|
|turn|32
|c| testing 123ds|heracross about to give you that good D
|c| Specs Fake-Out|welcome back hera cross
|
|switch|p2a: Heatran|Heatran, F|256\/323
|move|p1a: Ferrothorn|Power Whip|p2a: Heatran
|-resisted|p2a: Heatran
|-damage|p2a: Heatran|223\/323
|
|turn|33
|
|switch|p2a: Raikou|Raikou|266\/321
|-ability|p2a: Raikou|Pressure
|switch|p1a: Rotom-Wash|Rotom-Wash|196\/303
|
|-heal|p1a: Rotom-Wash|214\/303|[from] item: Leftovers
|turn|34
|c| testing 123ds|MVP of this pokemon life: Heracross, return of the stall booty smasher
|
|switch|p1a: Ferrothorn|Ferrothorn, F|352\/352
|move|p2a: Raikou|Thunderbolt|p1a: Ferrothorn
|-resisted|p1a: Ferrothorn
|-damage|p1a: Ferrothorn|301\/352
|
|-heal|p1a: Ferrothorn|323\/352|[from] item: Leftovers
|turn|35
|c|★ArchPhantom|xD
|join|keymoe
|c| LightSage1331|lol
|
|move|p2a: Raikou|Shadow Ball|p1a: Ferrothorn
|-damage|p1a: Ferrothorn|262\/352
|move|p1a: Ferrothorn|Stealth Rock|p2a: Raikou
|-sidestart|p2: Pure Demize|move: Stealth Rock
|
|-heal|p1a: Ferrothorn|284\/352|[from] item: Leftovers
|turn|36
|c|★Pure Demize|lmao
|leave|keymoe
|c|★Pure Demize|17
|c|★Pure Demize|ass
|
|move|p2a: Raikou|Shadow Ball|p1a: Ferrothorn
|-damage|p1a: Ferrothorn|220\/352
|move|p1a: Ferrothorn|Leech Seed|p2a: Raikou
|-start|p2a: Raikou|move: Leech Seed
|
|-heal|p1a: Ferrothorn|242\/352|[from] item: Leftovers
|-damage|p2a: Raikou|226\/321|[from] Leech Seed|[of] p1a: Ferrothorn
|-heal|p1a: Ferrothorn|282\/352|[silent]
|turn|37
|c| testing 123ds|That damage #prayers
|
|switch|p2a: Heatran|Heatran, F|223\/323
|-damage|p2a: Heatran|183\/323|[from] Stealth Rock
|move|p1a: Ferrothorn|Leech Seed|p2a: Heatran
|-start|p2a: Heatran|move: Leech Seed
|
|-heal|p1a: Ferrothorn|304\/352|[from] item: Leftovers
|-damage|p2a: Heatran|143\/323|[from] Leech Seed|[of] p1a: Ferrothorn
|-heal|p1a: Ferrothorn|344\/352|[silent]
|turn|38
|c| LightSage1331|gotta bring out tran within 2 turns before he predicts with rotom-W
|c| LightSage1331|gud :]
|c| testing 123ds|in b4 rotom-w
|
|switch|p1a: Rotom-Wash|Rotom-Wash|214\/303
|move|p2a: Heatran|Overheat|p1a: Rotom-Wash
|-resisted|p1a: Rotom-Wash
|-damage|p1a: Rotom-Wash|104\/303
|-unboost|p2a: Heatran|spa|2
|
|-heal|p1a: Rotom-Wash|122\/303|[from] item: Leftovers
|-damage|p2a: Heatran|103\/323|[from] Leech Seed|[of] p1a: Rotom-Wash
|-heal|p1a: Rotom-Wash|162\/303|[silent]
|turn|39
|c| testing 123ds|he's gonna pump all over you
|
|switch|p2a: Raikou|Raikou|226\/321
|-damage|p2a: Raikou|186\/321|[from] Stealth Rock
|-ability|p2a: Raikou|Pressure
|move|p1a: Rotom-Wash|Volt Switch|p2a: Raikou
|-resisted|p2a: Raikou
|-damage|p2a: Raikou|159\/321
|c| testing 123ds|JK
|
|switch|p1a: Ferrothorn|Ferrothorn, F|344\/352
|
|-heal|p1a: Ferrothorn|352\/352|[from] item: Leftovers
|turn|40
|c| LightSage1331|inb4 volot absorb raikou tho
|c| LightSage1331|*volt
|c| testing 123ds|leech seed if real
|c| LightSage1331|here comes another seed...
|join|raiderrocker18
|c| LightSage1331|fertilizing all dem plants
|c|★Pure Demize|leech seed is the only thing he should go for lol
|c| testing 123ds|If he doesnt leech seed....I'll break my PC
|
|move|p2a: Raikou|Volt Switch|p1a: Ferrothorn
|-resisted|p1a: Ferrothorn
|-damage|p1a: Ferrothorn|312\/352
|c|★ArchPhantom|Cancel cancel gdi
|c|★ArchPhantom|lol
|
|switch|p2a: Gyarados|Gyarados-Mega, F|149\/360
|-damage|p2a: Gyarados|104\/360|[from] Stealth Rock
|-ability|p2a: Gyarados|Mold Breaker
|move|p1a: Ferrothorn|Leech Seed|p2a: Gyarados
|-start|p2a: Gyarados|move: Leech Seed
|
|-heal|p1a: Ferrothorn|334\/352|[from] item: Leftovers
|-damage|p2a: Gyarados|59\/360|[from] Leech Seed|[of] p1a: Ferrothorn
|-heal|p1a: Ferrothorn|352\/352|[silent]
|turn|41
|c| testing 123ds|lol
|c| Andrewrb15|oh were sending out counters?
|c|★ArchPhantom|Phew
|c| testing 123ds|Taunt
|c| raiderrocker18|sub ferrothorn
|c| raiderrocker18|reveal
|c| testing 123ds|he's gonna taunt so you cant seed him
|c| LightSage1331|inb4 predicts switch if real
|c|★Pure Demize|taunt would be useless tbh
|c| raiderrocker18|go into rotom of real
|
|move|p2a: Gyarados|Crunch|p1a: Ferrothorn
|-damage|p1a: Ferrothorn|243\/352
|-damage|p2a: Gyarados|14\/360|[from] ability: Iron Barbs|[of] p1a: Ferrothorn
|move|p1a: Ferrothorn|Gyro Ball|p2a: Gyarados
|-resisted|p2a: Gyarados
|-damage|p2a: Gyarados|0 fnt
|faint|p2a: Gyarados
|
|-heal|p1a: Ferrothorn|265\/352|[from] item: Leftovers
|c| raiderrocker18|leech seed recovery
|
|switch|p2a: Heatran|Heatran, F|103\/323
|-damage|p2a: Heatran|63\/323|[from] Stealth Rock
|turn|42
|c|★Pure Demize|gg
|c| testing 123ds|Heracross is just waiting there like "put me in coach"
|c|★ArchPhantom|gg
|c| Specs Fake-Out|lmao
|c| LightSage1331|lol
|c| MajesticM|lol
|
|move|p2a: Heatran|Overheat|p1a: Ferrothorn
|-supereffective|p1a: Ferrothorn
|-damage|p1a: Ferrothorn|0 fnt
|-unboost|p2a: Heatran|spa|2
|faint|p1a: Ferrothorn
|
|
|switch|p1a: Rotom-Wash|Rotom-Wash|162\/303
|turn|43
|c| Andrewrb15|pain split if real
|
|switch|p2a: Raikou|Raikou|159\/321
|-damage|p2a: Raikou|119\/321|[from] Stealth Rock
|-ability|p2a: Raikou|Pressure
|move|p1a: Rotom-Wash|Volt Switch|p2a: Raikou
|-resisted|p2a: Raikou
|-damage|p2a: Raikou|90\/321
|c|★Pure Demize|lol
|c|★ArchPhantom|Lol no need
|
|switch|p1a: Heracross|Heracross-Mega, F|301\/301
|
|turn|44
|c| Andrewrb15|give him a chance
|c| testing 123ds|"this is my moment" - Hera Cross
|c| LightSage1331|lol
|
|move|p2a: Raikou|Thunderbolt|p1a: Heracross
|-crit|p1a: Heracross
|-damage|p1a: Heracross|79\/301
|move|p1a: Heracross|Close Combat|p2a: Raikou
|-damage|p2a: Raikou|0 fnt
|-unboost|p1a: Heracross|def|1
|-unboost|p1a: Heracross|spd|1
|faint|p2a: Raikou
|
|c|★ArchPhantom|Ooo
|c| LightSage1331|no para, gg
|c|★ArchPhantom|yh
|leave|king of spycrabs
|
|switch|p2a: Heatran|Heatran, F|63\/323
|-damage|p2a: Heatran|23\/323|[from] Stealth Rock
|turn|45
|c| Andrewrb15|hp grass
|
|move|p2a: Heatran|Overheat|p1a: Heracross
|-supereffective|p1a: Heracross
|-damage|p1a: Heracross|0 fnt
|-unboost|p2a: Heatran|spa|2
|faint|p1a: Heracross
|
|c|★ArchPhantom|Down to the wire
|
|switch|p1a: Rotom-Wash|Rotom-Wash|162\/303
|turn|46
|c| testing 123ds|will o wisp imo
|join|Hallovv
|c|★ArchPhantom|lol
|c|★Pure Demize|^
|c| testing 123ds|I'll break my PC if he will-o-wisps
|
|move|p2a: Heatran|Overheat|p1a: Rotom-Wash
|-resisted|p1a: Rotom-Wash
|-damage|p1a: Rotom-Wash|102\/303
|-unboost|p2a: Heatran|spa|2
|move|p1a: Rotom-Wash|Volt Switch|p2a: Heatran
|-damage|p2a: Heatran|0 fnt
|faint|p2a: Heatran
|
|win|ArchPhantom
|leave|ArchPhantom
|leave|only team testing
|player|p1
|c| Andrewrb15|crit might have killed there
|leave|Hallovv
|c| testing 123ds|true
|c|★Pure Demize|i don't think so
|leave|testing 123ds
|leave|raiderrocker18
|c| Andrewrb15|*would have
|leave|Specs Fake-Out
|leave|SomaTGE
|c| Andrewrb15|he was -2 and it did 20
|c| Andrewrb15|would have done 60 if math is correct
|leave|MajesticM
|join|MajesticM
|leave|Pure Demize
|leave|MajesticM
|player|p2
|leave|LightSage1331