|join|bt14022
|join|sloopkogeltje
|player|p1|bt14022|167
|player|p2|sloopkogeltje|101
|gametype|singles
|gen|6
|tier|UU
|rated
|rule|Sleep Clause Mod: Limit one foe put to sleep
|rule|Species Clause: Limit one of each Pokémon
|rule|OHKO Clause: OHKO moves are banned
|rule|Moody Clause: Moody is banned
|rule|Evasion Moves Clause: Evasion moves are banned
|rule|Endless Battle Clause: Forcing endless battles is banned
|rule|HP Percentage Mod: HP is shown in percentages
|clearpoke
|poke|p1|Sharpedo, M
|poke|p1|Crobat, F
|poke|p1|Rotom-Mow
|poke|p1|Slowking, M
|poke|p1|Registeel
|poke|p1|Machamp, M
|poke|p2|Sharpedo, M
|poke|p2|Yanmega, F
|poke|p2|Shuckle, F
|poke|p2|Raikou
|poke|p2|Lucario, M
|poke|p2|Celebi
|rule|Swagger Clause: Swagger is banned
|rule|Baton Pass Clause: Limit one Pokémon knowing Baton Pass
|teampreview
|c|★bt14022|gl
|
|start
|switch|p1a: Machamp|Machamp, M|377\/377
|switch|p2a: Shuckle|Shuckle, F|243\/243
|turn|1
|
|move|p1a: Machamp|Dynamic Punch|p2a: Shuckle
|-damage|p2a: Shuckle|141\/243
|-start|p2a: Shuckle|confusion
|-activate|p2a: Shuckle|confusion
|-damage|p2a: Shuckle|137\/243|[from] confusion
|
|-heal|p2a: Shuckle|152\/243|[from] item: Leftovers
|turn|2
|
|move|p1a: Machamp|Knock Off|p2a: Shuckle
|-crit|p2a: Shuckle
|-damage|p2a: Shuckle|57\/243
|-enditem|p2a: Shuckle|Leftovers|[from] move: Knock Off|[of] p1a: Machamp
|-activate|p2a: Shuckle|confusion
|move|p2a: Shuckle|Stealth Rock|p1a: Machamp
|-sidestart|p1: bt14022|move: Stealth Rock
|
|turn|3
|
|switch|p2a: Celebi|Celebi|404\/404
|move|p1a: Machamp|Dynamic Punch|p2a: Celebi
|-resisted|p2a: Celebi
|-damage|p2a: Celebi|335\/404
|-start|p2a: Celebi|confusion
|
|turn|4
|
|-activate|p2a: Celebi|confusion
|move|p2a: Celebi|Swords Dance|p2a: Celebi
|-boost|p2a: Celebi|atk|2
|move|p1a: Machamp|Knock Off|p2a: Celebi
|-supereffective|p2a: Celebi
|-damage|p2a: Celebi|145\/404
|-enditem|p2a: Celebi|Weakness Policy
|-boost|p2a: Celebi|atk|2|[from] item: Weakness Policy
|-boost|p2a: Celebi|spa|2|[from] item: Weakness Policy
|
|turn|5
|
|-activate|p2a: Celebi|confusion
|-damage|p2a: Celebi|81\/404|[from] confusion
|move|p1a: Machamp|Dynamic Punch|p2a: Celebi
|-crit|p2a: Celebi
|-resisted|p2a: Celebi
|-damage|p2a: Celebi|0 fnt
|faint|p2a: Celebi
|
|c|★sloopkogeltje|so foucked up that confusion
|c|★sloopkogeltje|fuck that
|c|★bt14022|machamp ftw
|
|switch|p2a: Raikou|Raikou|322\/322
|-ability|p2a: Raikou|Pressure
|turn|6
|c|★sloopkogeltje|yeah if that 30% chance would not work I wouldve swept my friend
|c|★sloopkogeltje|or that crit
|c|★bt14022|with celebi?
|c|★sloopkogeltje|baton pass
|c|★bt14022|to what lucario?
|c|★sloopkogeltje|you're welcome
|c|★bt14022|it would have died either way lol
|
|switch|p1a: Registeel|Registeel|364\/364
|-damage|p1a: Registeel|342\/364|[from] Stealth Rock
|move|p2a: Raikou|Volt Switch|p1a: Registeel
|-damage|p1a: Registeel|212\/364
|
|switch|p2a: Lucario|Lucario, M|281\/281
|
|-heal|p1a: Registeel|234\/364|[from] item: Leftovers
|turn|7
|
|move|p2a: Lucario|Swords Dance|p2a: Lucario
|-boost|p2a: Lucario|atk|2
|move|p1a: Registeel|Thunder Wave|p2a: Lucario
|-status|p2a: Lucario|par
|
|-heal|p1a: Registeel|256\/364|[from] item: Leftovers
|turn|8
|
|move|p1a: Registeel|Stealth Rock|p2a: Lucario
|-sidestart|p2: sloopkogeltje|move: Stealth Rock
|move|p2a: Lucario|Close Combat|p1a: Registeel
|-crit|p1a: Registeel
|-supereffective|p1a: Registeel
|-damage|p1a: Registeel|0 fnt
|-unboost|p2a: Lucario|def|1
|-unboost|p2a: Lucario|spd|1
|-damage|p2a: Lucario|253\/281 par|[from] item: Life Orb
|faint|p1a: Registeel
|
|
|switch|p1a: Machamp|Machamp, M|377\/377
|-damage|p1a: Machamp|354\/377|[from] Stealth Rock
|turn|9
|
|move|p2a: Lucario|Extreme Speed|p1a: Machamp
|-damage|p1a: Machamp|62\/377
|-damage|p2a: Lucario|225\/281 par|[from] item: Life Orb
|move|p1a: Machamp|Dynamic Punch|p2a: Lucario
|-supereffective|p2a: Lucario
|-damage|p2a: Lucario|0 fnt
|faint|p2a: Lucario
|
|
|switch|p2a: Raikou|Raikou|322\/322
|-damage|p2a: Raikou|282\/322|[from] Stealth Rock
|-ability|p2a: Raikou|Pressure
|turn|10
|
|move|p1a: Machamp|Bullet Punch|p2a: Raikou
|-resisted|p2a: Raikou
|-damage|p2a: Raikou|246\/322
|move|p2a: Raikou|Volt Switch|p1a: Machamp
|-damage|p1a: Machamp|0 fnt
|faint|p1a: Machamp
|
|switch|p2a: Sharpedo|Sharpedo, M|281\/281
|-damage|p2a: Sharpedo|246\/281|[from] Stealth Rock
|
|
|switch|p1a: Crobat|Crobat, F|311\/311
|-damage|p1a: Crobat|234\/311|[from] Stealth Rock
|turn|11
|
|move|p2a: Sharpedo|Protect|p2a: Sharpedo
|-singleturn|p2a: Sharpedo|Protect
|move|p1a: Crobat|U-turn|p2a: Sharpedo
|-activate|p2a: Sharpedo|Protect
|
|-boost|p2a: Sharpedo|spe|1|[from] ability: Speed Boost
|turn|12
|
|detailschange|p2a: Sharpedo|Sharpedo-Mega, M
|-mega|p2a: Sharpedo|Sharpedo|Sharpedonite
|move|p2a: Sharpedo|Ice Fang|p1a: Crobat
|-supereffective|p1a: Crobat
|-damage|p1a: Crobat|0 fnt
|faint|p1a: Crobat
|
|
|switch|p1a: Rotom-Mow|Rotom-Mow|241\/241
|-damage|p1a: Rotom-Mow|211\/241|[from] Stealth Rock
|turn|13
|
|move|p2a: Sharpedo|Crunch|p1a: Rotom-Mow
|-damage|p1a: Rotom-Mow|0 fnt
|faint|p1a: Rotom-Mow
|
|c|★bt14022|gg
|
|switch|p1a: Sharpedo|Sharpedo, M|281\/281
|-damage|p1a: Sharpedo|246\/281|[from] Stealth Rock
|turn|14
|
|move|p1a: Sharpedo|Protect|p1a: Sharpedo
|-singleturn|p1a: Sharpedo|Protect
|move|p2a: Sharpedo|Crunch|p1a: Sharpedo
|-activate|p1a: Sharpedo|Protect
|
|-boost|p1a: Sharpedo|spe|1|[from] ability: Speed Boost
|turn|15
|
|move|p2a: Sharpedo|Crunch|p1a: Sharpedo
|-resisted|p1a: Sharpedo
|-damage|p1a: Sharpedo|15\/281
|move|p1a: Sharpedo|Crunch|p2a: Sharpedo
|-resisted|p2a: Sharpedo
|-damage|p2a: Sharpedo|142\/281
|
|-boost|p1a: Sharpedo|spe|1|[from] ability: Speed Boost
|turn|16
|
|detailschange|p1a: Sharpedo|Sharpedo-Mega, M
|-mega|p1a: Sharpedo|Sharpedo|Sharpedonite
|move|p1a: Sharpedo|Crunch|p2a: Sharpedo
|-resisted|p2a: Sharpedo
|-damage|p2a: Sharpedo|0 fnt
|faint|p2a: Sharpedo
|
|
|switch|p2a: Yanmega|Yanmega, F|313\/313
|-damage|p2a: Yanmega|157\/313|[from] Stealth Rock
|turn|17
|
|move|p2a: Yanmega|Protect|p2a: Yanmega
|-singleturn|p2a: Yanmega|Protect
|move|p1a: Sharpedo|Crunch|p2a: Yanmega
|-activate|p2a: Yanmega|Protect
|
|-boost|p2a: Yanmega|spe|1|[from] ability: Speed Boost
|turn|18
|
|move|p2a: Yanmega|Protect|p2a: Yanmega
|-fail|p2a: Yanmega
|move|p1a: Sharpedo|Crunch|p2a: Yanmega
|-damage|p2a: Yanmega|0 fnt
|faint|p2a: Yanmega
|
|
|switch|p2a: Shuckle|Shuckle, F|57\/243
|-damage|p2a: Shuckle|0 fnt|[from] Stealth Rock
|faint|p2a: Shuckle
|
|switch|p2a: Raikou|Raikou|246\/322
|-damage|p2a: Raikou|206\/322|[from] Stealth Rock
|-ability|p2a: Raikou|Pressure
|turn|19
|
|move|p1a: Sharpedo|Crunch|p2a: Raikou
|-damage|p2a: Raikou|0 fnt
|faint|p2a: Raikou
|
|win|bt14022
|raw|Ladder updating...
|raw|bt14022's rating: 1435 &rarr; <strong>1449<\/strong><br \/>(+14 for winning)
|raw|sloopkogeltje's rating: 1326 &rarr; <strong>1312<\/strong><br \/>(-14 for losing)
|leave|sloopkogeltje
|player|p2