|join|Yeshiro
|join|Neo AE
|player|p1|Yeshiro|153
|player|p2|Neo AE|153
|gametype|singles
|gen|6
|tier|OU
|rated
|clearpoke
|poke|p1|Hippowdon, M
|poke|p1|Excadrill, M
|poke|p1|Talonflame, M
|poke|p1|Magnezone, shiny
|poke|p1|Greninja, M
|poke|p1|Amoonguss, M
|poke|p2|Venusaur, F
|poke|p2|Clefable, M
|poke|p2|Heatran, M
|poke|p2|Mandibuzz, F
|poke|p2|Azumarill, M
|poke|p2|Landorus, M
|rule|Swagger Clause: Swagger is banned
|rule|Baton Pass Clause: Limit one Pokémon knowing Baton Pass
|rule|Sleep Clause Mod: Limit one foe put to sleep
|rule|Species Clause: Limit one of each Pokémon
|rule|OHKO Clause: OHKO moves are banned
|rule|Moody Clause: Moody is banned
|rule|Evasion Moves Clause: Evasion moves are banned
|rule|Endless Battle Clause: Forcing endless battles is banned
|rule|HP Percentage Mod: HP is reported as percentages
|teampreview
|
|start
|switch|p1a: Greninja|Greninja, M|285\/285
|switch|p2a: Azumarill|Azumarill, M|404\/404
|turn|1
|
|switch|p1a: Amoonguss|Amoonguss, M|432\/432
|move|p2a: Azumarill|Superpower|p1a: Amoonguss
|-resisted|p1a: Amoonguss
|-damage|p1a: Amoonguss|325\/432
|-unboost|p2a: Azumarill|atk|1
|-unboost|p2a: Azumarill|def|1
|
|-heal|p1a: Amoonguss|352\/432|[from] item: Black Sludge
|turn|2
|
|switch|p2a: Venusaur|Venusaur, F|364\/364
|switch|p1a: Hippowdon|Hippowdon, M|420\/420
|-weather|Sandstorm
|
|-weather|Sandstorm|[upkeep]
|-damage|p2a: Venusaur|342\/364|[from] sandstorm
|turn|3
|
|detailschange|p2a: Venusaur|Venusaur-Mega, F
|message|Venusaur has Mega Evolved into Mega Venusaur!
|move|p2a: Venusaur|Sleep Powder|p1a: Hippowdon
|-status|p1a: Hippowdon|slp
|cant|p1a: Hippowdon|slp
|
|-weather|Sandstorm|[upkeep]
|-damage|p2a: Venusaur|320\/364|[from] sandstorm
|turn|4
|
|switch|p1a: Magnezone|Magnezone, shiny|281\/281
|move|p2a: Venusaur|Giga Drain|p1a: Magnezone
|-resisted|p1a: Magnezone
|-damage|p1a: Magnezone|224\/281
|-heal|p2a: Venusaur|349\/364|[from] drain|[of] p1a: Magnezone
|
|-weather|Sandstorm|[upkeep]
|-damage|p2a: Venusaur|327\/364|[from] sandstorm
|turn|5
|
|switch|p2a: Heatran|Heatran, M|386\/386
|move|p1a: Magnezone|Flash Cannon|p2a: Heatran
|-resisted|p2a: Heatran
|-damage|p2a: Heatran|360\/386
|
|-weather|Sandstorm|[upkeep]
|-heal|p2a: Heatran|384\/386|[from] item: Leftovers
|turn|6
|
|switch|p1a: Excadrill|Excadrill, M|362\/362
|move|p2a: Heatran|Stealth Rock|p1a: Excadrill
|-sidestart|p1: Yeshiro|move: Stealth Rock
|
|-weather|Sandstorm|[upkeep]
|-heal|p2a: Heatran|386\/386|[from] item: Leftovers
|turn|7
|
|switch|p2a: Landorus|Landorus, M|320\/320
|move|p1a: Excadrill|Rock Slide|p2a: Landorus
|-damage|p2a: Landorus|186\/320
|-damage|p1a: Excadrill|326\/362|[from] item: Life Orb
|
|-weather|Sandstorm|[upkeep]
|turn|8
|
|switch|p1a: Talonflame|Talonflame, M|333\/333
|-damage|p1a: Talonflame|167\/333|[from] Stealth Rock
|switch|p2a: Mandibuzz|Mandibuzz, F|362\/362
|
|-weather|Sandstorm|[upkeep]
|-damage|p1a: Talonflame|147\/333|[from] sandstorm
|turn|9
|
|move|p1a: Talonflame|Will-O-Wisp|p2a: Mandibuzz
|-status|p2a: Mandibuzz|brn
|move|p2a: Mandibuzz|Taunt|p1a: Talonflame
|-start|p1a: Talonflame|move: Taunt
|
|-weather|none
|-damage|p2a: Mandibuzz|317\/362 brn|[from] brn
|turn|10
|
|switch|p1a: Hippowdon|Hippowdon, M|420\/420 slp
|-damage|p1a: Hippowdon|394\/420 slp|[from] Stealth Rock
|-weather|Sandstorm
|move|p2a: Mandibuzz|Foul Play|p1a: Hippowdon
|-damage|p1a: Hippowdon|349\/420 slp
|
|-weather|Sandstorm|[upkeep]
|-damage|p2a: Mandibuzz|272\/362 brn|[from] brn
|turn|11
|
|move|p2a: Mandibuzz|Taunt|p1a: Hippowdon
|-start|p1a: Hippowdon|move: Taunt
|cant|p1a: Hippowdon|slp
|
|-weather|Sandstorm|[upkeep]
|-damage|p2a: Mandibuzz|227\/362 brn|[from] brn
|turn|12
|
|switch|p2a: Venusaur|Venusaur-Mega, F|327\/364
|-curestatus|p1a: Hippowdon|slp
|move|p1a: Hippowdon|Earthquake|p2a: Venusaur
|-damage|p2a: Venusaur|243\/364
|
|-weather|Sandstorm|[upkeep]
|-damage|p2a: Venusaur|221\/364|[from] sandstorm
|turn|13
|
|switch|p1a: Amoonguss|Amoonguss, M|432\/432
|-damage|p1a: Amoonguss|378\/432|[from] Stealth Rock
|move|p2a: Venusaur|Sleep Powder|p1a: Amoonguss
|-fail|p1a: Amoonguss
|
|-weather|Sandstorm|[upkeep]
|-damage|p2a: Venusaur|199\/364|[from] sandstorm
|-damage|p1a: Amoonguss|351\/432|[from] sandstorm
|-heal|p1a: Amoonguss|378\/432|[from] item: Black Sludge
|turn|14
|
|move|p2a: Venusaur|Synthesis|p2a: Venusaur
|-heal|p2a: Venusaur|290\/364
|move|p1a: Amoonguss|Clear Smog|p2a: Venusaur
|-damage|p2a: Venusaur|250\/364
|-clearboost|p2a: Venusaur
|
|-weather|Sandstorm|[upkeep]
|-damage|p2a: Venusaur|228\/364|[from] sandstorm
|-damage|p1a: Amoonguss|351\/432|[from] sandstorm
|-heal|p1a: Amoonguss|378\/432|[from] item: Black Sludge
|turn|15
|
|move|p2a: Venusaur|Synthesis|p2a: Venusaur
|-heal|p2a: Venusaur|319\/364
|move|p1a: Amoonguss|Foul Play|p2a: Venusaur
|-damage|p2a: Venusaur|279\/364
|
|-weather|Sandstorm|[upkeep]
|-damage|p2a: Venusaur|257\/364|[from] sandstorm
|-damage|p1a: Amoonguss|351\/432|[from] sandstorm
|-heal|p1a: Amoonguss|378\/432|[from] item: Black Sludge
|turn|16
|
|move|p2a: Venusaur|Sludge Bomb|p1a: Amoonguss
|-damage|p1a: Amoonguss|273\/432
|move|p1a: Amoonguss|Foul Play|p2a: Venusaur
|-damage|p2a: Venusaur|218\/364
|
|-weather|Sandstorm|[upkeep]
|-damage|p2a: Venusaur|196\/364|[from] sandstorm
|-damage|p1a: Amoonguss|246\/432|[from] sandstorm
|-heal|p1a: Amoonguss|273\/432|[from] item: Black Sludge
|turn|17
|
|switch|p1a: Magnezone|Magnezone, shiny|224\/281
|-damage|p1a: Magnezone|207\/281|[from] Stealth Rock
|move|p2a: Venusaur|Synthesis|p2a: Venusaur
|-heal|p2a: Venusaur|287\/364
|
|-weather|none
|turn|18
|
|move|p1a: Magnezone|Volt Switch|p2a: Venusaur
|-resisted|p2a: Venusaur
|-damage|p2a: Venusaur|233\/364
|
|switch|p1a: Amoonguss|Amoonguss, M|417\/432
|-damage|p1a: Amoonguss|363\/432|[from] Stealth Rock
|move|p2a: Venusaur|Sleep Powder|p1a: Amoonguss
|-fail|p1a: Amoonguss
|
|-heal|p1a: Amoonguss|390\/432|[from] item: Black Sludge
|turn|19
|
|move|p2a: Venusaur|Synthesis|p2a: Venusaur
|-heal|p2a: Venusaur|364\/364
|move|p1a: Amoonguss|Foul Play|p2a: Venusaur
|-damage|p2a: Venusaur|324\/364
|
|-heal|p1a: Amoonguss|417\/432|[from] item: Black Sludge
|turn|20
|
|switch|p2a: Heatran|Heatran, M|386\/386
|move|p1a: Amoonguss|Foul Play|p2a: Heatran
|-damage|p2a: Heatran|331\/386
|
|-heal|p2a: Heatran|355\/386|[from] item: Leftovers
|-heal|p1a: Amoonguss|432\/432|[from] item: Black Sludge
|turn|21
|
|move|p2a: Heatran|Lava Plume|p1a: Amoonguss
|-supereffective|p1a: Amoonguss
|-damage|p1a: Amoonguss|240\/432
|move|p1a: Amoonguss|Spore|p2a: Heatran
|-status|p2a: Heatran|slp
|
|-heal|p2a: Heatran|379\/386 slp|[from] item: Leftovers
|-heal|p1a: Amoonguss|267\/432|[from] item: Black Sludge
|turn|22
|
|switch|p2a: Landorus|Landorus, M|186\/320
|switch|p1a: Hippowdon|Hippowdon, M|349\/420
|-damage|p1a: Hippowdon|323\/420|[from] Stealth Rock
|-weather|Sandstorm
|
|-weather|Sandstorm|[upkeep]
|turn|23
|
|switch|p1a: Talonflame|Talonflame, M|147\/333
|-damage|p1a: Talonflame|0 fnt|[from] Stealth Rock
|faint|p1a: Talonflame
|move|p2a: Landorus|Earth Power|p1: Talonflame|[notarget]
|-notarget
|
|-weather|Sandstorm|[upkeep]
|
|switch|p1a: Greninja|Greninja, M|285\/285
|-damage|p1a: Greninja|250\/285|[from] Stealth Rock
|turn|24
|
|switch|p2a: Mandibuzz|Mandibuzz, F|227\/362 brn
|move|p1a: Greninja|U-turn|p2a: Mandibuzz
|-start|p1a: Greninja|typechange|Bug|[from] Protean
|-damage|p2a: Mandibuzz|149\/362 brn
|-damage|p1a: Greninja|203\/285|[from] item: Rocky Helmet|[of] p2a: Mandibuzz
|
|switch|p1a: Hippowdon|Hippowdon, M|323\/420
|-damage|p1a: Hippowdon|297\/420|[from] Stealth Rock
|
|-weather|Sandstorm|[upkeep]
|-damage|p2a: Mandibuzz|104\/362 brn|[from] brn
|turn|25
|
|move|p2a: Mandibuzz|Taunt|p1a: Hippowdon
|-start|p1a: Hippowdon|move: Taunt
|cant|p1a: Hippowdon|move: Taunt|Stealth Rock
|
|-weather|Sandstorm|[upkeep]
|-damage|p2a: Mandibuzz|59\/362 brn|[from] brn
|turn|26
|
|switch|p1a: Magnezone|Magnezone, shiny|207\/281
|-damage|p1a: Magnezone|190\/281|[from] Stealth Rock
|move|p2a: Mandibuzz|Roost|p2a: Mandibuzz
|-heal|p2a: Mandibuzz|240\/362 brn
|
|-weather|Sandstorm|[upkeep]
|-damage|p2a: Mandibuzz|195\/362 brn|[from] brn
|turn|27
|
|switch|p1a: Greninja|Greninja, M|203\/285
|-damage|p1a: Greninja|168\/285|[from] Stealth Rock
|move|p2a: Mandibuzz|Roost|p2a: Mandibuzz
|-heal|p2a: Mandibuzz|362\/362 brn
|
|-weather|Sandstorm|[upkeep]
|-damage|p1a: Greninja|151\/285|[from] sandstorm
|-damage|p2a: Mandibuzz|317\/362 brn|[from] brn
|turn|28
|
|move|p1a: Greninja|Surf|p2a: Mandibuzz
|-start|p1a: Greninja|typechange|Water|[from] Protean
|-damage|p2a: Mandibuzz|184\/362 brn
|move|p2a: Mandibuzz|Foul Play|p1a: Greninja
|-damage|p1a: Greninja|70\/285
|
|-weather|Sandstorm|[upkeep]
|-damage|p1a: Greninja|53\/285|[from] sandstorm
|-damage|p2a: Mandibuzz|139\/362 brn|[from] brn
|turn|29
|
|move|p1a: Greninja|Surf|p2a: Mandibuzz
|-damage|p2a: Mandibuzz|6\/362 brn
|move|p2a: Mandibuzz|Roost|p2a: Mandibuzz
|-heal|p2a: Mandibuzz|187\/362 brn
|
|-weather|none
|-damage|p2a: Mandibuzz|142\/362 brn|[from] brn
|turn|30
|
|switch|p1a: Magnezone|Magnezone, shiny|190\/281
|-damage|p1a: Magnezone|173\/281|[from] Stealth Rock
|move|p2a: Mandibuzz|Roost|p2a: Mandibuzz
|-heal|p2a: Mandibuzz|323\/362 brn
|
|-damage|p2a: Mandibuzz|278\/362 brn|[from] brn
|turn|31
|
|move|p1a: Magnezone|Volt Switch|p2a: Mandibuzz
|-supereffective|p2a: Mandibuzz
|-damage|p2a: Mandibuzz|26\/362 brn
|
|switch|p1a: Hippowdon|Hippowdon, M|297\/420
|-damage|p1a: Hippowdon|271\/420|[from] Stealth Rock
|-weather|Sandstorm
|move|p2a: Mandibuzz|Roost|p2a: Mandibuzz
|-heal|p2a: Mandibuzz|207\/362 brn
|
|-weather|Sandstorm|[upkeep]
|-damage|p2a: Mandibuzz|162\/362 brn|[from] brn
|turn|32
|
|switch|p1a: Magnezone|Magnezone, shiny|173\/281
|-damage|p1a: Magnezone|156\/281|[from] Stealth Rock
|move|p2a: Mandibuzz|Taunt|p1a: Magnezone
|-start|p1a: Magnezone|move: Taunt
|
|-weather|Sandstorm|[upkeep]
|-damage|p2a: Mandibuzz|117\/362 brn|[from] brn
|turn|33
|
|move|p1a: Magnezone|Volt Switch|p2a: Mandibuzz
|-crit|p2a: Mandibuzz
|-supereffective|p2a: Mandibuzz
|-damage|p2a: Mandibuzz|0 fnt
|faint|p2a: Mandibuzz
|
|switch|p1a: Hippowdon|Hippowdon, M|271\/420
|-damage|p1a: Hippowdon|245\/420|[from] Stealth Rock
|
|-weather|Sandstorm|[upkeep]
|
|switch|p2a: Landorus|Landorus, M|186\/320
|turn|34
|
|move|p2a: Landorus|Earth Power|p1a: Hippowdon
|-damage|p1a: Hippowdon|0 fnt
|faint|p1a: Hippowdon
|
|-weather|Sandstorm|[upkeep]
|
|switch|p1a: Greninja|Greninja, M|53\/285
|-damage|p1a: Greninja|18\/285|[from] Stealth Rock
|turn|35
|
|switch|p2a: Clefable|Clefable, M|394\/394
|move|p1a: Greninja|Surf|p2a: Clefable
|-start|p1a: Greninja|typechange|Water|[from] Protean
|-damage|p2a: Clefable|244\/394
|
|-weather|Sandstorm|[upkeep]
|-damage|p1a: Greninja|1\/285|[from] sandstorm
|-heal|p2a: Clefable|268\/394|[from] item: Leftovers
|turn|36
|
|move|p1a: Greninja|Surf|p2a: Clefable
|-damage|p2a: Clefable|132\/394
|move|p2a: Clefable|Soft-Boiled|p2a: Clefable
|-heal|p2a: Clefable|329\/394
|
|-weather|Sandstorm|[upkeep]
|-damage|p1a: Greninja|0 fnt|[from] sandstorm
|-heal|p2a: Clefable|353\/394|[from] item: Leftovers
|faint|p1a: Greninja
|
|switch|p1a: Excadrill|Excadrill, M|326\/362
|-damage|p1a: Excadrill|315\/362|[from] Stealth Rock
|turn|37
|
|switch|p2a: Venusaur|Venusaur-Mega, F|324\/364
|move|p1a: Excadrill|Swords Dance|p1a: Excadrill
|-boost|p1a: Excadrill|atk|2
|
|-weather|Sandstorm|[upkeep]
|-damage|p2a: Venusaur|302\/364|[from] sandstorm
|turn|38
|
|switch|p2a: Clefable|Clefable, M|353\/394
|move|p1a: Excadrill|Earthquake|p2a: Clefable
|-damage|p2a: Clefable|0 fnt
|-damage|p1a: Excadrill|279\/362|[from] item: Life Orb
|faint|p2a: Clefable
|
|-weather|none
|
|switch|p2a: Landorus|Landorus, M|186\/320
|turn|39
|
|move|p2a: Landorus|Earth Power|p1a: Excadrill
|-supereffective|p1a: Excadrill
|-damage|p1a: Excadrill|0 fnt
|faint|p1a: Excadrill
|
|
|switch|p1a: Magnezone|Magnezone, shiny|156\/281
|-damage|p1a: Magnezone|139\/281|[from] Stealth Rock
|turn|40
|
|switch|p2a: Heatran|Heatran, M|379\/386 slp
|move|p1a: Magnezone|Flash Cannon|p2a: Heatran
|-resisted|p2a: Heatran
|-damage|p2a: Heatran|353\/386 slp
|
|-heal|p2a: Heatran|377\/386 slp|[from] item: Leftovers
|turn|41
|-message|Yeshiro forfeited.
|
|win|Neo AE
|raw|Ladder updating...
|raw|Yeshiro's rating: 1760 &rarr; <strong>1744<\/strong><br \/>(-16 for losing)
|raw|Neo AE's rating: 1836 &rarr; <strong>1852<\/strong><br \/>(+16 for winning)
|chat|Neo AE|that scarf smells 
|leave|Yeshiro
|player|p1
|chat|Neo AE|wash it