|join|master sun
|join|xKappa
|player|p1|master sun|266
|player|p2|xKappa|290
|gametype|singles
|gen|6
|tier|OU
|rated
|clearpoke
|poke|p1|Lopunny, F
|poke|p1|Latios, M
|poke|p1|Celebi
|poke|p1|Bisharp, M
|poke|p1|Keldeo-Resolute
|poke|p1|Landorus-Therian, M
|poke|p2|Charizard, M
|poke|p2|Starmie, shiny
|poke|p2|Garchomp, M
|poke|p2|Excadrill, M
|poke|p2|Skarmory, F
|poke|p2|Chansey, F
|rule|Swagger Clause: Swagger is banned
|rule|Baton Pass Clause: Limit one Pokémon knowing Baton Pass
|rule|Sleep Clause Mod: Limit one foe put to sleep
|rule|Species Clause: Limit one of each Pokémon
|rule|OHKO Clause: OHKO moves are banned
|rule|Moody Clause: Moody is banned
|rule|Evasion Moves Clause: Evasion moves are banned
|rule|Endless Battle Clause: Forcing endless battles is banned
|rule|HP Percentage Mod: HP is shown in percentages
|teampreview
|
|start
|switch|p1a: Latios|Latios, M|301\/301
|switch|p2a: Misty|Starmie, shiny|262\/262
|turn|1
|
|switch|p1a: Keldeo-Resolute|Keldeo-Resolute|324\/324
|move|p2a: Misty|Ice Beam|p1a: Keldeo-Resolute
|-resisted|p1a: Keldeo-Resolute
|-damage|p1a: Keldeo-Resolute|234\/324
|-status|p1a: Keldeo-Resolute|frz
|-damage|p2a: Misty|236\/262|[from] item: Life Orb
|
|-heal|p1a: Keldeo-Resolute|254\/324 frz|[from] item: Leftovers
|turn|2
|
|switch|p1a: Celebi|Celebi|403\/403
|move|p2a: Misty|Psyshock|p1a: Celebi
|-resisted|p1a: Celebi
|-damage|p1a: Celebi|307\/403
|-damage|p2a: Misty|210\/262|[from] item: Life Orb
|
|-heal|p1a: Celebi|332\/403|[from] item: Leftovers
|turn|3
|
|move|p2a: Misty|Ice Beam|p1a: Celebi
|-supereffective|p1a: Celebi
|-damage|p1a: Celebi|153\/403
|-status|p1a: Celebi|frz
|-damage|p2a: Misty|184\/262|[from] item: Life Orb
|cant|p1a: Celebi|frz
|
|-heal|p1a: Celebi|178\/403 frz|[from] item: Leftovers
|turn|4
|c|★xKappa|ok
|c|★xKappa|I'm sorry...
|
|move|p2a: Misty|Ice Beam|p1a: Celebi
|-supereffective|p1a: Celebi
|-damage|p1a: Celebi|6\/403 frz
|-damage|p2a: Misty|158\/262|[from] item: Life Orb
|cant|p1a: Celebi|frz
|
|-heal|p1a: Celebi|31\/403 frz|[from] item: Leftovers
|turn|5
|
|switch|p1a: Bisharp|Bisharp, M|271\/271
|move|p2a: Misty|Psyshock|p1a: Bisharp
|-immune|p1a: Bisharp|[msg]
|
|turn|6
|
|switch|p2a: Skarmory|Skarmory, F|333\/333
|move|p1a: Bisharp|Knock Off|p2a: Skarmory
|-damage|p2a: Skarmory|195\/333
|-damage|p1a: Bisharp|226\/271|[from] item: Rocky Helmet|[of] p2a: Skarmory
|-enditem|p2a: Skarmory|Rocky Helmet|[from] move: Knock Off|[of] p1a: Bisharp
|-damage|p1a: Bisharp|199\/271|[from] item: Life Orb
|
|turn|7
|
|move|p1a: Bisharp|Swords Dance|p1a: Bisharp
|-boost|p1a: Bisharp|atk|2
|move|p2a: Skarmory|Roost|p2a: Skarmory
|-heal|p2a: Skarmory|333\/333
|
|turn|8
|
|move|p1a: Bisharp|Iron Head|p2a: Skarmory
|-resisted|p2a: Skarmory
|-damage|p2a: Skarmory|228\/333
|-damage|p1a: Bisharp|172\/271|[from] item: Life Orb
|move|p2a: Skarmory|Whirlwind|p1a: Bisharp
|drag|p1a: Keldeo-Resolute|Keldeo-Resolute|254\/324 frz
|
|-heal|p1a: Keldeo-Resolute|274\/324 frz|[from] item: Leftovers
|turn|9
|
|switch|p1a: Celebi|Celebi|31\/403
|move|p2a: Skarmory|Brave Bird|p1a: Celebi
|-supereffective|p1a: Celebi
|-damage|p1a: Celebi|0 fnt
|-damage|p2a: Skarmory|218\/333|[from] recoil|[of] p1a: Celebi
|faint|p1a: Celebi
|
|
|switch|p1a: Landorus-Therian|Landorus-Therian, M|382\/382
|-ability|p1a: Landorus-Therian|Intimidate|[of] p2a: Skarmory
|-unboost|p2a: Skarmory|atk|1
|turn|10
|
|switch|p2a: Misty|Starmie, shiny|158\/262
|move|p1a: Landorus-Therian|Stealth Rock|p2a: Misty
|-sidestart|p2: xKappa|move: Stealth Rock
|
|turn|11
|
|move|p2a: Misty|Rapid Spin|p1a: Landorus-Therian
|-damage|p1a: Landorus-Therian|370\/382
|-sideend|p2: xKappa|Stealth Rock|[from] move: Rapid Spin|[of] p2a: Misty
|-damage|p2a: Misty|132\/262|[from] item: Life Orb
|move|p1a: Landorus-Therian|U-turn|p2a: Misty
|-supereffective|p2a: Misty
|-damage|p2a: Misty|0 fnt
|faint|p2a: Misty
|
|switch|p1a: Latios|Latios, M|301\/301
|
|
|switch|p2a: Garchomp|Garchomp, M|357\/357
|turn|12
|
|switch|p1a: Landorus-Therian|Landorus-Therian, M|370\/382
|-ability|p1a: Landorus-Therian|Intimidate|[of] p2a: Garchomp
|-unboost|p2a: Garchomp|atk|1
|move|p2a: Garchomp|Outrage|p1a: Landorus-Therian
|-damage|p1a: Landorus-Therian|249\/382
|
|-heal|p1a: Landorus-Therian|272\/382|[from] item: Leftovers
|turn|13
|
|move|p2a: Garchomp|Outrage|p1a: Landorus-Therian
|-damage|p1a: Landorus-Therian|164\/382
|move|p1a: Landorus-Therian|Stealth Rock|p2a: Garchomp
|-sidestart|p2: xKappa|move: Stealth Rock
|
|-end|p2a: Garchomp|rampage
|-start|p2a: Garchomp|confusion
|-heal|p1a: Landorus-Therian|187\/382|[from] item: Leftovers
|turn|14
|
|switch|p2a: Skarmory|Skarmory, F|218\/333
|-damage|p2a: Skarmory|177\/333|[from] Stealth Rock
|move|p1a: Landorus-Therian|U-turn|p2a: Skarmory
|-resisted|p2a: Skarmory
|-damage|p2a: Skarmory|167\/333
|
|switch|p1a: Latios|Latios, M|301\/301
|
|turn|15
|
|move|p1a: Latios|Thunderbolt|p2a: Skarmory
|-supereffective|p2a: Skarmory
|-damage|p2a: Skarmory|0 fnt
|-damage|p1a: Latios|271\/301|[from] item: Life Orb
|faint|p2a: Skarmory
|
|
|switch|p2a: Excadrill|Excadrill, M|362\/362
|-damage|p2a: Excadrill|351\/362|[from] Stealth Rock
|-ability|p2a: Excadrill|Mold Breaker
|turn|16
|
|switch|p1a: Landorus-Therian|Landorus-Therian, M|187\/382
|-ability|p1a: Landorus-Therian|Intimidate|[of] p2a: Excadrill
|-unboost|p2a: Excadrill|atk|1
|move|p2a: Excadrill|Rapid Spin|p1a: Landorus-Therian
|-damage|p1a: Landorus-Therian|174\/382
|-sideend|p2: xKappa|Stealth Rock|[from] move: Rapid Spin|[of] p2a: Excadrill
|
|-heal|p1a: Landorus-Therian|197\/382|[from] item: Leftovers
|turn|17
|
|switch|p2a: PraiseTheSun|Charizard, M|297\/297
|move|p1a: Landorus-Therian|Stone Edge|p2a: PraiseTheSun|[miss]
|-miss|p1a: Landorus-Therian|p2a: PraiseTheSun
|
|-heal|p1a: Landorus-Therian|220\/382|[from] item: Leftovers
|turn|18
|c|★master sun|you cant
|c|★master sun|do this to me
|c|★xKappa|mate i know
|c|★master sun|you cant
|c|★master sun|you have to stop
|c|★xKappa|I'msorry
|c|★master sun|im arresting you
|c|★xKappa|hahaha
|
|switch|p1a: Keldeo-Resolute|Keldeo-Resolute|274\/324 frz
|detailschange|p2a: PraiseTheSun|Charizard-Mega-Y, M
|-mega|p2a: PraiseTheSun|Charizard|Charizardite Y
|-weather|SunnyDay
|move|p2a: PraiseTheSun|Flamethrower|p1a: Keldeo-Resolute
|-resisted|p1a: Keldeo-Resolute
|-damage|p1a: Keldeo-Resolute|113\/324 frz
|-curestatus|p1a: Keldeo-Resolute|frz
|
|-weather|SunnyDay|[upkeep]
|-heal|p1a: Keldeo-Resolute|133\/324|[from] item: Leftovers
|turn|19
|c|★master sun|LOL
|c|★master sun|i think
|c|★master sun|imsupposed to thank you for that
|c|★xKappa|probably
|c|★master sun|if flamethrower actually does that
|
|move|p1a: Keldeo-Resolute|Substitute|p1a: Keldeo-Resolute
|-start|p1a: Keldeo-Resolute|Substitute
|-damage|p1a: Keldeo-Resolute|52\/324
|move|p2a: PraiseTheSun|Flamethrower|p1a: Keldeo-Resolute
|-resisted|p1a: Keldeo-Resolute
|-end|p1a: Keldeo-Resolute|Substitute
|
|-weather|SunnyDay|[upkeep]
|-heal|p1a: Keldeo-Resolute|72\/324|[from] item: Leftovers
|turn|20
|
|move|p1a: Keldeo-Resolute|Scald|p2a: PraiseTheSun
|-crit|p2a: PraiseTheSun
|-supereffective|p2a: PraiseTheSun
|-damage|p2a: PraiseTheSun|109\/297
|move|p2a: PraiseTheSun|Flamethrower|p1a: Keldeo-Resolute
|-resisted|p1a: Keldeo-Resolute
|-damage|p1a: Keldeo-Resolute|0 fnt
|faint|p1a: Keldeo-Resolute
|
|-weather|SunnyDay|[upkeep]
|
|switch|p1a: Lopunny|Lopunny, F|271\/271
|turn|21
|
|switch|p2a: Excadrill|Excadrill, M|351\/362
|-ability|p2a: Excadrill|Mold Breaker
|detailschange|p1a: Lopunny|Lopunny-Mega, F
|-mega|p1a: Lopunny|Lopunny|Lopunnite
|move|p1a: Lopunny|Fake Out|p2a: Excadrill
|-resisted|p2a: Excadrill
|-damage|p2a: Excadrill|298\/362
|
|-weather|SunnyDay|[upkeep]
|turn|22
|
|switch|p1a: Bisharp|Bisharp, M|172\/271
|move|p2a: Excadrill|Iron Head|p1a: Bisharp
|-resisted|p1a: Bisharp
|-damage|p1a: Bisharp|101\/271
|
|-weather|none
|turn|23
|
|move|p2a: Excadrill|Iron Head|p1a: Bisharp
|-resisted|p1a: Bisharp
|-damage|p1a: Bisharp|30\/271
|cant|p1a: Bisharp|flinch
|
|turn|24
|c|★xKappa|dont know why
|c|★master sun|do you have a fucking death wish
|c|★xKappa|but i knew that
|c|★xKappa|hahaha
|
|move|p1a: Bisharp|Sucker Punch|p2a: Excadrill
|-damage|p2a: Excadrill|8\/362
|-damage|p1a: Bisharp|3\/271|[from] item: Life Orb
|move|p2a: Excadrill|Iron Head|p1a: Bisharp
|-resisted|p1a: Bisharp
|-damage|p1a: Bisharp|0 fnt
|faint|p1a: Bisharp
|
|
|switch|p1a: Lopunny|Lopunny-Mega, F|271\/271
|turn|25
|
|switch|p2a: Chansey|Chansey, F|642\/642
|move|p1a: Lopunny|Fake Out|p2a: Chansey
|-damage|p2a: Chansey|548\/642
|
|turn|26
|
|move|p1a: Lopunny|High Jump Kick|p2a: Chansey
|-supereffective|p2a: Chansey
|-damage|p2a: Chansey|0 fnt
|faint|p2a: Chansey
|
|
|switch|p2a: Garchomp|Garchomp, M|357\/357
|turn|27
|
|switch|p1a: Landorus-Therian|Landorus-Therian, M|220\/382
|-ability|p1a: Landorus-Therian|Intimidate|[of] p2a: Garchomp
|-unboost|p2a: Garchomp|atk|1
|switch|p2a: PraiseTheSun|Charizard-Mega-Y, M|109\/297
|-weather|SunnyDay
|
|-weather|SunnyDay|[upkeep]
|-heal|p1a: Landorus-Therian|243\/382|[from] item: Leftovers
|turn|28
|
|switch|p1a: Latios|Latios, M|271\/301
|move|p2a: PraiseTheSun|Flamethrower|p1a: Latios
|-resisted|p1a: Latios
|-damage|p1a: Latios|137\/301
|
|-weather|SunnyDay|[upkeep]
|turn|29
|
|switch|p2a: Excadrill|Excadrill, M|8\/362
|-ability|p2a: Excadrill|Mold Breaker
|move|p1a: Latios|Psyshock|p2a: Excadrill
|-resisted|p2a: Excadrill
|-damage|p2a: Excadrill|0 fnt
|-damage|p1a: Latios|107\/301|[from] item: Life Orb
|faint|p2a: Excadrill
|
|-weather|SunnyDay|[upkeep]
|
|switch|p2a: Garchomp|Garchomp, M|357\/357
|turn|30
|
|move|p1a: Latios|Draco Meteor|p2a: Garchomp
|-supereffective|p2a: Garchomp
|-enditem|p2a: Garchomp|Focus Sash
|-damage|p2a: Garchomp|1\/357
|-unboost|p1a: Latios|spa|2
|-damage|p1a: Latios|77\/301|[from] item: Life Orb
|move|p2a: Garchomp|Outrage|p1a: Latios
|-supereffective|p1a: Latios
|-damage|p1a: Latios|0 fnt
|faint|p1a: Latios
|
|-weather|SunnyDay|[upkeep]
|
|switch|p1a: Lopunny|Lopunny-Mega, F|271\/271
|turn|31
|c|★master sun|i win
|
|move|p1a: Lopunny|Fake Out|p2a: Garchomp
|-damage|p2a: Garchomp|0 fnt
|-damage|p1a: Lopunny|238\/271|[from] ability: Rough Skin|[of] p2a: Garchomp
|faint|p2a: Garchomp
|
|-weather|none
|c|★xKappa|i know xD
|c|★master sun|how
|c|★master sun|is that possible
|
|switch|p2a: PraiseTheSun|Charizard-Mega-Y, M|109\/297
|-weather|SunnyDay
|turn|32
|c|★xKappa|i don't know.. i did shit a lot!
|
|move|p1a: Lopunny|Return|p2a: PraiseTheSun
|-damage|p2a: PraiseTheSun|0 fnt
|faint|p2a: PraiseTheSun
|
|win|master sun
|raw|Ladder updating...
|raw|master sun's rating: 1514 &rarr; <strong>1530<\/strong><br \/>(+16 for winning)
|raw|xKappa's rating: 1444 &rarr; <strong>1428<\/strong><br \/>(-16 for losing)
|c|★master sun|LOL
|leave|xKappa
|player|p2