|join|juancar_tested
|join|Izuya
|player|p1|juancar_tested|144
|player|p2|Izuya|217
|gametype|singles
|gen|6
|tier|UU
|rated
|rule|Sleep Clause Mod: Limit one foe put to sleep
|rule|Species Clause: Limit one of each Pokémon
|rule|OHKO Clause: OHKO moves are banned
|rule|Moody Clause: Moody is banned
|rule|Evasion Moves Clause: Evasion moves are banned
|rule|Endless Battle Clause: Forcing endless battles is banned
|rule|HP Percentage Mod: HP is shown in percentages
|clearpoke
|poke|p1|Uxie
|poke|p1|Camerupt, F
|poke|p1|Clawitzer, F
|poke|p1|Diancie
|poke|p1|Druddigon, M
|poke|p1|Reuniclus, F
|poke|p2|Lucario, F
|poke|p2|Arcanine, M
|poke|p2|Nidoqueen, F
|poke|p2|Scrafty, F
|poke|p2|Flygon, F
|poke|p2|Starmie
|rule|Swagger Clause: Swagger is banned
|rule|Baton Pass Clause: Limit one Pokémon knowing Baton Pass
|teampreview
|
|start
|switch|p1a: Reuniclus|Reuniclus, F|424\/424
|switch|p2a: Flygon|Flygon, F|301\/301
|turn|1
|
|move|p2a: Flygon|U-turn|p1a: Reuniclus
|-supereffective|p1a: Reuniclus
|-damage|p1a: Reuniclus|142\/424
|
|switch|p2a: Nidoqueen|Nidoqueen, F|330\/330
|move|p1a: Reuniclus|Trick Room|p1a: Reuniclus
|-fieldstart|move: Trick Room|[of] p1a: Reuniclus
|
|turn|2
|
|switch|p2a: Starmie|Starmie|261\/261
|move|p1a: Reuniclus|Focus Blast|p2a: Starmie
|-resisted|p2a: Starmie
|-damage|p2a: Starmie|157\/261
|
|turn|3
|
|move|p1a: Reuniclus|Shadow Ball|p2a: Starmie
|-supereffective|p2a: Starmie
|-damage|p2a: Starmie|0 fnt
|faint|p2a: Starmie
|
|
|switch|p2a: Nidoqueen|Nidoqueen, F|330\/330
|turn|4
|
|move|p1a: Reuniclus|Psyshock|p2a: Nidoqueen
|-supereffective|p2a: Nidoqueen
|-damage|p2a: Nidoqueen|0 fnt
|faint|p2a: Nidoqueen
|
|
|switch|p2a: Scrafty|Scrafty, F|271\/271
|-ability|p2a: Scrafty|Intimidate|[of] p1a: Reuniclus
|-unboost|p1a: Reuniclus|atk|1
|turn|5
|
|move|p1a: Reuniclus|Focus Blast|p2a: Scrafty|[miss]
|-miss|p1a: Reuniclus|p2a: Scrafty
|move|p2a: Scrafty|Knock Off|p1a: Reuniclus
|-supereffective|p1a: Reuniclus
|-damage|p1a: Reuniclus|0 fnt
|-enditem|p1a: Reuniclus|Life Orb|[from] move: Knock Off|[of] p2a: Scrafty
|faint|p1a: Reuniclus
|
|-fieldend|move: Trick Room
|
|switch|p1a: Camerupt|Camerupt, F|343\/343
|turn|6
|
|detailschange|p1a: Camerupt|Camerupt-Mega, F
|message|Camerupt has Mega Evolved into Mega Camerupt!
|move|p2a: Scrafty|Dragon Dance|p2a: Scrafty
|-boost|p2a: Scrafty|atk|1
|-boost|p2a: Scrafty|spe|1
|move|p1a: Camerupt|Fire Blast|p2a: Scrafty
|-damage|p2a: Scrafty|39\/271
|
|-heal|p2a: Scrafty|55\/271|[from] item: Leftovers
|turn|7
|
|move|p2a: Scrafty|Drain Punch|p1a: Camerupt
|-damage|p1a: Camerupt|231\/343
|-heal|p2a: Scrafty|111\/271|[from] drain|[of] p1a: Camerupt
|move|p1a: Camerupt|Earth Power|p2a: Scrafty
|-damage|p2a: Scrafty|0 fnt
|faint|p2a: Scrafty
|
|
|switch|p2a: Flygon|Flygon, F|301\/301
|turn|8
|
|switch|p1a: Uxie|Uxie|354\/354
|move|p2a: Flygon|U-turn|p1a: Uxie
|-supereffective|p1a: Uxie
|-damage|p1a: Uxie|196\/354
|
|switch|p2a: Lucario|Lucario, F|281\/281
|
|turn|9
|c|★juancar_tested|so risky:S
|
|move|p2a: Lucario|Shadow Ball|p1a: Uxie
|-supereffective|p1a: Uxie
|-damage|p1a: Uxie|70\/354
|move|p1a: Uxie|Trick Room|p1a: Uxie
|-fieldstart|move: Trick Room|[of] p1a: Uxie
|
|turn|10
|
|move|p1a: Uxie|Memento|p2a: Lucario
|-unboost|p2a: Lucario|atk|2
|-unboost|p2a: Lucario|spa|2
|faint|p1a: Uxie
|move|p2a: Lucario|Shadow Ball|p1: Uxie|[notarget]
|-notarget
|
|
|switch|p1a: Clawitzer|Clawitzer, F|345\/345
|turn|11
|
|move|p1a: Clawitzer|Aura Sphere|p2a: Lucario
|-supereffective|p2a: Lucario
|-damage|p2a: Lucario|0 fnt
|-damage|p1a: Clawitzer|311\/345|[from] item: Life Orb
|faint|p2a: Lucario
|
|
|switch|p2a: Flygon|Flygon, F|301\/301
|turn|12
|
|move|p1a: Clawitzer|Ice Beam|p2a: Flygon
|-supereffective|p2a: Flygon
|-damage|p2a: Flygon|0 fnt
|-damage|p1a: Clawitzer|277\/345|[from] item: Life Orb
|faint|p2a: Flygon
|
|c|★juancar_tested|gg
|c|★Izuya|gg
|
|switch|p2a: Arcanine|Arcanine, M|383\/383
|-ability|p2a: Arcanine|Intimidate|[of] p1a: Clawitzer
|-unboost|p1a: Clawitzer|atk|1
|turn|13
|
|move|p1a: Clawitzer|Water Pulse|p2a: Arcanine
|-supereffective|p2a: Arcanine
|-damage|p2a: Arcanine|0 fnt
|-damage|p1a: Clawitzer|243\/345|[from] item: Life Orb
|faint|p2a: Arcanine
|
|win|juancar_tested
|raw|Ladder updating...
|leave|Izuya
|player|p2
|raw|juancar_tested's rating: 1336 &rarr; <strong>1351<\/strong><br \/>(+15 for winning)
|raw|Izuya's rating: 1245 &rarr; <strong>1226<\/strong><br \/>(-19 for losing)