|join|RichKidJames
|join|Plasmi
|player|p1|RichKidJames|69
|player|p2|Plasmi|75
|gametype|singles
|gen|6
|tier|OU
|rated
|clearpoke
|poke|p1|Lopunny, F, shiny
|poke|p1|Rhyperior, M
|poke|p1|Chandelure, M, shiny
|poke|p1|Gengar, M
|poke|p1|Alakazam, M
|poke|p1|Mamoswine, F
|poke|p2|Lopunny, F, shiny
|poke|p2|Gothitelle, F, shiny
|poke|p2|Swampert, M
|poke|p2|Gourgeist-*, F
|poke|p2|Excadrill, M
|poke|p2|Clefable, F
|rule|Swagger Clause: Swagger is banned
|rule|Baton Pass Clause: Limit one Pokémon knowing Baton Pass
|rule|Sleep Clause Mod: Limit one foe put to sleep
|rule|Species Clause: Limit one of each Pokémon
|rule|OHKO Clause: OHKO moves are banned
|rule|Moody Clause: Moody is banned
|rule|Evasion Moves Clause: Evasion moves are banned
|rule|Endless Battle Clause: Forcing endless battles is banned
|rule|HP Percentage Mod: HP is shown in percentages
|teampreview
|c|★RichKidJames|goodluck
|c|★Plasmi|u2
|
|start
|switch|p1a: Gazpacho|Mamoswine, F|361\/361
|switch|p2a: Kipper|Swampert, M|404\/404
|turn|1
|
|move|p1a: Gazpacho|Stealth Rock|p2a: Kipper
|-sidestart|p2: Plasmi|move: Stealth Rock
|move|p2a: Kipper|Scald|p1a: Gazpacho
|-supereffective|p1a: Gazpacho
|-damage|p1a: Gazpacho|67\/361
|
|turn|2
|
|move|p1a: Gazpacho|Freeze-Dry|p2a: Kipper
|-supereffective|p2a: Kipper
|-damage|p2a: Kipper|128\/404
|move|p2a: Kipper|Stealth Rock|p1a: Gazpacho
|-sidestart|p1: RichKidJames|move: Stealth Rock
|
|turn|3
|
|move|p1a: Gazpacho|Earthquake|p2a: Kipper
|-damage|p2a: Kipper|0 fnt
|faint|p2a: Kipper
|
|
|switch|p2a: Simon|Excadrill, M|361\/361
|-damage|p2a: Simon|350\/361|[from] Stealth Rock
|-ability|p2a: Simon|Mold Breaker
|turn|4
|c|★Plasmi|oh
|c|★Plasmi|shit
|c|★Plasmi|aghhh fuckkk
|
|switch|p2a: Kokoro|Gourgeist-Super, F|374\/374
|-damage|p2a: Kokoro|328\/374|[from] Stealth Rock
|-item|p1a: Gazpacho|Focus Sash|[from] ability: Frisk|[of] p2a: Kokoro|[identify]
|move|p1a: Gazpacho|Earthquake|p2a: Kokoro
|-resisted|p2a: Kokoro
|-damage|p2a: Kokoro|271\/374
|
|-heal|p2a: Kokoro|294\/374|[from] item: Leftovers
|turn|5
|c|★Plasmi|god damn it
|
|move|p2a: Kokoro|Protect|p2a: Kokoro
|-singleturn|p2a: Kokoro|Protect
|move|p1a: Gazpacho|Icicle Crash|p2a: Kokoro
|-activate|p2a: Kokoro|Protect
|
|-heal|p2a: Kokoro|317\/374|[from] item: Leftovers
|turn|6
|
|move|p2a: Kokoro|Shadow Sneak|p1a: Gazpacho
|-damage|p1a: Gazpacho|10\/361
|move|p1a: Gazpacho|Icicle Crash|p2a: Kokoro
|-supereffective|p2a: Kokoro
|-damage|p2a: Kokoro|119\/374
|
|-heal|p2a: Kokoro|142\/374|[from] item: Leftovers
|turn|7
|
|move|p2a: Kokoro|Shadow Sneak|p1a: Gazpacho
|-damage|p1a: Gazpacho|0 fnt
|faint|p1a: Gazpacho
|
|-heal|p2a: Kokoro|165\/374|[from] item: Leftovers
|
|switch|p1a: Gorgonzola|Chandelure, M, shiny|261\/261
|-damage|p1a: Gorgonzola|196\/261|[from] Stealth Rock
|turn|8
|
|move|p2a: Kokoro|Protect|p2a: Kokoro
|-singleturn|p2a: Kokoro|Protect
|move|p1a: Gorgonzola|Fire Blast|p2a: Kokoro
|-activate|p2a: Kokoro|Protect
|
|-heal|p2a: Kokoro|188\/374|[from] item: Leftovers
|turn|9
|
|switch|p2a: Patchun|Gothitelle, F, shiny|310\/310
|-damage|p2a: Patchun|272\/310|[from] Stealth Rock
|move|p1a: Gorgonzola|Fire Blast|p2a: Patchun
|-damage|p2a: Patchun|88\/310
|
|turn|10
|
|switch|p1a: Schnitzel|Rhyperior, M|434\/434
|-damage|p1a: Schnitzel|407\/434|[from] Stealth Rock
|move|p2a: Patchun|Psyshock|p1a: Schnitzel
|-damage|p1a: Schnitzel|257\/434
|
|turn|11
|
|switch|p2a: Simon|Excadrill, M|350\/361
|-damage|p2a: Simon|339\/361|[from] Stealth Rock
|-ability|p2a: Simon|Mold Breaker
|move|p1a: Schnitzel|Fire Punch|p2a: Simon
|-supereffective|p2a: Simon
|-damage|p2a: Simon|13\/361
|
|turn|12
|
|switch|p1a: Gorgonzola|Chandelure, M, shiny|196\/261
|-damage|p1a: Gorgonzola|131\/261|[from] Stealth Rock
|move|p2a: Simon|Rapid Spin|p1a: Gorgonzola
|-immune|p1a: Gorgonzola|[msg]
|
|turn|13
|c|★Plasmi|right
|c|★Plasmi|fuck me
|
|move|p1a: Gorgonzola|Fire Blast|p2a: Simon
|-supereffective|p2a: Simon
|-damage|p2a: Simon|0 fnt
|faint|p2a: Simon
|
|c|★Plasmi|i cant win here
|
|switch|p2a: Cherry|Lopunny, F, shiny|280\/280
|-damage|p2a: Cherry|245\/280|[from] Stealth Rock
|turn|14
|
|detailschange|p2a: Cherry|Lopunny-Mega, F, shiny
|message|Lopunny has Mega Evolved into Mega Lopunny!
|move|p2a: Cherry|Fake Out|p1a: Gorgonzola
|-damage|p1a: Gorgonzola|55\/261
|cant|p1a: Gorgonzola|flinch
|
|turn|15
|c|★Plasmi|gg
|
|move|p1a: Gorgonzola|Fire Blast|p2a: Cherry
|-damage|p2a: Cherry|22\/280
|move|p2a: Cherry|Return|p1a: Gorgonzola
|-damage|p1a: Gorgonzola|0 fnt
|faint|p1a: Gorgonzola
|
|c|★RichKidJames|gg
|
|switch|p1a: Panini|Lopunny, F, shiny|272\/272
|-damage|p1a: Panini|238\/272|[from] Stealth Rock
|turn|16
|
|switch|p2a: Kokoro|Gourgeist-Super, F|188\/374
|-damage|p2a: Kokoro|142\/374|[from] Stealth Rock
|-item|p1a: Panini|Lopunnite|[from] ability: Frisk|[of] p2a: Kokoro|[identify]
|detailschange|p1a: Panini|Lopunny-Mega, F, shiny
|message|Lopunny has Mega Evolved into Mega Lopunny!
|move|p1a: Panini|Quick Attack|p2a: Kokoro
|-damage|p2a: Kokoro|96\/374
|
|-heal|p2a: Kokoro|119\/374|[from] item: Leftovers
|turn|17
|
|move|p2a: Kokoro|Protect|p2a: Kokoro
|-singleturn|p2a: Kokoro|Protect
|move|p1a: Panini|Ice Punch|p2a: Kokoro
|-activate|p2a: Kokoro|Protect
|
|-heal|p2a: Kokoro|142\/374|[from] item: Leftovers
|turn|18
|
|move|p1a: Panini|Ice Punch|p2a: Kokoro
|-supereffective|p2a: Kokoro
|-damage|p2a: Kokoro|32\/374
|move|p2a: Kokoro|Will-O-Wisp|p1a: Panini
|-status|p1a: Panini|brn
|
|-heal|p2a: Kokoro|55\/374|[from] item: Leftovers
|-damage|p1a: Panini|204\/272 brn|[from] brn
|turn|19
|
|move|p2a: Kokoro|Protect|p2a: Kokoro
|-singleturn|p2a: Kokoro|Protect
|move|p1a: Panini|Ice Punch|p2a: Kokoro
|-activate|p2a: Kokoro|Protect
|
|-heal|p2a: Kokoro|78\/374|[from] item: Leftovers
|-damage|p1a: Panini|170\/272 brn|[from] brn
|turn|20
|
|move|p1a: Panini|Ice Punch|p2a: Kokoro
|-supereffective|p2a: Kokoro
|-damage|p2a: Kokoro|22\/374
|move|p2a: Kokoro|Leech Seed|p1a: Panini
|-start|p1a: Panini|move: Leech Seed
|
|-heal|p2a: Kokoro|45\/374|[from] item: Leftovers
|-damage|p1a: Panini|136\/272 brn|[from] Leech Seed|[of] p2a: Kokoro
|-heal|p2a: Kokoro|79\/374|[silent]
|-damage|p1a: Panini|102\/272 brn|[from] brn
|turn|21
|
|move|p2a: Kokoro|Shadow Sneak|p1a: Panini
|-immune|p1a: Panini|[msg]
|move|p1a: Panini|Ice Punch|p2a: Kokoro
|-supereffective|p2a: Kokoro
|-damage|p2a: Kokoro|15\/374
|
|-heal|p2a: Kokoro|38\/374|[from] item: Leftovers
|-damage|p1a: Panini|68\/272 brn|[from] Leech Seed|[of] p2a: Kokoro
|-heal|p2a: Kokoro|72\/374|[silent]
|-damage|p1a: Panini|34\/272 brn|[from] brn
|turn|22
|
|move|p2a: Kokoro|Protect|p2a: Kokoro
|-singleturn|p2a: Kokoro|Protect
|move|p1a: Panini|High Jump Kick|p2a: Kokoro
|-activate|p2a: Kokoro|Protect
|-damage|p1a: Panini|0 fnt|[from] highjumpkick
|faint|p1a: Panini
|
|-heal|p2a: Kokoro|95\/374|[from] item: Leftovers
|
|switch|p1a: Mung Daal|Alakazam, M|252\/252
|turn|23
|
|move|p2a: Kokoro|Shadow Sneak|p1a: Mung Daal
|-crit|p1a: Mung Daal
|-supereffective|p1a: Mung Daal
|-enditem|p1a: Mung Daal|Focus Sash
|-damage|p1a: Mung Daal|1\/252
|move|p1a: Mung Daal|Hidden Power|p2a: Kokoro
|-crit|p2a: Kokoro
|-supereffective|p2a: Kokoro
|-damage|p2a: Kokoro|0 fnt
|faint|p2a: Kokoro
|
|
|switch|p2a: Cherry|Lopunny-Mega, F, shiny|22\/280
|-damage|p2a: Cherry|5\/280|[from] Stealth Rock
|turn|24
|c|★Plasmi|nvm
|c|★Plasmi|the game continues
|c|★Plasmi|fuckin gourgeist
|c|★Plasmi|comin
|c|★Plasmi|thru
|c|★Plasmi|holy shit
|c|★Plasmi|bro
|c|★Plasmi|you okay
|c|★Plasmi|you still there
|
|move|p2a: Cherry|Ice Punch|p1a: Mung Daal
|-damage|p1a: Mung Daal|0 fnt
|faint|p1a: Mung Daal
|
|
|switch|p1a: Schnitzel|Rhyperior, M|257\/434
|-damage|p1a: Schnitzel|230\/434|[from] Stealth Rock
|turn|25
|
|move|p2a: Cherry|High Jump Kick|p1a: Schnitzel
|-supereffective|p1a: Schnitzel
|-damage|p1a: Schnitzel|0 fnt
|faint|p1a: Schnitzel
|
|
|switch|p1a: Chowder|Gengar, M|262\/262
|-damage|p1a: Chowder|230\/262|[from] Stealth Rock
|turn|26
|c|★Plasmi|*just now realizes its a chowder-based team*
|
|move|p2a: Cherry|Return|p1a: Chowder
|-damage|p1a: Chowder|0 fnt
|faint|p1a: Chowder
|
|win|Plasmi
|raw|Ladder updating...
|c|★Plasmi|wow. gg
|c|★RichKidJames|lol gg
|c|★Plasmi|i feel i shouldnt have won