|join|qwazz
|join|Hiye
|player|p1|qwazz|1
|player|p2|Hiye|168
|gametype|singles
|gen|6
|tier|OU
|clearpoke
|poke|p1|Bisharp, M
|poke|p1|Gallade, M
|poke|p1|Latias, F
|poke|p1|Heatran, F
|poke|p1|Landorus-Therian, M
|poke|p1|Azumarill, F
|poke|p2|Beedrill, M
|poke|p2|Magnezone
|poke|p2|Landorus-Therian, M
|poke|p2|Rotom-Wash
|poke|p2|Greninja, F
|poke|p2|Latias, F
|rule|Swagger Clause: Swagger is banned
|rule|Baton Pass Clause: Limit one Pokémon knowing Baton Pass
|rule|Sleep Clause Mod: Limit one foe put to sleep
|rule|Species Clause: Limit one of each Pokémon
|rule|OHKO Clause: OHKO moves are banned
|rule|Moody Clause: Moody is banned
|rule|Evasion Moves Clause: Evasion moves are banned
|rule|Endless Battle Clause: Forcing endless battles is banned
|rule|HP Percentage Mod: HP is shown in percentages
|teampreview
|
|start
|switch|p1a: Bisharp|Bisharp, M|291\/291
|switch|p2a: Beedrill|Beedrill, M|271\/271
|turn|1
|c|★Hiye|die
|
|detailschange|p2a: Beedrill|Beedrill-Mega, M
|message|Beedrill has Mega Evolved into Mega Beedrill!
|move|p2a: Beedrill|Protect|p2a: Beedrill
|-singleturn|p2a: Beedrill|Protect
|move|p1a: Bisharp|Sucker Punch|p2a: Beedrill
|-fail|p2a: Beedrill
|
|turn|2
|c|★Hiye|HAHAHHAHAHA
|c|★Hiye|LOL
|c|★Hiye|IM DYING
|c|★qwazz|why...
|c|★qwazz|you realize
|
|switch|p2a: Magnezone|Magnezone|282\/282
|move|p1a: Bisharp|Knock Off|p2a: Magnezone
|-damage|p2a: Magnezone|75\/282
|-enditem|p2a: Magnezone|Choice Scarf|[from] move: Knock Off|[of] p1a: Bisharp
|
|turn|3
|c|★Hiye|wow
|c|★Hiye|you actually di dit
|c|★qwazz|you outspeed regardless
|c|★Hiye|im proud
|
|move|p2a: Magnezone|Volt Switch|p1a: Bisharp
|-crit|p1a: Bisharp
|-damage|p1a: Bisharp|20\/291
|c|★Hiye|lulwut
|c|★qwazz|WWWWWWWWWWWWWWWWWWWOOOOOOOOOOOOOOOOOOOOOOOOOOOOOOOOOOOOOOOOOOOOOOOOOOOOOOOOOOWWWWWWWWWWWWWWWWWWWWWWWWWWWWWWWWWWW
|c|★qwazz|i used iron head
|c|★qwazz|go to rotom
|
|switch|p2a: Rotom-Wash|Rotom-Wash|304\/304
|move|p1a: Bisharp|Knock Off|p2a: Rotom-Wash
|-damage|p2a: Rotom-Wash|159\/304
|-enditem|p2a: Rotom-Wash|Leftovers|[from] move: Knock Off|[of] p1a: Bisharp
|
|turn|4
|c|★qwazz|nice n min damage
|c|★Hiye|rotoms my only choice anyways
|c|★qwazz|kk
|
|move|p1a: Bisharp|Knock Off|p2a: Rotom-Wash
|-damage|p2a: Rotom-Wash|60\/304
|move|p2a: Rotom-Wash|Volt Switch|p1a: Bisharp
|-damage|p1a: Bisharp|0 fnt
|faint|p1a: Bisharp
|c|★qwazz|did you jst
|c|★qwazz|oml ur bad
|
|switch|p2a: Beedrill|Beedrill-Mega, M|271\/271
|
|
|switch|p1a: Heatran|Heatran, F|386\/386
|turn|5
|
|switch|p1a: Landorus-Therian|Landorus-Therian, M|320\/320
|-ability|p1a: Landorus-Therian|Intimidate|[of] p2a: Beedrill
|-unboost|p2a: Beedrill|atk|1
|move|p2a: Beedrill|U-turn|p1a: Landorus-Therian
|-resisted|p1a: Landorus-Therian
|-damage|p1a: Landorus-Therian|241\/320
|c|★qwazz|wtf
|c|★qwazz|misclick
|c|★Hiye|lol
|
|switch|p2a: Landorus-Therian|Landorus-Therian, M|382\/382
|-ability|p2a: Landorus-Therian|Intimidate|[of] p1a: Landorus-Therian
|-unboost|p1a: Landorus-Therian|atk|1
|
|turn|6
|c|★Hiye|nice n rox
|c|★qwazz|thats p gay
|
|move|p1a: Landorus-Therian|Explosion|p2a: Landorus-Therian
|-damage|p2a: Landorus-Therian|207\/382
|faint|p1a: Landorus-Therian
|move|p2a: Landorus-Therian|Stealth Rock|p1: Landorus-Therian
|-sidestart|p1: qwazz|move: Stealth Rock
|
|-heal|p2a: Landorus-Therian|230\/382|[from] item: Leftovers
|c|★qwazz|mmm
|c|★Hiye|predicted
|
|switch|p1a: Heatran|Heatran, F|386\/386
|-damage|p1a: Heatran|338\/386|[from] Stealth Rock
|turn|7
|c|★qwazz|how was
|c|★qwazz|that
|c|★Hiye|im u turning
|c|★qwazz|iliterally am just givving up here4
|c|★qwazz|cuz
|c|★Hiye|this is 2 suspicious
|c|★qwazz|that misclick cost me the game
|
|move|p2a: Landorus-Therian|Earthquake|p1a: Heatran
|-supereffective|p1a: Heatran
|-damage|p1a: Heatran|0 fnt
|faint|p1a: Heatran
|
|-heal|p2a: Landorus-Therian|253\/382|[from] item: Leftovers
|
|switch|p1a: Gallade|Gallade, M|277\/277
|-damage|p1a: Gallade|260\/277|[from] Stealth Rock
|turn|8
|
|move|p1a: Gallade|Substitute|p1a: Gallade
|-start|p1a: Gallade|Substitute
|-damage|p1a: Gallade|191\/277
|move|p2a: Landorus-Therian|Earthquake|p1a: Gallade
|-end|p1a: Gallade|Substitute
|
|-heal|p2a: Landorus-Therian|276\/382|[from] item: Leftovers
|turn|9
|
|move|p1a: Gallade|Substitute|p1a: Gallade
|-start|p1a: Gallade|Substitute
|-damage|p1a: Gallade|122\/277
|move|p2a: Landorus-Therian|U-turn|p1a: Gallade
|-end|p1a: Gallade|Substitute
|
|switch|p2a: Greninja|Greninja, F|285\/285
|
|turn|10
|
|move|p2a: Greninja|Ice Beam|p1a: Gallade
|-start|p2a: Greninja|typechange|Ice|[from] Protean
|-damage|p1a: Gallade|0 fnt
|-damage|p2a: Greninja|257\/285|[from] item: Life Orb
|faint|p1a: Gallade
|
|
|switch|p1a: Azumarill|Azumarill, F|401\/401
|-damage|p1a: Azumarill|351\/401|[from] Stealth Rock
|turn|11
|
|move|p2a: Greninja|Gunk Shot|p1a: Azumarill
|-start|p2a: Greninja|typechange|Poison|[from] Protean
|-supereffective|p1a: Azumarill
|-damage|p1a: Azumarill|0 fnt
|-damage|p2a: Greninja|229\/285|[from] item: Life Orb
|faint|p1a: Azumarill
|
|
|switch|p1a: Latias|Latias, F|301\/301
|-damage|p1a: Latias|264\/301|[from] Stealth Rock
|turn|12
|c|★Hiye|gg
|
|move|p2a: Greninja|U-turn|p1a: Latias
|-start|p2a: Greninja|typechange|Bug|[from] Protean
|-supereffective|p1a: Latias
|-damage|p1a: Latias|27\/301
|-damage|p2a: Greninja|201\/285|[from] item: Life Orb
|c|★qwazz|not really
|
|switch|p2a: Latias|Latias, F|301\/301
|move|p1a: Latias|Healing Wish|p1a: Latias
|-fail|p1a: Latias
|
|turn|13
|c|★Hiye|nice n 6-0
|
|move|p2a: Latias|Psychic|p1a: Latias
|-resisted|p1a: Latias
|-damage|p1a: Latias|0 fnt
|-damage|p2a: Latias|271\/301|[from] item: Life Orb
|faint|p1a: Latias
|
|win|Hiye
|c|★qwazz|bud