|join|TheSkyAboveUs
|join|Hiye
|player|p1|TheSkyAboveUs|247
|player|p2|Hiye|23
|gametype|singles
|gen|6
|tier|OU
|clearpoke
|poke|p1|Thundurus, M
|poke|p1|Azumarill, M
|poke|p1|Mamoswine, F
|poke|p1|Alakazam, M
|poke|p1|Talonflame, M
|poke|p1|Latios, M
|poke|p2|Rotom-Wash
|poke|p2|Ferrothorn, M
|poke|p2|Latias, F
|poke|p2|Victini
|poke|p2|Mamoswine, M
|poke|p2|Lopunny, F
|rule|Swagger Clause: Swagger is banned
|rule|Baton Pass Clause: Limit one Pokémon knowing Baton Pass
|rule|Sleep Clause Mod: Limit one foe put to sleep
|rule|Species Clause: Limit one of each Pokémon
|rule|OHKO Clause: OHKO moves are banned
|rule|Moody Clause: Moody is banned
|rule|Evasion Moves Clause: Evasion moves are banned
|rule|Endless Battle Clause: Forcing endless battles is banned
|rule|HP Percentage Mod: HP is shown in percentages
|teampreview
|join|Gregingston
|leave|Gregingston
|
|start
|switch|p1a: Thundurus|Thundurus, M|299\/299
|switch|p2a: Lopunny|Lopunny, F|272\/272
|turn|1
|join|Azimuth
|c|★Hiye|!dt limber
|c|~|\/data-ability Limber
|raw|<font size="1"><\/font>
|c|★Hiye|keep in mind :)
|join|qwazz
|
|detailschange|p2a: Lopunny|Lopunny-Mega, F
|message|Lopunny has Mega Evolved into Mega Lopunny!
|move|p1a: Thundurus|Thunder Wave|p2a: Lopunny
|-status|p2a: Lopunny|par
|move|p2a: Lopunny|Return|p1a: Thundurus
|-damage|p1a: Thundurus|50\/299
|
|turn|2
|c|★Hiye|WTF
|c| qwazz|rofl
|c|★Hiye|OML
|c| qwazz|im dying
|c|★Hiye|IM DONE WITH THIS GAME
|
|switch|p2a: Mamoswine|Mamoswine, M|361\/361
|move|p1a: Thundurus|Focus Blast|p2a: Mamoswine
|-crit|p2a: Mamoswine
|-supereffective|p2a: Mamoswine
|-damage|p2a: Mamoswine|0 fnt
|-damage|p1a: Thundurus|21\/299|[from] item: Life Orb
|faint|p2a: Mamoswine
|
|c|★Hiye|fk
|c| Azimuth|lol
|
|switch|p2a: Lopunny|Lopunny-Mega, F|272\/272 par
|turn|3
|
|switch|p1a: Latios|Latios, M|301\/301
|move|p2a: Lopunny|Fake Out|p1a: Latios
|-damage|p1a: Latios|214\/301
|
|turn|4
|
|switch|p2a: Ferrothorn|Ferrothorn, M|352\/352
|move|p1a: Latios|Hidden Power|p2a: Ferrothorn
|-supereffective|p2a: Ferrothorn
|-damage|p2a: Ferrothorn|82\/352
|-damage|p1a: Latios|184\/301|[from] item: Life Orb
|
|-heal|p2a: Ferrothorn|104\/352|[from] item: Leftovers
|turn|5
|c|★Hiye|'
|
|move|p1a: Latios|Hidden Power|p2a: Ferrothorn
|-supereffective|p2a: Ferrothorn
|-damage|p2a: Ferrothorn|0 fnt
|-damage|p1a: Latios|154\/301|[from] item: Life Orb
|faint|p2a: Ferrothorn
|
|
|switch|p2a: Victini|Victini|346\/346
|turn|6
|c| qwazz|gett fukt
|c|★Hiye|stfu
|c| qwazz|lol
|
|move|p1a: Latios|Draco Meteor|p2a: Victini
|-damage|p2a: Victini|25\/346
|-unboost|p1a: Latios|spa|2
|-damage|p1a: Latios|124\/301|[from] item: Life Orb
|move|p2a: Victini|Bolt Strike|p1a: Latios
|-resisted|p1a: Latios
|-damage|p1a: Latios|33\/301
|
|-heal|p2a: Victini|46\/346|[from] item: Leftovers
|turn|7
|c| qwazz|nice
|c|★Hiye|fake he stayed in
|c| qwazz|gj idiot
|
|move|p1a: Latios|Draco Meteor|p2a: Victini
|-damage|p2a: Victini|0 fnt
|-unboost|p1a: Latios|spa|2
|-damage|p1a: Latios|3\/301|[from] item: Life Orb
|faint|p2a: Victini
|
|c| Azimuth|salt
|
|switch|p2a: Latias|Latias, F|299\/299
|turn|8
|c| qwazz|you just lost half your mons
|
|switch|p1a: Azumarill|Azumarill, M|401\/401
|move|p2a: Latias|Roost|p2a: Latias
|-fail|p2a: Latias
|
|turn|9
|c|★Hiye|fk
|c| qwazz|in less than 10 turn
|
|switch|p2a: Rotom-Wash|Rotom-Wash|304\/304
|move|p1a: Azumarill|Play Rough|p2a: Rotom-Wash
|-damage|p2a: Rotom-Wash|105\/304
|
|-heal|p2a: Rotom-Wash|124\/304|[from] item: Leftovers
|turn|10
|c| qwazz|s
|c|★Hiye|fk cb
|
|switch|p1a: Alakazam|Alakazam, M|251\/251
|move|p2a: Rotom-Wash|Will-O-Wisp|p1a: Alakazam
|-status|p1a: Alakazam|brn
|
|-heal|p2a: Rotom-Wash|143\/304|[from] item: Leftovers
|turn|11
|c|★Hiye|dis is a direct ct imo
|c| qwazz|lol
|
|switch|p2a: Latias|Latias, F|299\/299
|detailschange|p1a: Alakazam|Alakazam-Mega, M
|message|Alakazam has Mega Evolved into Mega Alakazam!
|-ability|p1a: Alakazam|Levitate|[from] ability: Trace|[of] p2a: Latias
|move|p1a: Alakazam|Psychic|p2a: Latias
|-resisted|p2a: Latias
|-damage|p2a: Latias|209\/299
|
|-damage|p1a: Alakazam|220\/251 brn|[from] brn
|turn|12
|c|★Hiye|live shadow ball
|c|★Hiye|plz
|
|move|p1a: Alakazam|Shadow Ball|p2a: Latias
|-supereffective|p2a: Latias
|-damage|p2a: Latias|13\/299
|-unboost|p2a: Latias|spd|1
|move|p2a: Latias|Healing Wish|p2a: Latias
|faint|p2a: Latias
|
|-damage|p1a: Alakazam|189\/251 brn|[from] brn
|
|switch|p2a: Lopunny|Lopunny-Mega, F|272\/272 par
|-heal|p2a: Lopunny|272\/272|[from] move: Healing Wish
|turn|13
|
|move|p2a: Lopunny|Fake Out|p1a: Alakazam
|-damage|p1a: Alakazam|87\/251 brn
|cant|p1a: Alakazam|flinch
|
|-damage|p1a: Alakazam|56\/251 brn|[from] brn
|turn|14
|join|ComradeGlas
|c|★Hiye|o
|c|★Hiye|LOL
|
|move|p2a: Lopunny|Ice Punch|p1a: Alakazam
|-damage|p1a: Alakazam|0 fnt
|faint|p1a: Alakazam
|
|c|★Hiye|yay modest
|
|switch|p1a: Thundurus|Thundurus, M|21\/299
|turn|15
|
|switch|p2a: Rotom-Wash|Rotom-Wash|143\/304
|move|p1a: Thundurus|Thunderbolt|p2a: Rotom-Wash
|-damage|p2a: Rotom-Wash|0 fnt
|-damage|p1a: Thundurus|0 fnt|[from] item: Life Orb
|faint|p2a: Rotom-Wash
|faint|p1a: Thundurus
|
|
|switch|p2a: Lopunny|Lopunny-Mega, F|272\/272
|switch|p1a: Talonflame|Talonflame, M|297\/297
|turn|16
|c|★Hiye|im gona 6-0 with lopunny
|
|move|p2a: Lopunny|Fake Out|p1a: Talonflame
|-damage|p1a: Talonflame|206\/297
|cant|p1a: Talonflame|flinch
|
|turn|17
|
|move|p1a: Talonflame|Brave Bird|p2a: Lopunny
|-supereffective|p2a: Lopunny
|-damage|p2a: Lopunny|0 fnt
|-damage|p1a: Talonflame|116\/297|[from] recoil|[of] p2a: Lopunny
|faint|p2a: Lopunny
|
|win|TheSkyAboveUs
|leave|TheSkyAboveUs
|player|p1
|c|★Hiye|fk
|join|dis boy fly
|c|★Hiye|lol\/ that was great