|join|Hiye
|join|panty nancy
|player|p1|Hiye|101
|player|p2|panty nancy|291
|gametype|singles
|gen|6
|tier|OU
|clearpoke
|poke|p1|Charizard, F
|poke|p1|Excadrill, M
|poke|p1|Sylveon, F
|poke|p1|Ferrothorn, M
|poke|p1|Rotom-Wash
|poke|p1|Mew
|poke|p2|Swellow, M
|poke|p2|Excadrill, F
|poke|p2|Magnezone
|poke|p2|Staraptor, M
|poke|p2|Talonflame, M
|poke|p2|Pinsir, F
|rule|Swagger Clause: Swagger is banned
|rule|Baton Pass Clause: Limit one Pokémon knowing Baton Pass
|rule|Sleep Clause Mod: Limit one foe put to sleep
|rule|Species Clause: Limit one of each Pokémon
|rule|OHKO Clause: OHKO moves are banned
|rule|Moody Clause: Moody is banned
|rule|Evasion Moves Clause: Evasion moves are banned
|rule|Endless Battle Clause: Forcing endless battles is banned
|rule|HP Percentage Mod: HP is shown in percentages
|teampreview
|c|★Hiye|hi pnaty nancy
|c|★panty nancy|hi im gryf
|c|★panty nancy|*grifi
|c|★Hiye|who dat
|c|★panty nancy|me
|c|★Hiye|o
|c|★panty nancy|indeed.
|c|★Hiye|lol nice team dipfuck
|c|★panty nancy|thx ctc made it
|c|★panty nancy|its p bad tbh
|c|★Hiye|wana die
|
|start
|switch|p1a: Charizard|Charizard, F|359\/359
|switch|p2a: Swellow|Swellow, M|261\/261
|turn|1
|c|★Hiye|click protect
|c|★Hiye|u dumb stupid idot
|
|detailschange|p1a: Charizard|Charizard-Mega-X, F
|-mega|p1a: Charizard|Charizard|Charizardite X
|move|p2a: Swellow|Tailwind|p2a: Swellow
|-sidestart|p2: panty nancy|move: Tailwind
|move|p1a: Charizard|Dragon Dance|p1a: Charizard
|-boost|p1a: Charizard|atk|1
|-boost|p1a: Charizard|spe|1
|
|-status|p2a: Swellow|brn|[from] item: Flame Orb
|turn|2
|c|★Hiye|WTF
|c|★Hiye|WTf
|c|★Hiye|WTF
|c|★Hiye|WTF
|c|★Hiye|WTF
|c|★Hiye|WTF
|c|★Hiye|WTF
|
|move|p2a: Swellow|Facade|p1a: Charizard
|-damage|p1a: Charizard|127\/359
|move|p1a: Charizard|Dragon Claw|p2a: Swellow
|-damage|p2a: Swellow|0 fnt
|faint|p2a: Swellow
|
|c|★Hiye|haha
|c|★panty nancy|, weak
|
|switch|p2a: Staraptor|Staraptor, M|374\/374
|turn|3
|c|★panty nancy|w8 wot
|c|★panty nancy|i thout i hit exca
|c|★Hiye|ik
|c|★panty nancy|fkin
|c|★panty nancy|w\/e
|
|move|p2a: Staraptor|Brave Bird|p1a: Charizard
|-damage|p1a: Charizard|0 fnt
|-damage|p2a: Staraptor|332\/374|[from] recoil|[of] p1a: Charizard
|faint|p1a: Charizard
|
|
|switch|p1a: Rotom-Wash|Rotom-Wash|303\/303
|turn|4
|c|★Hiye|u have nice pantyhosers
|c|★panty nancy|yes @
|
|switch|p2a: Magnezone|Magnezone|282\/282
|move|p1a: Rotom-Wash|Will-O-Wisp|p2a: Magnezone
|-status|p2a: Magnezone|brn
|
|-damage|p2a: Magnezone|247\/282 brn|[from] brn
|-sideend|p2: panty nancy|move: Tailwind
|turn|5
|c|★panty nancy|!\
|
|switch|p2a: Excadrill|Excadrill, F|362\/362
|-ability|p2a: Excadrill|Mold Breaker
|switch|p1a: Excadrill|Excadrill, M|417\/417
|-ability|p1a: Excadrill|Mold Breaker
|
|turn|6
|c|★Hiye|fag
|
|switch|p1a: Ferrothorn|Ferrothorn, M|352\/352
|move|p2a: Excadrill|Earthquake|p1a: Ferrothorn
|-damage|p1a: Ferrothorn|231\/352
|
|-heal|p1a: Ferrothorn|253\/352|[from] item: Leftovers
|turn|7
|
|switch|p1a: Excadrill|Excadrill, M|417\/417
|-ability|p1a: Excadrill|Mold Breaker
|move|p2a: Excadrill|Earthquake|p1a: Excadrill
|-supereffective|p1a: Excadrill
|-damage|p1a: Excadrill|0 fnt
|faint|p1a: Excadrill
|
|c|★panty nancy|yum
|
|switch|p1a: Rotom-Wash|Rotom-Wash|303\/303
|turn|8
|c|★Hiye|suck me
|
|move|p2a: Excadrill|Earthquake|p1a: Rotom-Wash
|-supereffective|p1a: Rotom-Wash
|-damage|p1a: Rotom-Wash|39\/303
|move|p1a: Rotom-Wash|Will-O-Wisp|p2a: Excadrill
|-status|p2a: Excadrill|brn
|
|-heal|p1a: Rotom-Wash|57\/303|[from] item: Leftovers
|-damage|p2a: Excadrill|317\/362 brn|[from] brn
|turn|9
|c|★panty nancy|kk
|c|★Hiye|u fucking counterteaming piece of aids sack
|leave|Hiye
|player|p1
|-message|Player 1 lost due to inactivity.
|
|win|panty nancy