|join|BanMePlz
|join|Hiye
|player|p1|BanMePlz|1
|player|p2|Hiye|23
|gametype|singles
|gen|6
|tier|OU
|rated
|clearpoke
|poke|p1|Politoed, M
|poke|p1|Kabutops, M
|poke|p1|Kingdra, F
|poke|p1|Tornadus-Therian, M
|poke|p1|Sharpedo, M
|poke|p1|Infernape, M
|poke|p2|Kyurem-Black
|poke|p2|Landorus-Therian, M
|poke|p2|Scizor, M
|poke|p2|Keldeo
|poke|p2|Heatran, F
|poke|p2|Mew
|rule|Swagger Clause: Swagger is banned
|rule|Baton Pass Clause: Limit one Pokémon knowing Baton Pass
|rule|Sleep Clause Mod: Limit one foe put to sleep
|rule|Species Clause: Limit one of each Pokémon
|rule|OHKO Clause: OHKO moves are banned
|rule|Moody Clause: Moody is banned
|rule|Evasion Moves Clause: Evasion moves are banned
|rule|Endless Battle Clause: Forcing endless battles is banned
|rule|HP Percentage Mod: HP is shown in percentages
|teampreview
|
|start
|switch|p1a: Infernape|Infernape, M|294\/294
|switch|p2a: Landorus-Therian|Landorus-Therian, M|319\/319
|-ability|p2a: Landorus-Therian|Intimidate|[of] p1a: Infernape
|-unboost|p1a: Infernape|atk|1
|turn|1
|
|move|p2a: Landorus-Therian|U-turn|p1a: Infernape
|-resisted|p1a: Infernape
|-damage|p1a: Infernape|261\/294
|
|switch|p2a: Keldeo|Keldeo|323\/323
|move|p1a: Infernape|Stealth Rock|p2a: Keldeo
|-sidestart|p2: Hiye|move: Stealth Rock
|
|turn|2
|
|switch|p1a: Politoed|Politoed, M|384\/384
|-weather|RainDance
|move|p2a: Keldeo|Scald|p1a: Politoed
|-resisted|p1a: Politoed
|-damage|p1a: Politoed|308\/384
|-status|p1a: Politoed|brn
|
|-weather|RainDance|[upkeep]
|-damage|p1a: Politoed|260\/384 brn|[from] brn
|turn|3
|
|switch|p1a: Kingdra|Kingdra, F|292\/292
|move|p2a: Keldeo|Substitute|p2a: Keldeo
|-start|p2a: Keldeo|Substitute
|-damage|p2a: Keldeo|243\/323
|
|-weather|RainDance|[upkeep]
|-heal|p2a: Keldeo|263\/323|[from] item: Leftovers
|turn|4
|
|switch|p1a: Tornadus-Therian|Tornadus-Therian, M|299\/299
|move|p2a: Keldeo|Secret Sword|p1a: Tornadus-Therian
|-resisted|p1a: Tornadus-Therian
|-damage|p1a: Tornadus-Therian|211\/299
|
|-weather|RainDance|[upkeep]
|-heal|p2a: Keldeo|283\/323|[from] item: Leftovers
|turn|5
|
|move|p1a: Tornadus-Therian|Hurricane|p2a: Keldeo
|-supereffective|p2a: Keldeo
|-end|p2a: Keldeo|Substitute
|move|p2a: Keldeo|Scald|p1a: Tornadus-Therian
|-damage|p1a: Tornadus-Therian|0 fnt
|faint|p1a: Tornadus-Therian
|
|-weather|RainDance|[upkeep]
|-heal|p2a: Keldeo|303\/323|[from] item: Leftovers
|
|switch|p1a: Kingdra|Kingdra, F|292\/292
|turn|6
|
|switch|p2a: Heatran|Heatran, F|386\/386
|-damage|p2a: Heatran|338\/386|[from] Stealth Rock
|move|p1a: Kingdra|Surf|p2a: Heatran
|-supereffective|p2a: Heatran
|-damage|p2a: Heatran|0 fnt
|faint|p2a: Heatran
|
|-weather|RainDance|[upkeep]
|
|switch|p2a: Kyurem-Black|Kyurem-Black|405\/405
|-damage|p2a: Kyurem-Black|304\/405|[from] Stealth Rock
|-ability|p2a: Kyurem-Black|Teravolt
|turn|7
|
|switch|p1a: Infernape|Infernape, M|261\/294
|move|p2a: Kyurem-Black|Fusion Bolt|p1a: Infernape
|-damage|p1a: Infernape|91\/294
|
|-weather|RainDance|[upkeep]
|-heal|p2a: Kyurem-Black|329\/405|[from] item: Leftovers
|turn|8
|
|switch|p2a: Landorus-Therian|Landorus-Therian, M|319\/319
|-damage|p2a: Landorus-Therian|280\/319|[from] Stealth Rock
|-ability|p2a: Landorus-Therian|Intimidate|[of] p1a: Infernape
|-unboost|p1a: Infernape|atk|1
|move|p1a: Infernape|Endeavor|p2a: Landorus-Therian
|-damage|p2a: Landorus-Therian|91\/319
|
|-weather|RainDance|[upkeep]
|turn|9
|
|move|p2a: Landorus-Therian|Earthquake|p1a: Infernape
|-supereffective|p1a: Infernape
|-damage|p1a: Infernape|0 fnt
|faint|p1a: Infernape
|
|-weather|none
|
|switch|p1a: Politoed|Politoed, M|260\/384 brn
|-weather|RainDance
|turn|10
|
|switch|p1a: Sharpedo|Sharpedo, M|282\/282
|move|p2a: Landorus-Therian|Earthquake|p1a: Sharpedo
|-damage|p1a: Sharpedo|0 fnt
|faint|p1a: Sharpedo
|
|-weather|RainDance|[upkeep]
|
|switch|p1a: Kingdra|Kingdra, F|292\/292
|turn|11
|
|move|p1a: Kingdra|Dragon Pulse|p2a: Landorus-Therian
|-damage|p2a: Landorus-Therian|0 fnt
|faint|p2a: Landorus-Therian
|
|-weather|RainDance|[upkeep]
|
|switch|p2a: Scizor|Scizor, M|344\/344
|-damage|p2a: Scizor|301\/344|[from] Stealth Rock
|turn|12
|
|switch|p1a: Kabutops|Kabutops, M|262\/262
|detailschange|p2a: Scizor|Scizor-Mega, M
|message|Scizor has Mega Evolved into Mega Scizor!
|move|p2a: Scizor|U-turn|p1a: Kabutops
|-damage|p1a: Kabutops|153\/262
|
|switch|p2a: Keldeo|Keldeo|303\/323
|-damage|p2a: Keldeo|283\/323|[from] Stealth Rock
|
|-weather|RainDance|[upkeep]
|-heal|p2a: Keldeo|303\/323|[from] item: Leftovers
|turn|13
|
|move|p1a: Kabutops|Waterfall|p2a: Keldeo
|-resisted|p2a: Keldeo
|-damage|p2a: Keldeo|138\/323
|-damage|p1a: Kabutops|127\/262|[from] item: Life Orb
|cant|p2a: Keldeo|flinch
|
|-weather|RainDance|[upkeep]
|-heal|p2a: Keldeo|158\/323|[from] item: Leftovers
|turn|14
|c|★Hiye|argh..
|
|move|p1a: Kabutops|Waterfall|p2a: Keldeo
|-crit|p2a: Keldeo
|-resisted|p2a: Keldeo
|-damage|p2a: Keldeo|0 fnt
|-damage|p1a: Kabutops|101\/262|[from] item: Life Orb
|faint|p2a: Keldeo
|
|-weather|RainDance|[upkeep]
|
|switch|p2a: Mew|Mew|404\/404
|-damage|p2a: Mew|354\/404|[from] Stealth Rock
|turn|15
|
|switch|p1a: Kingdra|Kingdra, F|292\/292
|move|p2a: Mew|Knock Off|p1a: Kingdra
|-crit|p1a: Kingdra
|-damage|p1a: Kingdra|175\/292
|-enditem|p1a: Kingdra|Choice Specs|[from] move: Knock Off|[of] p2a: Mew
|
|-weather|RainDance|[upkeep]
|-heal|p2a: Mew|379\/404|[from] item: Leftovers
|turn|16
|
|move|p1a: Kingdra|Hydro Pump|p2a: Mew
|-damage|p2a: Mew|141\/404
|move|p2a: Mew|Roost|p2a: Mew
|-heal|p2a: Mew|343\/404
|
|-weather|RainDance|[upkeep]
|-heal|p2a: Mew|368\/404|[from] item: Leftovers
|turn|17
|
|move|p1a: Kingdra|Hydro Pump|p2a: Mew
|-damage|p2a: Mew|115\/404
|move|p2a: Mew|Knock Off|p1a: Kingdra
|-damage|p1a: Kingdra|124\/292
|
|-weather|none
|-heal|p2a: Mew|140\/404|[from] item: Leftovers
|turn|18
|
|move|p2a: Mew|Roost|p2a: Mew
|-heal|p2a: Mew|342\/404
|move|p1a: Kingdra|Draco Meteor|p2a: Mew
|-damage|p2a: Mew|123\/404
|-unboost|p1a: Kingdra|spa|2
|
|-heal|p2a: Mew|148\/404|[from] item: Leftovers
|turn|19
|
|switch|p1a: Politoed|Politoed, M|260\/384 brn
|-weather|RainDance
|move|p2a: Mew|Knock Off|p1a: Politoed
|-damage|p1a: Politoed|162\/384 brn
|-enditem|p1a: Politoed|Damp Rock|[from] move: Knock Off|[of] p2a: Mew
|
|-weather|RainDance|[upkeep]
|-heal|p2a: Mew|173\/404|[from] item: Leftovers
|-damage|p1a: Politoed|114\/384 brn|[from] brn
|turn|20
|
|move|p2a: Mew|Taunt|p1a: Politoed
|-start|p1a: Politoed|move: Taunt
|cant|p1a: Politoed|move: Taunt|Encore
|
|-weather|RainDance|[upkeep]
|-heal|p2a: Mew|198\/404|[from] item: Leftovers
|-damage|p1a: Politoed|66\/384 brn|[from] brn
|turn|21
|
|switch|p1a: Kabutops|Kabutops, M|101\/262
|move|p2a: Mew|Roost|p2a: Mew
|-heal|p2a: Mew|400\/404
|
|-weather|RainDance|[upkeep]
|-heal|p2a: Mew|404\/404|[from] item: Leftovers
|turn|22
|
|move|p1a: Kabutops|Waterfall|p2a: Mew
|-damage|p2a: Mew|188\/404
|-damage|p1a: Kabutops|75\/262|[from] item: Life Orb
|cant|p2a: Mew|flinch
|
|-weather|RainDance|[upkeep]
|-heal|p2a: Mew|213\/404|[from] item: Leftovers
|turn|23
|
|move|p1a: Kabutops|Waterfall|p2a: Mew
|-damage|p2a: Mew|0 fnt
|-damage|p1a: Kabutops|49\/262|[from] item: Life Orb
|faint|p2a: Mew
|
|-weather|RainDance|[upkeep]
|c|★Hiye|waterfall = guaranteed flinch
|
|switch|p2a: Scizor|Scizor-Mega, M|301\/344
|-damage|p2a: Scizor|258\/344|[from] Stealth Rock
|turn|24
|
|move|p1a: Kabutops|Aqua Jet|p2a: Scizor
|-damage|p2a: Scizor|149\/344
|-damage|p1a: Kabutops|23\/262|[from] item: Life Orb
|move|p2a: Scizor|Bullet Punch|p1a: Kabutops
|-crit|p1a: Kabutops
|-damage|p1a: Kabutops|0 fnt
|faint|p1a: Kabutops
|
|-weather|RainDance|[upkeep]
|
|switch|p1a: Kingdra|Kingdra, F|124\/292
|turn|25
|
|move|p1a: Kingdra|Surf|p2a: Scizor
|-damage|p2a: Scizor|0 fnt
|faint|p2a: Scizor
|
|-weather|RainDance|[upkeep]
|
|switch|p2a: Kyurem-Black|Kyurem-Black|329\/405
|-damage|p2a: Kyurem-Black|228\/405|[from] Stealth Rock
|-ability|p2a: Kyurem-Black|Teravolt
|turn|26
|c|★BanMePlz|gg
|
|move|p1a: Kingdra|Dragon Pulse|p2a: Kyurem-Black
|-supereffective|p2a: Kyurem-Black
|-damage|p2a: Kyurem-Black|0 fnt
|faint|p2a: Kyurem-Black
|
|win|BanMePlz
|raw|Ladder updating...
|c|★Hiye|lol
|raw|BanMePlz's rating: 1791 &rarr; <strong>1812<\/strong><br \/>(+21 for winning)
|raw|Hiye's rating: 1810 &rarr; <strong>1789<\/strong><br \/>(-21 for losing)
|c|★Hiye|"gg"
|c|★BanMePlz|jk
|c|★Hiye|v funny