|join|Hiye
|join|Mayko
|player|p1|Hiye|101
|player|p2|Mayko|161
|gametype|singles
|gen|6
|tier|OU
|rated
|clearpoke
|poke|p1|Diancie
|poke|p1|Latias, F
|poke|p1|Heatran, F
|poke|p1|Landorus-Therian, M
|poke|p1|Celebi
|poke|p1|Keldeo
|poke|p2|Landorus-Therian, M
|poke|p2|Metagross
|poke|p2|Forretress, F
|poke|p2|Latios, M
|poke|p2|Talonflame, M
|poke|p2|Drifblim, M
|rule|Swagger Clause: Swagger is banned
|rule|Baton Pass Clause: Limit one Pokémon knowing Baton Pass
|rule|Sleep Clause Mod: Limit one foe put to sleep
|rule|Species Clause: Limit one of each Pokémon
|rule|OHKO Clause: OHKO moves are banned
|rule|Moody Clause: Moody is banned
|rule|Evasion Moves Clause: Evasion moves are banned
|rule|Endless Battle Clause: Forcing endless battles is banned
|rule|HP Percentage Mod: HP is shown in percentages
|teampreview
|
|start
|switch|p1a: Heatran|Heatran, F|386\/386
|switch|p2a: Landorus-Therian|Landorus-Therian, M|320\/320
|-ability|p2a: Landorus-Therian|Intimidate|[of] p1a: Heatran
|-unboost|p1a: Heatran|atk|1
|turn|1
|
|move|p1a: Heatran|Protect|p1a: Heatran
|-singleturn|p1a: Heatran|Protect
|move|p2a: Landorus-Therian|U-turn|p1a: Heatran
|-activate|p1a: Heatran|Protect
|
|turn|2
|
|move|p2a: Landorus-Therian|U-turn|p1a: Heatran
|-resisted|p1a: Heatran
|-damage|p1a: Heatran|365\/386
|
|switch|p2a: Latios|Latios, M|302\/302
|move|p1a: Heatran|Toxic|p2a: Latios
|-status|p2a: Latios|tox
|
|-heal|p1a: Heatran|386\/386|[from] item: Leftovers
|-damage|p2a: Latios|284\/302 tox|[from] psn
|turn|3
|
|move|p1a: Heatran|Protect|p1a: Heatran
|-singleturn|p1a: Heatran|Protect
|move|p2a: Latios|Surf|p1a: Heatran
|-activate|p1a: Heatran|Protect
|
|-heal|p2a: Latios|302\/302 tox|[from] item: Leftovers
|-damage|p2a: Latios|266\/302 tox|[from] psn
|turn|4
|
|switch|p1a: Celebi|Celebi|404\/404
|move|p2a: Latios|Surf|p1a: Celebi
|-resisted|p1a: Celebi
|-damage|p1a: Celebi|352\/404
|
|-heal|p2a: Latios|284\/302 tox|[from] item: Leftovers
|-heal|p1a: Celebi|377\/404|[from] item: Leftovers
|-damage|p2a: Latios|230\/302 tox|[from] psn
|turn|5
|
|switch|p2a: Forretress|Forretress, F|292\/292
|move|p1a: Celebi|Stealth Rock|p2a: Forretress
|-sidestart|p2: Mayko|move: Stealth Rock
|
|-heal|p1a: Celebi|402\/404|[from] item: Leftovers
|turn|6
|
|switch|p1a: Heatran|Heatran, F|386\/386
|move|p2a: Forretress|Rapid Spin|p1a: Heatran
|-resisted|p1a: Heatran
|-damage|p1a: Heatran|378\/386
|-sideend|p2: Mayko|Stealth Rock|[from] move: Rapid Spin|[of] p2a: Forretress
|
|-heal|p1a: Heatran|386\/386|[from] item: Leftovers
|turn|7
|
|move|p2a: Forretress|Protect|p2a: Forretress
|-singleturn|p2a: Forretress|Protect
|move|p1a: Heatran|Lava Plume|p2a: Forretress
|-activate|p2a: Forretress|Protect
|
|turn|8
|
|switch|p2a: Drifblim|Drifblim, M|455\/455
|move|p1a: Heatran|Lava Plume|p2a: Drifblim
|-damage|p2a: Drifblim|284\/455
|
|-status|p2a: Drifblim|brn|[from] item: Flame Orb
|turn|9
|c|★Hiye|um
|
|move|p1a: Heatran|Protect|p1a: Heatran
|-singleturn|p1a: Heatran|Protect
|move|p2a: Drifblim|Thunder Wave|p1a: Heatran
|-activate|p1a: Heatran|Protect
|
|-damage|p2a: Drifblim|228\/455 brn|[from] brn
|turn|10
|c|★Hiye|k aids
|c|★Hiye|saw that coming
|
|switch|p1a: Landorus-Therian|Landorus-Therian, M|319\/319
|-ability|p1a: Landorus-Therian|Intimidate|[of] p2a: Drifblim
|-unboost|p2a: Drifblim|atk|1
|move|p2a: Drifblim|Shadow Ball|p1a: Landorus-Therian
|-damage|p1a: Landorus-Therian|112\/319
|
|-damage|p2a: Drifblim|172\/455 brn|[from] brn
|turn|11
|c|★Hiye|shift here
|c|★Hiye|or trick
|c|★Hiye|or whatever
|c|★Hiye|o flare boost
|c|★Hiye|?
|c|★Mayko|flare boost
|c|★Hiye|!dt flare boost
|c|~|\/data-ability Flare Boost
|raw|<font size="1"><\/font>
|c|★Hiye|ic
|
|switch|p2a: Landorus-Therian|Landorus-Therian, M|320\/320
|-ability|p2a: Landorus-Therian|Intimidate|[of] p1a: Landorus-Therian
|-unboost|p1a: Landorus-Therian|atk|1
|move|p1a: Landorus-Therian|U-turn|p2a: Landorus-Therian
|-resisted|p2a: Landorus-Therian
|-damage|p2a: Landorus-Therian|281\/320
|
|switch|p1a: Keldeo|Keldeo|323\/323
|
|turn|12
|
|move|p2a: Landorus-Therian|U-turn|p1a: Keldeo
|-resisted|p1a: Keldeo
|-damage|p1a: Keldeo|277\/323
|
|switch|p2a: Latios|Latios, M|230\/302 tox
|move|p1a: Keldeo|Secret Sword|p2a: Latios
|-resisted|p2a: Latios
|-damage|p2a: Latios|134\/302 tox
|
|-heal|p2a: Latios|152\/302 tox|[from] item: Leftovers
|-heal|p1a: Keldeo|297\/323|[from] item: Leftovers
|-damage|p2a: Latios|134\/302 tox|[from] psn
|turn|13
|
|switch|p1a: Celebi|Celebi|402\/404
|move|p2a: Latios|Draco Meteor|p1a: Celebi
|-damage|p1a: Celebi|185\/404
|-unboost|p2a: Latios|spa|2
|
|-heal|p2a: Latios|152\/302 tox|[from] item: Leftovers
|-heal|p1a: Celebi|210\/404|[from] item: Leftovers
|-damage|p2a: Latios|116\/302 tox|[from] psn
|turn|14
|
|switch|p2a: Talonflame|Talonflame, M|298\/298
|move|p1a: Celebi|Stealth Rock|p2a: Talonflame
|-sidestart|p2: Mayko|move: Stealth Rock
|
|-heal|p1a: Celebi|235\/404|[from] item: Leftovers
|turn|15
|
|switch|p1a: Diancie|Diancie|257\/257
|move|p2a: Talonflame|Brave Bird|p1a: Diancie
|-resisted|p1a: Diancie
|-damage|p1a: Diancie|198\/257
|-damage|p2a: Talonflame|279\/298|[from] recoil|[of] p1a: Diancie
|
|-heal|p2a: Talonflame|297\/298|[from] item: Leftovers
|turn|16
|
|switch|p2a: Metagross|Metagross|302\/302
|-damage|p2a: Metagross|284\/302|[from] Stealth Rock
|detailschange|p1a: Diancie|Diancie-Mega
|-mega|p1a: Diancie|Diancie|Diancite
|move|p1a: Diancie|Earth Power|p2a: Metagross
|-supereffective|p2a: Metagross
|-damage|p2a: Metagross|0 fnt
|faint|p2a: Metagross
|
|-message|Mayko forfeited.
|leave|Mayko
|
|win|Hiye
|raw|Ladder updating...
|player|p2