|join|Calloflochie
|join|stella i love you
|player|p1|Calloflochie|275
|player|p2|stella i love you|167
|gametype|singles
|gen|6
|tier|UU
|rule|Sleep Clause Mod: Limit one foe put to sleep
|rule|Species Clause: Limit one of each Pokémon
|rule|OHKO Clause: OHKO moves are banned
|rule|Moody Clause: Moody is banned
|rule|Evasion Moves Clause: Evasion moves are banned
|rule|Endless Battle Clause: Forcing endless battles is banned
|rule|HP Percentage Mod: HP is shown in percentages
|clearpoke
|poke|p1|Dragalge, M
|poke|p1|Absol, M
|poke|p1|Raikou
|poke|p1|Gligar, F
|poke|p1|Vaporeon, M
|poke|p1|Mienshao, F
|poke|p2|Beedrill, M
|poke|p2|Jirachi
|poke|p2|Raikou
|poke|p2|Azelf
|poke|p2|Slurpuff, M
|poke|p2|Lucario, M
|rule|Swagger Clause: Swagger is banned
|rule|Baton Pass Clause: Limit one Pokémon knowing Baton Pass
|teampreview
|c|★Calloflochie|looks epic
|c|★stella i love you|you're about to get swept by slurpuff
|
|start
|switch|p1a: Mienshao|Mienshao, F|271\/271
|switch|p2a: Raikou|Raikou|322\/322
|-ability|p2a: Raikou|Pressure
|turn|1
|
|move|p1a: Mienshao|U-turn|p2a: Raikou
|-damage|p2a: Raikou|226\/322
|
|switch|p1a: Raikou|Raikou|321\/321
|-ability|p1a: Raikou|Pressure
|move|p2a: Raikou|Volt Switch|p1a: Raikou
|-resisted|p1a: Raikou
|-damage|p1a: Raikou|267\/321
|c|★stella i love you|this will look great for spl :]
|
|switch|p2a: Azelf|Azelf|292\/292
|
|-heal|p1a: Raikou|287\/321|[from] item: Leftovers
|turn|2
|
|move|p1a: Raikou|Volt Switch|p2a: Azelf
|-crit|p2a: Azelf
|-damage|p2a: Azelf|76\/292
|c|★Calloflochie|im not trying though???
|
|switch|p1a: Gligar|Gligar, F|333\/333
|move|p2a: Azelf|Stealth Rock|p1a: Gligar
|-sidestart|p1: Calloflochie|move: Stealth Rock
|
|turn|3
|c|★stella i love you|i was joking
|
|move|p2a: Azelf|Knock Off|p1a: Gligar
|-damage|p1a: Gligar|266\/333
|-enditem|p1a: Gligar|Eviolite|[from] move: Knock Off|[of] p2a: Azelf
|move|p1a: Gligar|U-turn|p2a: Azelf
|-supereffective|p2a: Azelf
|-damage|p2a: Azelf|0 fnt
|faint|p2a: Azelf
|c|★stella i love you|.-.
|
|switch|p1a: Raikou|Raikou|287\/321
|-damage|p1a: Raikou|247\/321|[from] Stealth Rock
|-ability|p1a: Raikou|Pressure
|
|-heal|p1a: Raikou|267\/321|[from] item: Leftovers
|c|★Calloflochie|heh
|
|switch|p2a: Slurpuff|Slurpuff, M|306\/306
|turn|4
|c|★stella i love you|oops
|
|switch|p2a: Raikou|Raikou|226\/322
|-ability|p2a: Raikou|Pressure
|move|p1a: Raikou|Thunderbolt|p2a: Raikou
|-crit|p2a: Raikou
|-resisted|p2a: Raikou
|-damage|p2a: Raikou|151\/322
|
|-heal|p1a: Raikou|287\/321|[from] item: Leftovers
|turn|5
|c|★Calloflochie|u got me.
|
|move|p1a: Raikou|Volt Switch|p2a: Raikou
|-resisted|p2a: Raikou
|-damage|p2a: Raikou|115\/322
|
|switch|p1a: Gligar|Gligar, F|266\/333
|-damage|p1a: Gligar|225\/333|[from] Stealth Rock
|move|p2a: Raikou|Extrasensory|p1a: Gligar
|-damage|p1a: Gligar|140\/333
|
|turn|6
|join|purrl
|
|switch|p1a: Mienshao|Mienshao, F|271\/271
|-damage|p1a: Mienshao|255\/271|[from] Stealth Rock
|move|p2a: Raikou|Hidden Power|p1a: Mienshao
|-damage|p1a: Mienshao|150\/271
|
|turn|7
|
|move|p1a: Mienshao|High Jump Kick|p2a: Raikou
|-damage|p2a: Raikou|0 fnt
|faint|p2a: Raikou
|
|
|switch|p2a: Slurpuff|Slurpuff, M|306\/306
|turn|8
|c|★stella i love you|here it is
|c|★Calloflochie|here it comes
|
|switch|p1a: Gligar|Gligar, F|140\/333
|-damage|p1a: Gligar|99\/333|[from] Stealth Rock
|move|p2a: Slurpuff|Belly Drum|p2a: Slurpuff
|-damage|p2a: Slurpuff|153\/306
|-setboost|p2a: Slurpuff|atk|6|[from] move: Belly Drum
|-enditem|p2a: Slurpuff|Sitrus Berry|[eat]
|-heal|p2a: Slurpuff|229\/306|[from] item: Sitrus Berry
|
|turn|9
|c|★Calloflochie|oh bby a triple
|c|★stella i love you|oh yeahhhhh
|
|move|p2a: Slurpuff|Play Rough|p1a: Gligar
|-damage|p1a: Gligar|0 fnt
|faint|p1a: Gligar
|
|
|switch|p1a: Mienshao|Mienshao, F|150\/271
|-damage|p1a: Mienshao|134\/271|[from] Stealth Rock
|turn|10
|
|move|p1a: Mienshao|U-turn|p2a: Slurpuff
|-resisted|p2a: Slurpuff
|-damage|p2a: Slurpuff|182\/306
|
|switch|p1a: Dragalge|Dragalge, M|321\/321
|-damage|p1a: Dragalge|281\/321|[from] Stealth Rock
|move|p2a: Slurpuff|Drain Punch|p1a: Dragalge
|-resisted|p1a: Dragalge
|-damage|p1a: Dragalge|122\/321
|-heal|p2a: Slurpuff|262\/306|[from] drain|[of] p1a: Dragalge
|
|turn|11
|c|★Calloflochie|i think i lost
|
|move|p2a: Slurpuff|Drain Punch|p1a: Dragalge
|-resisted|p1a: Dragalge
|-damage|p1a: Dragalge|0 fnt
|-heal|p2a: Slurpuff|306\/306|[from] drain|[of] p1a: Dragalge
|faint|p1a: Dragalge
|
|c|★Calloflochie|cause i switched
|c|★Calloflochie|silly me
|
|switch|p1a: Mienshao|Mienshao, F|134\/271
|-damage|p1a: Mienshao|118\/271|[from] Stealth Rock
|turn|12
|
|move|p1a: Mienshao|Poison Jab|p2a: Slurpuff
|-supereffective|p2a: Slurpuff
|-damage|p2a: Slurpuff|106\/306
|move|p2a: Slurpuff|Drain Punch|p1a: Mienshao
|-damage|p1a: Mienshao|0 fnt
|-heal|p2a: Slurpuff|165\/306|[from] drain|[of] p1a: Mienshao
|faint|p1a: Mienshao
|
|c|★Calloflochie|i just needed to hjk
|c|★Calloflochie|l0l
|c|★Calloflochie|im silly
|
|switch|p1a: Absol|Absol, M|271\/271
|-damage|p1a: Absol|238\/271|[from] Stealth Rock
|-ability|p1a: Absol|Pressure
|turn|13
|
|detailschange|p1a: Absol|Absol-Mega, M
|message|Absol has Mega Evolved into Mega Absol!
|move|p1a: Absol|Sucker Punch|p2a: Slurpuff
|-resisted|p2a: Slurpuff
|-damage|p2a: Slurpuff|81\/306
|move|p2a: Slurpuff|Drain Punch|p1a: Absol
|-supereffective|p1a: Absol
|-damage|p1a: Absol|0 fnt
|-heal|p2a: Slurpuff|200\/306|[from] drain|[of] p1a: Absol
|faint|p1a: Absol
|
|c|★Calloflochie|o well
|c|★Calloflochie|gg
|leave|Calloflochie
|player|p1
|c|★stella i love you|so silly
|c|★stella i love you|gg
|join|Calloflochie
|c|★Calloflochie|heh
|leave|Calloflochie
|leave|stella i love you
|player|p2
|join|stella i love you
|player|p1|stella i love you|167
|join|gorex
|join|Calloflochie
|leave|Calloflochie
|leave|purrl
|join|purrl
|leave|purrl
|leave|gorex
|-message|Player 2 lost due to inactivity.
|
|win|stella i love you