|join|yutmuffin
|join|Pkmtesting
|player|p1|yutmuffin|101
|player|p2|Pkmtesting|290
|gametype|singles
|gen|6
|tier|OU
|rated
|clearpoke
|poke|p1|Chesnaught, M
|poke|p1|Bisharp, F
|poke|p1|Diancie
|poke|p1|Heatran, M
|poke|p1|Starmie
|poke|p1|Machamp, F
|poke|p2|Charizard, M
|poke|p2|Whimsicott, F
|poke|p2|Scizor, M
|poke|p2|Dugtrio, M
|poke|p2|Rotom-Wash, shiny
|poke|p2|Mandibuzz, F
|rule|Swagger Clause: Swagger is banned
|rule|Baton Pass Clause: Limit one Pokémon knowing Baton Pass
|rule|Sleep Clause Mod: Limit one foe put to sleep
|rule|Species Clause: Limit one of each Pokémon
|rule|OHKO Clause: OHKO moves are banned
|rule|Moody Clause: Moody is banned
|rule|Evasion Moves Clause: Evasion moves are banned
|rule|Endless Battle Clause: Forcing endless battles is banned
|rule|HP Percentage Mod: HP is shown in percentages
|teampreview
|
|start
|switch|p1a: Machamp|Machamp, F|353\/353
|switch|p2a: Scizor|Scizor, M|319\/319
|turn|1
|
|move|p2a: Scizor|Aerial Ace|p1a: Machamp
|-supereffective|p1a: Machamp
|-damage|p1a: Machamp|0 fnt
|faint|p1a: Machamp
|
|
|switch|p1a: Chesnaught|Chesnaught, M|380\/380
|turn|2
|
|switch|p1a: Starmie|Starmie|324\/324
|move|p2a: Scizor|Aerial Ace|p1a: Starmie
|-damage|p1a: Starmie|139\/324
|
|-heal|p1a: Starmie|159\/324|[from] item: Leftovers
|turn|3
|
|switch|p2a: Rotom-Wash|Rotom-Wash, shiny|303\/303
|move|p1a: Starmie|Recover|p1a: Starmie
|-heal|p1a: Starmie|321\/324
|
|-heal|p1a: Starmie|324\/324|[from] item: Leftovers
|turn|4
|
|move|p1a: Starmie|Reflect Type|p2a: Rotom-Wash
|-start|p1a: Starmie|typechange|[from] move: Reflect Type|[of] p2a: Rotom-Wash
|move|p2a: Rotom-Wash|Volt Switch|p1a: Starmie
|-damage|p1a: Starmie|225\/324
|
|switch|p2a: Dugtrio|Dugtrio, M|211\/211
|
|-heal|p1a: Starmie|245\/324|[from] item: Leftovers
|turn|5
|-message|yutmuffin forfeited.
|
|win|Pkmtesting
|raw|Ladder updating...
|leave|yutmuffin
|player|p1
|raw|yutmuffin's rating: 1343 &rarr; <strong>1323<\/strong><br \/>(-20 for losing)
|raw|Pkmtesting's rating: 1335 &rarr; <strong>1355<\/strong><br \/>(+20 for winning)