|join|kianann
|join|dono sama
|player|p1|kianann|2
|player|p2|dono sama|162
|gametype|singles
|gen|6
|tier|OU
|rated
|clearpoke
|poke|p1|Politoed, M
|poke|p1|Swampert, M
|poke|p1|Klefki, F
|poke|p1|Ferrothorn, M
|poke|p1|Landorus, M
|poke|p1|Manaphy
|poke|p2|Politoed, M
|poke|p2|Tornadus, M
|poke|p2|Kingdra, F, shiny
|poke|p2|Kabutops, F
|poke|p2|Ferrothorn, M
|poke|p2|Seismitoad, M
|rule|Swagger Clause: Swagger is banned
|rule|Baton Pass Clause: Limit one Pokémon knowing Baton Pass
|rule|Sleep Clause Mod: Limit one foe put to sleep
|rule|Species Clause: Limit one of each Pokémon
|rule|OHKO Clause: OHKO moves are banned
|rule|Moody Clause: Moody is banned
|rule|Evasion Moves Clause: Evasion moves are banned
|rule|Endless Battle Clause: Forcing endless battles is banned
|rule|HP Percentage Mod: HP is shown in percentages
|teampreview
|
|start
|switch|p1a: Ferrothorn|Ferrothorn, M|352\/352
|switch|p2a: Ferrothorn|Ferrothorn, M|352\/352
|turn|1
|
|move|p2a: Ferrothorn|Knock Off|p1a: Ferrothorn
|-crit|p1a: Ferrothorn
|-damage|p1a: Ferrothorn|280\/352
|-damage|p2a: Ferrothorn|308\/352|[from] ability: Iron Barbs|[of] p1a: Ferrothorn
|-damage|p2a: Ferrothorn|250\/352|[from] item: Rocky Helmet|[of] p1a: Ferrothorn
|-enditem|p1a: Ferrothorn|Rocky Helmet|[from] move: Knock Off|[of] p2a: Ferrothorn
|move|p1a: Ferrothorn|Stealth Rock|p2a: Ferrothorn
|-sidestart|p2: dono sama|move: Stealth Rock
|
|-heal|p2a: Ferrothorn|272\/352|[from] item: Leftovers
|turn|2
|
|switch|p1a: Landorus|Landorus, M|319\/319
|move|p2a: Ferrothorn|Stealth Rock|p1a: Landorus
|-sidestart|p1: kianann|move: Stealth Rock
|
|-heal|p2a: Ferrothorn|294\/352|[from] item: Leftovers
|turn|3
|
|move|p1a: Landorus|Focus Blast|p2a: Ferrothorn|[miss]
|-miss|p1a: Landorus|p2a: Ferrothorn
|move|p2a: Ferrothorn|Knock Off|p1a: Landorus
|-damage|p1a: Landorus|235\/319
|-enditem|p1a: Landorus|Leftovers|[from] move: Knock Off|[of] p2a: Ferrothorn
|
|-heal|p2a: Ferrothorn|316\/352|[from] item: Leftovers
|turn|4
|c|★dono sama|;]
|
|move|p1a: Landorus|Psychic|p2a: Ferrothorn
|-resisted|p2a: Ferrothorn
|-damage|p2a: Ferrothorn|259\/352
|move|p2a: Ferrothorn|Leech Seed|p1a: Landorus
|-start|p1a: Landorus|move: Leech Seed
|
|-heal|p2a: Ferrothorn|281\/352|[from] item: Leftovers
|-damage|p1a: Landorus|196\/319|[from] Leech Seed|[of] p2a: Ferrothorn
|-heal|p2a: Ferrothorn|320\/352|[silent]
|turn|5
|
|move|p1a: Landorus|Focus Blast|p2a: Ferrothorn
|-supereffective|p2a: Ferrothorn
|-damage|p2a: Ferrothorn|8\/352
|move|p2a: Ferrothorn|Knock Off|p1a: Landorus
|-damage|p1a: Landorus|144\/319
|
|-heal|p2a: Ferrothorn|30\/352|[from] item: Leftovers
|-damage|p1a: Landorus|105\/319|[from] Leech Seed|[of] p2a: Ferrothorn
|-heal|p2a: Ferrothorn|69\/352|[silent]
|turn|6
|
|switch|p2a: Tornadus|Tornadus, M|300\/300
|-damage|p2a: Tornadus|225\/300|[from] Stealth Rock
|move|p1a: Landorus|Earth Power|p2a: Tornadus
|-immune|p2a: Tornadus|[msg]
|
|-damage|p1a: Landorus|66\/319|[from] Leech Seed|[of] p2a: Tornadus
|-heal|p2a: Tornadus|264\/300|[silent]
|turn|7
|
|move|p2a: Tornadus|Rain Dance|p2a: Tornadus
|-weather|RainDance
|move|p1a: Landorus|Hidden Power|p2a: Tornadus
|-supereffective|p2a: Tornadus
|-damage|p2a: Tornadus|100\/300
|
|-weather|RainDance|[upkeep]
|-damage|p1a: Landorus|27\/319|[from] Leech Seed|[of] p2a: Tornadus
|-heal|p2a: Tornadus|139\/300|[silent]
|turn|8
|
|move|p2a: Tornadus|Hurricane|p1a: Landorus
|-damage|p1a: Landorus|0 fnt
|faint|p1a: Landorus
|
|-weather|RainDance|[upkeep]
|
|switch|p1a: Ferrothorn|Ferrothorn, M|280\/352
|-damage|p1a: Ferrothorn|258\/352|[from] Stealth Rock
|turn|9
|
|move|p2a: Tornadus|Taunt|p1a: Ferrothorn
|-start|p1a: Ferrothorn|move: Taunt
|move|p1a: Ferrothorn|Gyro Ball|p2a: Tornadus
|-damage|p2a: Tornadus|0 fnt
|faint|p2a: Tornadus
|
|-weather|RainDance|[upkeep]
|
|switch|p2a: Seismitoad|Seismitoad, M|351\/351
|-damage|p2a: Seismitoad|330\/351|[from] Stealth Rock
|turn|10
|
|switch|p1a: Klefki|Klefki, F|317\/317
|-damage|p1a: Klefki|298\/317|[from] Stealth Rock
|move|p2a: Seismitoad|Earth Power|p1a: Klefki
|-supereffective|p1a: Klefki
|-damage|p1a: Klefki|0 fnt
|-damage|p2a: Seismitoad|295\/351|[from] item: Life Orb
|faint|p1a: Klefki
|
|-weather|RainDance|[upkeep]
|c|★dono sama|noiceeee
|join|OP Zoro
|
|switch|p1a: Manaphy|Manaphy|404\/404
|-damage|p1a: Manaphy|354\/404|[from] Stealth Rock
|turn|11
|
|move|p2a: Seismitoad|Earth Power|p1a: Manaphy
|-damage|p1a: Manaphy|173\/404
|-damage|p2a: Seismitoad|260\/351|[from] item: Life Orb
|move|p1a: Manaphy|Tail Glow|p1a: Manaphy
|-boost|p1a: Manaphy|spa|3
|
|-weather|RainDance|[upkeep]
|-heal|p1a: Manaphy|198\/404|[from] item: Leftovers
|turn|12
|
|move|p2a: Seismitoad|Earth Power|p1a: Manaphy
|-damage|p1a: Manaphy|29\/404
|-damage|p2a: Seismitoad|225\/351|[from] item: Life Orb
|move|p1a: Manaphy|Rest|p1a: Manaphy
|-status|p1a: Manaphy|slp
|-heal|p1a: Manaphy|404\/404 slp|[silent]
|-status|p1a: Manaphy|slp|[from] move: Rest
|
|-weather|RainDance|[upkeep]
|-curestatus|p1a: Manaphy|slp
|turn|13
|
|move|p2a: Seismitoad|Earth Power|p1a: Manaphy
|-damage|p1a: Manaphy|219\/404
|-damage|p2a: Seismitoad|190\/351|[from] item: Life Orb
|move|p1a: Manaphy|Psychic|p2a: Seismitoad
|-damage|p2a: Seismitoad|0 fnt
|faint|p2a: Seismitoad
|
|-weather|RainDance|[upkeep]
|-heal|p1a: Manaphy|244\/404|[from] item: Leftovers
|
|switch|p2a: Kingdra|Kingdra, F, shiny|295\/295
|-damage|p2a: Kingdra|259\/295|[from] Stealth Rock
|turn|14
|
|switch|p1a: Ferrothorn|Ferrothorn, M|258\/352
|-damage|p1a: Ferrothorn|236\/352|[from] Stealth Rock
|move|p2a: Kingdra|Draco Meteor|p1a: Ferrothorn
|-crit|p1a: Ferrothorn
|-resisted|p1a: Ferrothorn
|-damage|p1a: Ferrothorn|48\/352
|-unboost|p2a: Kingdra|spa|2
|-damage|p2a: Kingdra|230\/295|[from] item: Life Orb
|
|-weather|none
|turn|15
|
|move|p2a: Kingdra|Hydro Pump|p1a: Ferrothorn
|-resisted|p1a: Ferrothorn
|-damage|p1a: Ferrothorn|0 fnt
|-damage|p2a: Kingdra|201\/295|[from] item: Life Orb
|faint|p1a: Ferrothorn
|
|
|switch|p1a: Politoed|Politoed, M|342\/342
|-damage|p1a: Politoed|300\/342|[from] Stealth Rock
|-weather|RainDance
|turn|16
|
|switch|p2a: Ferrothorn|Ferrothorn, M|69\/352
|-damage|p2a: Ferrothorn|47\/352|[from] Stealth Rock
|switch|p1a: Manaphy|Manaphy|244\/404
|-damage|p1a: Manaphy|194\/404|[from] Stealth Rock
|
|-weather|RainDance|[upkeep]
|-heal|p1a: Manaphy|219\/404|[from] item: Leftovers
|-heal|p2a: Ferrothorn|69\/352|[from] item: Leftovers
|turn|17
|
|move|p1a: Manaphy|Rest|p1a: Manaphy
|-status|p1a: Manaphy|slp
|-heal|p1a: Manaphy|404\/404 slp|[silent]
|-status|p1a: Manaphy|slp|[from] move: Rest
|move|p2a: Ferrothorn|Leech Seed|p1a: Manaphy
|-start|p1a: Manaphy|move: Leech Seed
|
|-weather|RainDance|[upkeep]
|-curestatus|p1a: Manaphy|slp
|-heal|p2a: Ferrothorn|91\/352|[from] item: Leftovers
|-damage|p1a: Manaphy|354\/404|[from] Leech Seed|[of] p2a: Ferrothorn
|-heal|p2a: Ferrothorn|141\/352|[silent]
|turn|18
|
|move|p1a: Manaphy|Tail Glow|p1a: Manaphy
|-boost|p1a: Manaphy|spa|3
|move|p2a: Ferrothorn|Knock Off|p1a: Manaphy
|-damage|p1a: Manaphy|276\/404
|-enditem|p1a: Manaphy|Leftovers|[from] move: Knock Off|[of] p2a: Ferrothorn
|
|-weather|RainDance|[upkeep]
|-heal|p2a: Ferrothorn|163\/352|[from] item: Leftovers
|-damage|p1a: Manaphy|226\/404|[from] Leech Seed|[of] p2a: Ferrothorn
|-heal|p2a: Ferrothorn|213\/352|[silent]
|turn|19
|
|move|p1a: Manaphy|Tail Glow|p1a: Manaphy
|-boost|p1a: Manaphy|spa|3
|move|p2a: Ferrothorn|Thunder Wave|p1a: Manaphy
|-status|p1a: Manaphy|par
|
|-weather|RainDance|[upkeep]
|-heal|p2a: Ferrothorn|235\/352|[from] item: Leftovers
|-curestatus|p1a: Manaphy|par
|-damage|p1a: Manaphy|176\/404|[from] Leech Seed|[of] p2a: Ferrothorn
|-heal|p2a: Ferrothorn|285\/352|[silent]
|turn|20
|
|move|p1a: Manaphy|Rest|p1a: Manaphy
|-status|p1a: Manaphy|slp
|-heal|p1a: Manaphy|404\/404 slp|[silent]
|-status|p1a: Manaphy|slp|[from] move: Rest
|move|p2a: Ferrothorn|Thunder Wave|p1a: Manaphy
|-fail|p1a: Manaphy
|
|-weather|RainDance|[upkeep]
|-curestatus|p1a: Manaphy|slp
|-heal|p2a: Ferrothorn|307\/352|[from] item: Leftovers
|-damage|p1a: Manaphy|354\/404|[from] Leech Seed|[of] p2a: Ferrothorn
|-heal|p2a: Ferrothorn|352\/352|[silent]
|turn|21
|
|move|p1a: Manaphy|Surf|p2a: Ferrothorn
|-resisted|p2a: Ferrothorn
|-damage|p2a: Ferrothorn|19\/352
|move|p2a: Ferrothorn|Knock Off|p1a: Manaphy
|-damage|p1a: Manaphy|308\/404
|
|-weather|RainDance|[upkeep]
|-heal|p2a: Ferrothorn|41\/352|[from] item: Leftovers
|-damage|p1a: Manaphy|258\/404|[from] Leech Seed|[of] p2a: Ferrothorn
|-heal|p2a: Ferrothorn|91\/352|[silent]
|turn|22
|
|move|p1a: Manaphy|Surf|p2a: Ferrothorn
|-resisted|p2a: Ferrothorn
|-damage|p2a: Ferrothorn|0 fnt
|faint|p2a: Ferrothorn
|
|-weather|RainDance|[upkeep]
|
|switch|p2a: Kingdra|Kingdra, F, shiny|201\/295
|-damage|p2a: Kingdra|165\/295|[from] Stealth Rock
|turn|23
|
|switch|p1a: Politoed|Politoed, M|300\/342
|-damage|p1a: Politoed|258\/342|[from] Stealth Rock
|move|p2a: Kingdra|Draco Meteor|p1a: Politoed|[miss]
|-miss|p2a: Kingdra|p1a: Politoed
|
|-weather|none
|turn|24
|
|move|p2a: Kingdra|Draco Meteor|p1a: Politoed
|-damage|p1a: Politoed|32\/342
|-unboost|p2a: Kingdra|spa|2
|-damage|p2a: Kingdra|136\/295|[from] item: Life Orb
|move|p1a: Politoed|Toxic|p2a: Kingdra
|-status|p2a: Kingdra|tox
|
|-damage|p2a: Kingdra|118\/295 tox|[from] psn
|turn|25
|c|★kianann|if just now i stay in u dead
|c|★dono sama|yes
|c|★dono sama|...if
|c|★dono sama|only if
|c|★kianann|and u hax me by focus blast miss
|c|★dono sama|no
|c|★dono sama|u suck
|c|★dono sama|ur bad
|c|★kianann|hax
|c|★dono sama|that mana is just op
|c|★dono sama|thats all
|c|★dono sama|besides that
|
|switch|p2a: Kabutops|Kabutops, F|262\/262
|-damage|p2a: Kabutops|230\/262|[from] Stealth Rock
|move|p1a: Politoed|Scald|p2a: Kabutops
|-damage|p2a: Kabutops|109\/262
|-status|p2a: Kabutops|brn
|
|-damage|p2a: Kabutops|77\/262 brn|[from] brn
|turn|26
|c|★dono sama|you suckkk kid
|c|★kianann|if that hit , ferro is dead
|
|move|p2a: Kabutops|Waterfall|p1a: Politoed
|-resisted|p1a: Politoed
|-damage|p1a: Politoed|0 fnt
|-damage|p2a: Kabutops|51\/262 brn|[from] item: Life Orb
|faint|p1a: Politoed
|
|-damage|p2a: Kabutops|19\/262 brn|[from] brn
|
|switch|p1a: Manaphy|Manaphy|258\/404
|-damage|p1a: Manaphy|208\/404|[from] Stealth Rock
|turn|27
|
|move|p2a: Kabutops|Rock Slide|p1a: Manaphy
|-damage|p1a: Manaphy|113\/404
|-damage|p2a: Kabutops|0 fnt|[from] item: Life Orb
|faint|p2a: Kabutops
|move|p1a: Manaphy|Psychic|p2: Kabutops|[notarget]
|-notarget
|
|
|switch|p2a: Politoed|Politoed, M|384\/384
|-damage|p2a: Politoed|336\/384|[from] Stealth Rock
|-weather|RainDance
|turn|28
|
|move|p1a: Manaphy|Rest|p1a: Manaphy
|-status|p1a: Manaphy|slp
|-heal|p1a: Manaphy|404\/404 slp|[silent]
|-status|p1a: Manaphy|slp|[from] move: Rest
|move|p2a: Politoed|Encore|p1a: Manaphy
|-start|p1a: Manaphy|Encore
|
|-weather|RainDance|[upkeep]
|-curestatus|p1a: Manaphy|slp
|turn|29
|
|switch|p2a: Kingdra|Kingdra, F, shiny|118\/295 tox
|-damage|p2a: Kingdra|82\/295 tox|[from] Stealth Rock
|move|p1a: Manaphy|Rest|p1a: Manaphy
|-fail|p1a: Manaphy
|
|-weather|RainDance|[upkeep]
|-damage|p2a: Kingdra|64\/295 tox|[from] psn
|turn|30
|
|move|p2a: Kingdra|Draco Meteor|p1a: Manaphy
|-damage|p1a: Manaphy|143\/404
|-unboost|p2a: Kingdra|spa|2
|-damage|p2a: Kingdra|35\/295 tox|[from] item: Life Orb
|move|p1a: Manaphy|Rest|p1a: Manaphy
|-status|p1a: Manaphy|slp
|-heal|p1a: Manaphy|404\/404 slp|[silent]
|-status|p1a: Manaphy|slp|[from] move: Rest
|
|-weather|RainDance|[upkeep]
|-curestatus|p1a: Manaphy|slp
|-damage|p2a: Kingdra|0 fnt|[from] psn
|faint|p2a: Kingdra
|-message|dono sama forfeited.
|leave|dono sama
|
|win|kianann
|raw|Ladder updating...
|player|p2
|raw|kianann's rating: 1544 &rarr; <strong>1560<\/strong><br \/>(+16 for winning)
|raw|dono sama's rating: 1468 &rarr; <strong>1452<\/strong><br \/>(-16 for losing)
|leave|OP Zoro