|join|Will-I-am2
|join|TCMK
|join|Zenzoh
|player|p1|Will-I-am2|1
|player|p2|TCMK|153
|gametype|singles
|gen|6
|tier|OU
|rated
|clearpoke
|poke|p1|Registeel
|poke|p1|Mamoswine, F
|poke|p1|Hydreigon, F
|poke|p1|Slowbro, F
|poke|p1|Talonflame, F
|poke|p1|Xatu, F
|poke|p2|Landorus-Therian, M
|poke|p2|Slowbro, M
|poke|p2|Amoonguss, F
|poke|p2|Bisharp, M
|poke|p2|Diancie
|poke|p2|Latios, M
|rule|Swagger Clause: Swagger is banned
|rule|Baton Pass Clause: Limit one Pokémon knowing Baton Pass
|rule|Sleep Clause Mod: Limit one foe put to sleep
|rule|Species Clause: Limit one of each Pokémon
|rule|OHKO Clause: OHKO moves are banned
|rule|Moody Clause: Moody is banned
|rule|Evasion Moves Clause: Evasion moves are banned
|rule|Endless Battle Clause: Forcing endless battles is banned
|rule|HP Percentage Mod: HP is shown in percentages
|teampreview
|
|start
|switch|p1a: Mamoswine|Mamoswine, F|361\/361
|switch|p2a: Diancie|Diancie|257\/257
|turn|1
|
|detailschange|p2a: Diancie|Diancie-Mega
|-mega|p2a: Diancie|Diancie|Diancite
|move|p2a: Diancie|Protect|p2a: Diancie
|-singleturn|p2a: Diancie|Protect
|move|p1a: Mamoswine|Earthquake|p2a: Diancie
|-activate|p2a: Diancie|Protect
|
|turn|2
|
|switch|p2a: Slowbro|Slowbro, M|393\/393
|move|p1a: Mamoswine|Earthquake|p2a: Slowbro
|-damage|p2a: Slowbro|216\/393
|-damage|p1a: Mamoswine|325\/361|[from] item: Life Orb
|
|-heal|p2a: Slowbro|240\/393|[from] item: Leftovers
|turn|3
|
|switch|p1a: Hydreigon|Hydreigon, F|333\/333
|switch|p2a: Amoonguss|Amoonguss, F|432\/432
|
|turn|4
|
|move|p1a: Hydreigon|Dark Pulse|p2a: Amoonguss
|-damage|p2a: Amoonguss|194\/432
|move|p2a: Amoonguss|Sludge Bomb|p1a: Hydreigon
|-damage|p1a: Hydreigon|240\/333
|
|-heal|p2a: Amoonguss|221\/432|[from] item: Black Sludge
|turn|5
|
|switch|p2a: Bisharp|Bisharp, M|279\/279
|move|p1a: Hydreigon|Dark Pulse|p2a: Bisharp
|-resisted|p2a: Bisharp
|-damage|p2a: Bisharp|119\/279
|
|turn|6
|
|switch|p2a: Diancie|Diancie-Mega|257\/257
|move|p1a: Hydreigon|Dark Pulse|p2a: Diancie
|-resisted|p2a: Diancie
|-damage|p2a: Diancie|136\/257
|
|turn|7
|
|switch|p1a: Registeel|Registeel|364\/364
|move|p2a: Diancie|Earth Power|p1a: Registeel
|-supereffective|p1a: Registeel
|-damage|p1a: Registeel|236\/364
|
|-heal|p1a: Registeel|258\/364|[from] item: Leftovers
|turn|8
|
|switch|p2a: Landorus-Therian|Landorus-Therian, M|381\/381
|-ability|p2a: Landorus-Therian|Intimidate|[of] p1a: Registeel
|-fail|p1a: Registeel|unboost|[from] ability: Clear Body|[of] p1a: Registeel
|move|p1a: Registeel|Iron Head|p2a: Landorus-Therian
|-damage|p2a: Landorus-Therian|321\/381
|
|-heal|p2a: Landorus-Therian|344\/381|[from] item: Leftovers
|-heal|p1a: Registeel|280\/364|[from] item: Leftovers
|turn|9
|
|switch|p2a: Diancie|Diancie-Mega|136\/257
|switch|p1a: Xatu|Xatu, F|333\/333
|
|turn|10
|join|TROutrageous
|
|switch|p1a: Registeel|Registeel|280\/364
|move|p2a: Diancie|Diamond Storm|p1a: Registeel
|-resisted|p1a: Registeel
|-damage|p1a: Registeel|217\/364
|-boost|p2a: Diancie|def|1
|
|-heal|p1a: Registeel|239\/364|[from] item: Leftovers
|turn|11
|
|move|p2a: Diancie|Protect|p2a: Diancie
|-singleturn|p2a: Diancie|Protect
|move|p1a: Registeel|Iron Head|p2a: Diancie
|-activate|p2a: Diancie|Protect
|
|-heal|p1a: Registeel|261\/364|[from] item: Leftovers
|turn|12
|
|switch|p2a: Landorus-Therian|Landorus-Therian, M|344\/381
|-ability|p2a: Landorus-Therian|Intimidate|[of] p1a: Registeel
|-fail|p1a: Registeel|unboost|[from] ability: Clear Body|[of] p1a: Registeel
|move|p1a: Registeel|Iron Head|p2a: Landorus-Therian
|-damage|p2a: Landorus-Therian|283\/381
|
|-heal|p2a: Landorus-Therian|306\/381|[from] item: Leftovers
|-heal|p1a: Registeel|283\/364|[from] item: Leftovers
|turn|13
|
|switch|p1a: Xatu|Xatu, F|333\/333
|move|p2a: Landorus-Therian|Knock Off|p1a: Xatu
|-supereffective|p1a: Xatu
|-damage|p1a: Xatu|127\/333
|-damage|p2a: Landorus-Therian|243\/381|[from] item: Rocky Helmet|[of] p1a: Xatu
|-enditem|p1a: Xatu|Rocky Helmet|[from] move: Knock Off|[of] p2a: Landorus-Therian
|
|-heal|p2a: Landorus-Therian|266\/381|[from] item: Leftovers
|turn|14
|
|move|p2a: Landorus-Therian|U-turn|p1a: Xatu
|-damage|p1a: Xatu|60\/333
|
|switch|p2a: Diancie|Diancie-Mega|136\/257
|move|p1a: Xatu|Roost|p1a: Xatu
|-heal|p1a: Xatu|227\/333
|
|turn|15
|
|move|p2a: Diancie|Diamond Storm|p1a: Xatu
|-supereffective|p1a: Xatu
|-damage|p1a: Xatu|0 fnt
|-boost|p2a: Diancie|def|1
|faint|p1a: Xatu
|
|
|switch|p1a: Registeel|Registeel|283\/364
|turn|16
|
|switch|p2a: Landorus-Therian|Landorus-Therian, M|266\/381
|-ability|p2a: Landorus-Therian|Intimidate|[of] p1a: Registeel
|-fail|p1a: Registeel|unboost|[from] ability: Clear Body|[of] p1a: Registeel
|move|p1a: Registeel|Iron Head|p2a: Landorus-Therian
|-damage|p2a: Landorus-Therian|197\/381
|
|-heal|p2a: Landorus-Therian|220\/381|[from] item: Leftovers
|-heal|p1a: Registeel|305\/364|[from] item: Leftovers
|turn|17
|
|switch|p1a: Hydreigon|Hydreigon, F|240\/333
|move|p2a: Landorus-Therian|Stealth Rock|p1a: Hydreigon
|-sidestart|p1: Will-I-am2|move: Stealth Rock
|
|-heal|p2a: Landorus-Therian|243\/381|[from] item: Leftovers
|turn|18
|leave|Zenzoh
|join|Zenzoh
|
|switch|p2a: Diancie|Diancie-Mega|136\/257
|move|p1a: Hydreigon|Dark Pulse|p2a: Diancie
|-resisted|p2a: Diancie
|-damage|p2a: Diancie|11\/257
|
|turn|19
|
|switch|p1a: Talonflame|Talonflame, F|360\/360
|-damage|p1a: Talonflame|180\/360|[from] Stealth Rock
|move|p2a: Diancie|Earth Power|p1a: Talonflame
|-immune|p1a: Talonflame|[msg]
|
|-heal|p1a: Talonflame|202\/360|[from] item: Leftovers
|turn|20
|
|switch|p2a: Slowbro|Slowbro, M|371\/393
|move|p1a: Talonflame|Brave Bird|p2a: Slowbro
|-damage|p2a: Slowbro|287\/393
|-damage|p1a: Talonflame|174\/360|[from] recoil|[of] p2a: Slowbro
|
|-heal|p1a: Talonflame|196\/360|[from] item: Leftovers
|-heal|p2a: Slowbro|311\/393|[from] item: Leftovers
|turn|21
|
|move|p1a: Talonflame|Will-O-Wisp|p2a: Slowbro|[miss]
|-miss|p1a: Talonflame|p2a: Slowbro
|move|p2a: Slowbro|Scald|p1a: Talonflame
|-supereffective|p1a: Talonflame
|-damage|p1a: Talonflame|38\/360
|
|-heal|p1a: Talonflame|60\/360|[from] item: Leftovers
|-heal|p2a: Slowbro|335\/393|[from] item: Leftovers
|turn|22
|
|move|p1a: Talonflame|Roost|p1a: Talonflame
|-heal|p1a: Talonflame|240\/360
|move|p2a: Slowbro|Toxic|p1a: Talonflame
|-status|p1a: Talonflame|tox
|
|-heal|p1a: Talonflame|262\/360 tox|[from] item: Leftovers
|-heal|p2a: Slowbro|359\/393|[from] item: Leftovers
|-damage|p1a: Talonflame|240\/360 tox|[from] psn
|turn|23
|
|move|p1a: Talonflame|Brave Bird|p2a: Slowbro
|-crit|p2a: Slowbro
|-damage|p2a: Slowbro|239\/393
|-damage|p1a: Talonflame|200\/360 tox|[from] recoil|[of] p2a: Slowbro
|move|p2a: Slowbro|Scald|p1a: Talonflame
|-supereffective|p1a: Talonflame
|-damage|p1a: Talonflame|36\/360 tox
|
|-heal|p1a: Talonflame|58\/360 tox|[from] item: Leftovers
|-heal|p2a: Slowbro|263\/393|[from] item: Leftovers
|-damage|p1a: Talonflame|14\/360 tox|[from] psn
|turn|24
|
|switch|p2a: Diancie|Diancie-Mega|11\/257
|move|p1a: Talonflame|Will-O-Wisp|p2a: Diancie
|move|p2a: Diancie|Will-O-Wisp|p1a: Talonflame|[from]Magic Bounce|[miss]
|-miss|p2a: Diancie|p1a: Talonflame
|
|-heal|p1a: Talonflame|36\/360 tox|[from] item: Leftovers
|-damage|p1a: Talonflame|0 fnt|[from] psn
|faint|p1a: Talonflame
|leave|TROutrageous
|
|switch|p1a: Mamoswine|Mamoswine, F|325\/361
|-damage|p1a: Mamoswine|280\/361|[from] Stealth Rock
|turn|25
|
|switch|p2a: Slowbro|Slowbro, M|393\/393
|move|p1a: Mamoswine|Knock Off|p2a: Slowbro
|-crit|p2a: Slowbro
|-supereffective|p2a: Slowbro
|-damage|p2a: Slowbro|86\/393
|-enditem|p2a: Slowbro|Leftovers|[from] move: Knock Off|[of] p1a: Mamoswine
|-damage|p1a: Mamoswine|244\/361|[from] item: Life Orb
|
|turn|26
|
|switch|p2a: Landorus-Therian|Landorus-Therian, M|243\/381
|-ability|p2a: Landorus-Therian|Intimidate|[of] p1a: Mamoswine
|-unboost|p1a: Mamoswine|atk|1
|move|p1a: Mamoswine|Knock Off|p2a: Landorus-Therian
|-damage|p2a: Landorus-Therian|156\/381
|-enditem|p2a: Landorus-Therian|Leftovers|[from] move: Knock Off|[of] p1a: Mamoswine
|-damage|p1a: Mamoswine|208\/361|[from] item: Life Orb
|
|turn|27
|
|switch|p1a: Hydreigon|Hydreigon, F|240\/333
|-damage|p1a: Hydreigon|199\/333|[from] Stealth Rock
|switch|p2a: Slowbro|Slowbro, M|217\/393
|
|turn|28
|
|switch|p2a: Landorus-Therian|Landorus-Therian, M|156\/381
|-ability|p2a: Landorus-Therian|Intimidate|[of] p1a: Hydreigon
|-unboost|p1a: Hydreigon|atk|1
|move|p1a: Hydreigon|Dark Pulse|p2a: Landorus-Therian
|-damage|p2a: Landorus-Therian|0 fnt
|faint|p2a: Landorus-Therian
|
|
|switch|p2a: Diancie|Diancie-Mega|11\/257
|turn|29
|
|move|p2a: Diancie|Moonblast|p1a: Hydreigon
|-supereffective|p1a: Hydreigon
|-damage|p1a: Hydreigon|0 fnt
|faint|p1a: Hydreigon
|
|c|★TCMK|lol
|c|★TCMK|did you use to be in InD
|
|switch|p1a: Registeel|Registeel|305\/364
|-damage|p1a: Registeel|283\/364|[from] Stealth Rock
|turn|30
|
|move|p2a: Diancie|Earth Power|p1a: Registeel
|-supereffective|p1a: Registeel
|-damage|p1a: Registeel|151\/364
|move|p1a: Registeel|Seismic Toss|p2a: Diancie
|-damage|p2a: Diancie|0 fnt
|faint|p2a: Diancie
|
|-heal|p1a: Registeel|173\/364|[from] item: Leftovers
|
|switch|p2a: Bisharp|Bisharp, M|119\/279
|turn|31
|
|move|p2a: Bisharp|Low Kick|p1a: Registeel
|-supereffective|p1a: Registeel
|-damage|p1a: Registeel|0 fnt
|-damage|p2a: Bisharp|92\/279|[from] item: Life Orb
|faint|p1a: Registeel
|
|
|switch|p1a: Mamoswine|Mamoswine, F|208\/361
|-damage|p1a: Mamoswine|163\/361|[from] Stealth Rock
|turn|32
|
|switch|p1a: Slowbro|Slowbro, F|394\/394
|-damage|p1a: Slowbro|345\/394|[from] Stealth Rock
|move|p2a: Bisharp|Iron Head|p1a: Slowbro
|-resisted|p1a: Slowbro
|-damage|p1a: Slowbro|262\/394
|-damage|p2a: Bisharp|65\/279|[from] item: Life Orb
|
|-heal|p1a: Slowbro|286\/394|[from] item: Leftovers
|turn|33
|c|★TCMK|no mega
|c|★TCMK|lol
|
|move|p2a: Bisharp|Knock Off|p1a: Slowbro
|-supereffective|p1a: Slowbro
|-damage|p1a: Slowbro|0 fnt
|-enditem|p1a: Slowbro|Leftovers|[from] move: Knock Off|[of] p2a: Bisharp
|-damage|p2a: Bisharp|38\/279|[from] item: Life Orb
|faint|p1a: Slowbro
|
|
|switch|p1a: Mamoswine|Mamoswine, F|163\/361
|-damage|p1a: Mamoswine|118\/361|[from] Stealth Rock
|turn|34
|
|move|p2a: Bisharp|Sucker Punch|p1a: Mamoswine
|-damage|p1a: Mamoswine|0 fnt
|-damage|p2a: Bisharp|11\/279|[from] item: Life Orb
|faint|p1a: Mamoswine
|
|win|TCMK
|raw|Ladder updating...
|raw|Will-I-am2's rating: 1662 &rarr; <strong>1629<\/strong><br \/>(-33 for losing)
|raw|TCMK's rating: 1401 &rarr; <strong>1434<\/strong><br \/>(+33 for winning)
|leave|Will-I-am2