|join|Pagoose
|join|the upset
|player|p1|Pagoose|141
|player|p2|the upset|101
|gametype|singles
|gen|6
|tier|OU
|rated
|clearpoke
|poke|p1|Venusaur, M
|poke|p1|Heatran, M
|poke|p1|Bisharp, M
|poke|p1|Terrakion
|poke|p1|Slowbro, M
|poke|p1|Latios, M
|poke|p2|Tyranitar, F
|poke|p2|Excadrill, M
|poke|p2|Greninja, F
|poke|p2|Pinsir, M, shiny
|poke|p2|Talonflame, M
|poke|p2|Dragonite, M
|rule|Swagger Clause: Swagger is banned
|rule|Baton Pass Clause: Limit one Pokémon knowing Baton Pass
|rule|Sleep Clause Mod: Limit one foe put to sleep
|rule|Species Clause: Limit one of each Pokémon
|rule|OHKO Clause: OHKO moves are banned
|rule|Moody Clause: Moody is banned
|rule|Evasion Moves Clause: Evasion moves are banned
|rule|Endless Battle Clause: Forcing endless battles is banned
|rule|HP Percentage Mod: HP is shown in percentages
|teampreview
|
|start
|switch|p1a: Terrakion|Terrakion|323\/323
|switch|p2a: bambi killer|Talonflame, M|309\/309
|turn|1
|
|switch|p1a: Slowbro|Slowbro, M|394\/394
|move|p2a: bambi killer|Brave Bird|p1a: Slowbro
|-damage|p1a: Slowbro|207\/394
|-damage|p2a: bambi killer|247\/309|[from] recoil|[of] p1a: Slowbro
|
|-heal|p1a: Slowbro|231\/394|[from] item: Leftovers
|turn|2
|
|switch|p2a: dauude|Tyranitar, F|341\/341
|-weather|Sandstorm
|move|p1a: Slowbro|Scald|p2a: dauude
|-supereffective|p2a: dauude
|-damage|p2a: dauude|185\/341
|-status|p2a: dauude|brn
|
|-weather|Sandstorm|[upkeep]
|-damage|p1a: Slowbro|207\/394|[from] sandstorm
|-heal|p1a: Slowbro|231\/394|[from] item: Leftovers
|-damage|p2a: dauude|143\/341 brn|[from] brn
|turn|3
|
|switch|p1a: Heatran|Heatran, M|386\/386
|move|p2a: dauude|Stealth Rock|p1a: Heatran
|-sidestart|p1: Pagoose|move: Stealth Rock
|
|-weather|Sandstorm|[upkeep]
|-damage|p2a: dauude|101\/341 brn|[from] brn
|turn|4
|
|switch|p2a: suited mouse|Excadrill, M|369\/369
|move|p1a: Heatran|Stealth Rock|p2a: suited mouse
|-sidestart|p2: the upset|move: Stealth Rock
|
|-weather|Sandstorm|[upkeep]
|turn|5
|
|move|p2a: suited mouse|Earthquake|p1a: Heatran
|-supereffective|p1a: Heatran
|-damage|p1a: Heatran|0 fnt
|-damage|p2a: suited mouse|333\/369|[from] item: Life Orb
|faint|p1a: Heatran
|
|-weather|Sandstorm|[upkeep]
|
|switch|p1a: Slowbro|Slowbro, M|362\/394
|-damage|p1a: Slowbro|313\/394|[from] Stealth Rock
|turn|6
|
|move|p2a: suited mouse|Rapid Spin|p1a: Slowbro
|-damage|p1a: Slowbro|290\/394
|-sideend|p2: the upset|Stealth Rock|[from] move: Rapid Spin|[of] p2a: suited mouse
|-damage|p2a: suited mouse|297\/369|[from] item: Life Orb
|move|p1a: Slowbro|Scald|p2a: suited mouse
|-supereffective|p2a: suited mouse
|-damage|p2a: suited mouse|21\/369
|-status|p2a: suited mouse|brn
|
|-weather|none
|-heal|p1a: Slowbro|314\/394|[from] item: Leftovers
|-damage|p2a: suited mouse|0 fnt|[from] brn
|faint|p2a: suited mouse
|
|switch|p2a: bambi killer|Talonflame, M|247\/309
|turn|7
|
|move|p2a: bambi killer|U-turn|p1a: Slowbro
|-supereffective|p1a: Slowbro
|-damage|p1a: Slowbro|188\/394
|
|switch|p2a: dauude|Tyranitar, F|101\/341 brn
|-weather|Sandstorm
|move|p1a: Slowbro|Scald|p2a: dauude
|-supereffective|p2a: dauude
|-damage|p2a: dauude|0 fnt
|faint|p2a: dauude
|
|-weather|Sandstorm|[upkeep]
|-damage|p1a: Slowbro|164\/394|[from] sandstorm
|-heal|p1a: Slowbro|188\/394|[from] item: Leftovers
|
|switch|p2a: narutoad|Greninja, F|286\/286
|turn|8
|
|switch|p1a: Bisharp|Bisharp, M|271\/271
|-damage|p1a: Bisharp|255\/271|[from] Stealth Rock
|move|p2a: narutoad|Ice Beam|p1a: Bisharp
|-start|p2a: narutoad|typechange|Ice|[from] Protean
|-resisted|p1a: Bisharp
|-damage|p1a: Bisharp|145\/271
|-damage|p2a: narutoad|258\/286|[from] item: Life Orb
|
|-weather|Sandstorm|[upkeep]
|-damage|p2a: narutoad|241\/286|[from] sandstorm
|turn|9
|
|move|p2a: narutoad|Spikes|p1a: Bisharp
|-start|p2a: narutoad|typechange|Ground|[from] Protean
|-sidestart|p1: Pagoose|Spikes
|move|p1a: Bisharp|Pursuit|p2a: narutoad
|-damage|p2a: narutoad|109\/286
|
|-weather|Sandstorm|[upkeep]
|turn|10
|
|move|p1a: Bisharp|Sucker Punch|p2a: narutoad
|-damage|p2a: narutoad|0 fnt
|faint|p2a: narutoad
|
|-weather|Sandstorm|[upkeep]
|
|switch|p2a: Whatdamouthdo|Pinsir, M, shiny|271\/271
|turn|11
|
|detailschange|p2a: Whatdamouthdo|Pinsir-Mega, M, shiny
|message|Pinsir has Mega Evolved into Mega Pinsir!
|move|p2a: Whatdamouthdo|Close Combat|p1a: Bisharp
|-supereffective|p1a: Bisharp
|-damage|p1a: Bisharp|0 fnt
|-unboost|p2a: Whatdamouthdo|def|1
|-unboost|p2a: Whatdamouthdo|spd|1
|faint|p1a: Bisharp
|
|-weather|none
|
|switch|p1a: Slowbro|Slowbro, M|319\/394
|-damage|p1a: Slowbro|270\/394|[from] Stealth Rock
|-damage|p1a: Slowbro|221\/394|[from] Spikes
|turn|12
|
|move|p2a: Whatdamouthdo|Swords Dance|p2a: Whatdamouthdo
|-boost|p2a: Whatdamouthdo|atk|2
|move|p1a: Slowbro|Slack Off|p1a: Slowbro
|-heal|p1a: Slowbro|394\/394
|
|turn|13
|
|move|p2a: Whatdamouthdo|Frustration|p1a: Slowbro
|-damage|p1a: Slowbro|28\/394
|move|p1a: Slowbro|Ice Beam|p2a: Whatdamouthdo
|-supereffective|p2a: Whatdamouthdo
|-damage|p2a: Whatdamouthdo|53\/271
|-status|p2a: Whatdamouthdo|frz
|
|-heal|p1a: Slowbro|52\/394|[from] item: Leftovers
|turn|14
|c|★the upset|oml
|c|★the upset|wtf
|c|★Pagoose|lol
|c|★the upset|well that is now game
|
|-curestatus|p2a: Whatdamouthdo|frz
|move|p2a: Whatdamouthdo|Frustration|p1a: Slowbro
|-damage|p1a: Slowbro|0 fnt
|faint|p1a: Slowbro
|
|c|★the upset|gg
|
|switch|p1a: Terrakion|Terrakion|323\/323
|-damage|p1a: Terrakion|303\/323|[from] Stealth Rock
|-damage|p1a: Terrakion|263\/323|[from] Spikes
|turn|15
|c|★the upset|O_O
|c|★the upset|qa?
|
|move|p1a: Terrakion|Quick Attack|p2a: Whatdamouthdo
|-damage|p2a: Whatdamouthdo|0 fnt
|faint|p2a: Whatdamouthdo
|
|c|★Pagoose|what does that mean
|c|★the upset|yup
|c|★Pagoose|oh
|c|★Pagoose|lol nvm
|c|★the upset|?
|c|★the upset|what are you talking about
|
|switch|p2a: bambi killer|Talonflame, M|247\/309
|turn|16
|
|switch|p1a: Venusaur|Venusaur, M|356\/356
|-damage|p1a: Venusaur|312\/356|[from] Spikes
|-damage|p1a: Venusaur|268\/356|[from] Stealth Rock
|move|p2a: bambi killer|Brave Bird|p1a: Venusaur
|-supereffective|p1a: Venusaur
|-damage|p1a: Venusaur|0 fnt
|-damage|p2a: bambi killer|159\/309|[from] recoil|[of] p1a: Venusaur
|faint|p1a: Venusaur
|
|
|switch|p1a: Latios|Latios, M|301\/301
|-damage|p1a: Latios|264\/301|[from] Stealth Rock
|turn|17
|
|switch|p2a: Puff|Dragonite, M|323\/323
|move|p1a: Latios|Psyshock|p2a: Puff
|-damage|p2a: Puff|246\/323
|
|-heal|p1a: Latios|282\/301|[from] item: Leftovers
|turn|18
|
|move|p2a: Puff|Extreme Speed|p1a: Latios
|-damage|p1a: Latios|85\/301
|move|p1a: Latios|Draco Meteor|p2a: Puff
|-crit|p2a: Puff
|-supereffective|p2a: Puff
|-damage|p2a: Puff|0 fnt
|-unboost|p1a: Latios|spa|2
|faint|p2a: Puff
|
|-heal|p1a: Latios|103\/301|[from] item: Leftovers
|
|switch|p2a: bambi killer|Talonflame, M|159\/309
|turn|19
|
|move|p2a: bambi killer|Brave Bird|p1a: Latios
|-damage|p1a: Latios|0 fnt
|-damage|p2a: bambi killer|125\/309|[from] recoil|[of] p1a: Latios
|faint|p1a: Latios
|
|
|switch|p1a: Terrakion|Terrakion|263\/323
|-damage|p1a: Terrakion|243\/323|[from] Stealth Rock
|-damage|p1a: Terrakion|203\/323|[from] Spikes
|turn|20
|
|move|p1a: Terrakion|Quick Attack|p2a: bambi killer
|-damage|p2a: bambi killer|60\/309
|move|p2a: bambi killer|Brave Bird|p1a: Terrakion
|-damage|p1a: Terrakion|0 fnt
|-damage|p2a: bambi killer|0 fnt|[from] recoil|[of] p1a: Terrakion
|faint|p1a: Terrakion
|faint|p2a: bambi killer
|
|win|the upset
|raw|Ladder updating...
|raw|Pagoose's rating: 1651 &rarr; <strong>1632<\/strong><br \/>(-19 for losing)
|raw|the upset's rating: 1669 &rarr; <strong>1688<\/strong><br \/>(+19 for winning)
|c|★Pagoose|gg
|c|★the upset|gg
|leave|Pagoose
|player|p1