|join|i want 2 suicide
|join|Pagoose
|player|p1|i want 2 suicide|188
|player|p2|Pagoose|141
|gametype|singles
|gen|6
|tier|OU
|rated
|clearpoke
|poke|p1|Azumarill, F, shiny
|poke|p1|Bisharp, F, shiny
|poke|p1|Breloom, F, shiny
|poke|p1|Garchomp, F, shiny
|poke|p1|Latias, F
|poke|p1|Charizard, F
|poke|p2|Landorus-Therian, M
|poke|p2|Magnezone
|poke|p2|Latios, M
|poke|p2|Gardevoir, M
|poke|p2|Azumarill, M
|poke|p2|Ferrothorn, F
|rule|Swagger Clause: Swagger is banned
|rule|Baton Pass Clause: Limit one Pokémon knowing Baton Pass
|rule|Sleep Clause Mod: Limit one foe put to sleep
|rule|Species Clause: Limit one of each Pokémon
|rule|OHKO Clause: OHKO moves are banned
|rule|Moody Clause: Moody is banned
|rule|Evasion Moves Clause: Evasion moves are banned
|rule|Endless Battle Clause: Forcing endless battles is banned
|rule|HP Percentage Mod: HP is shown in percentages
|teampreview
|join|Ubers Must Fall
|
|start
|switch|p1a: Thomas|Bisharp, F, shiny|272\/272
|switch|p2a: Landorus-Therian|Landorus-Therian, M|321\/321
|-ability|p2a: Landorus-Therian|Intimidate|[of] p1a: Thomas
|-unboost|p1a: Thomas|atk|1
|-boost|p1a: Thomas|atk|2|[from] ability: Defiant
|turn|1
|
|move|p1a: Thomas|Sucker Punch|p2a: Landorus-Therian
|-damage|p2a: Landorus-Therian|78\/321
|move|p2a: Landorus-Therian|Earthquake|p1a: Thomas
|-supereffective|p1a: Thomas
|-enditem|p1a: Thomas|Focus Sash
|-damage|p1a: Thomas|1\/272
|
|turn|2
|
|switch|p2a: Azumarill|Azumarill, M|401\/401
|move|p1a: Thomas|Knock Off|p2a: Azumarill
|-resisted|p2a: Azumarill
|-damage|p2a: Azumarill|225\/401
|-enditem|p2a: Azumarill|Assault Vest|[from] move: Knock Off|[of] p1a: Thomas
|
|turn|3
|
|move|p1a: Thomas|Sucker Punch|p2a: Azumarill
|-crit|p2a: Azumarill
|-resisted|p2a: Azumarill
|-damage|p2a: Azumarill|34\/401
|move|p2a: Azumarill|Aqua Jet|p1a: Thomas
|-damage|p1a: Thomas|0 fnt
|faint|p1a: Thomas
|
|
|switch|p1a: Kangashroorooms|Breloom, F, shiny|262\/262
|turn|4
|
|switch|p2a: Ferrothorn|Ferrothorn, F|352\/352
|move|p1a: Kangashroorooms|Mach Punch|p2a: Ferrothorn
|-supereffective|p2a: Ferrothorn
|-damage|p2a: Ferrothorn|202\/352
|-damage|p1a: Kangashroorooms|230\/262|[from] ability: Iron Barbs|[of] p2a: Ferrothorn
|
|-heal|p2a: Ferrothorn|224\/352|[from] item: Leftovers
|turn|5
|
|switch|p2a: Latios|Latios, M|302\/302
|move|p1a: Kangashroorooms|Mach Punch|p2a: Latios
|-resisted|p2a: Latios
|-damage|p2a: Latios|237\/302
|
|turn|6
|
|switch|p1a: hey cutie pie|Latias, F|319\/319
|move|p2a: Latios|Psyshock|p1a: hey cutie pie
|-crit|p1a: hey cutie pie
|-resisted|p1a: hey cutie pie
|-damage|p1a: hey cutie pie|179\/319
|-damage|p2a: Latios|207\/302|[from] item: Life Orb
|
|turn|7
|
|switch|p1a: IN AGONIZING PAIN|Azumarill, F, shiny|342\/342
|switch|p2a: Gardevoir|Gardevoir, M|277\/277
|-ability|p2a: Gardevoir|Huge Power|[from] ability: Trace|[of] p1a: IN AGONIZING PAIN
|
|turn|8
|
|switch|p2a: Ferrothorn|Ferrothorn, F|224\/352
|move|p1a: IN AGONIZING PAIN|Play Rough|p2a: Ferrothorn
|-resisted|p2a: Ferrothorn
|-damage|p2a: Ferrothorn|160\/352
|-damage|p1a: IN AGONIZING PAIN|300\/342|[from] ability: Iron Barbs|[of] p2a: Ferrothorn
|
|-heal|p2a: Ferrothorn|182\/352|[from] item: Leftovers
|turn|9
|
|move|p1a: IN AGONIZING PAIN|Belly Drum|p1a: IN AGONIZING PAIN
|-damage|p1a: IN AGONIZING PAIN|129\/342
|-setboost|p1a: IN AGONIZING PAIN|atk|6|[from] move: Belly Drum
|-enditem|p1a: IN AGONIZING PAIN|Sitrus Berry|[eat]
|-heal|p1a: IN AGONIZING PAIN|214\/342|[from] item: Sitrus Berry
|move|p2a: Ferrothorn|Stealth Rock|p1a: IN AGONIZING PAIN
|-sidestart|p1: i want 2 suicide|move: Stealth Rock
|
|-heal|p2a: Ferrothorn|204\/352|[from] item: Leftovers
|turn|10
|
|switch|p2a: Azumarill|Azumarill, M|34\/401
|move|p1a: IN AGONIZING PAIN|Play Rough|p2a: Azumarill
|-damage|p2a: Azumarill|0 fnt
|faint|p2a: Azumarill
|
|
|switch|p2a: Latios|Latios, M|207\/302
|turn|11
|
|move|p1a: IN AGONIZING PAIN|Aqua Jet|p2a: Latios
|-resisted|p2a: Latios
|-damage|p2a: Latios|12\/302
|move|p2a: Latios|Thunderbolt|p1a: IN AGONIZING PAIN
|-crit|p1a: IN AGONIZING PAIN
|-supereffective|p1a: IN AGONIZING PAIN
|-damage|p1a: IN AGONIZING PAIN|0 fnt
|-damage|p2a: Latios|0 fnt|[from] item: Life Orb
|faint|p1a: IN AGONIZING PAIN
|faint|p2a: Latios
|
|
|switch|p2a: Landorus-Therian|Landorus-Therian, M|78\/321
|switch|p1a: hey cutie pie|Latias, F|179\/319
|-damage|p1a: hey cutie pie|140\/319|[from] Stealth Rock
|-ability|p2a: Landorus-Therian|Intimidate|[of] p1a: hey cutie pie
|-unboost|p1a: hey cutie pie|atk|1
|turn|12
|
|switch|p1a: Pescado Pecado|Garchomp, F, shiny|358\/358
|-damage|p1a: Pescado Pecado|336\/358|[from] Stealth Rock
|move|p2a: Landorus-Therian|U-turn|p1a: Pescado Pecado
|-damage|p1a: Pescado Pecado|235\/358
|-damage|p2a: Landorus-Therian|38\/321|[from] ability: Rough Skin|[of] p1a: Pescado Pecado
|
|switch|p2a: Ferrothorn|Ferrothorn, F|204\/352
|
|-heal|p2a: Ferrothorn|226\/352|[from] item: Leftovers
|turn|13
|c|★Pagoose|lol I just chocked
|c|★i want 2 suicide|cool
|c|★Pagoose|fuck me
|
|move|p1a: Pescado Pecado|Stealth Rock|p2a: Ferrothorn
|-sidestart|p2: Pagoose|move: Stealth Rock
|move|p2a: Ferrothorn|Leech Seed|p1a: Pescado Pecado
|-start|p1a: Pescado Pecado|move: Leech Seed
|
|-heal|p2a: Ferrothorn|248\/352|[from] item: Leftovers
|-damage|p1a: Pescado Pecado|191\/358|[from] Leech Seed|[of] p2a: Ferrothorn
|-heal|p2a: Ferrothorn|292\/352|[silent]
|turn|14
|
|move|p1a: Pescado Pecado|Swords Dance|p1a: Pescado Pecado
|-boost|p1a: Pescado Pecado|atk|2
|move|p2a: Ferrothorn|Leech Seed|p1a: Pescado Pecado
|-fail|p1a: Pescado Pecado
|
|-heal|p2a: Ferrothorn|314\/352|[from] item: Leftovers
|-damage|p1a: Pescado Pecado|147\/358|[from] Leech Seed|[of] p2a: Ferrothorn
|-heal|p2a: Ferrothorn|352\/352|[silent]
|turn|15
|
|move|p2a: Ferrothorn|Protect|p2a: Ferrothorn
|-singleturn|p2a: Ferrothorn|Protect
|move|p1a: Pescado Pecado|Earthquake|p2a: Ferrothorn
|-activate|p2a: Ferrothorn|Protect
|
|-damage|p1a: Pescado Pecado|103\/358|[from] Leech Seed|[of] p2a: Ferrothorn
|turn|16
|
|switch|p2a: Landorus-Therian|Landorus-Therian, M|38\/321
|-damage|p2a: Landorus-Therian|0 fnt|[from] Stealth Rock
|faint|p2a: Landorus-Therian
|move|p1a: Pescado Pecado|Earthquake|p2: Landorus-Therian|[notarget]
|-notarget
|
|
|switch|p2a: Magnezone|Magnezone|282\/282
|-damage|p2a: Magnezone|265\/282|[from] Stealth Rock
|turn|17
|c|★Pagoose|oops
|c|★i want 2 suicide|u cant fool me
|c|★i want 2 suicide|Pagoose: oops
|c|★i want 2 suicide|★Pagoose: lol I just chocked
|c|★Pagoose|no not that
|
|move|p2a: Magnezone|Flash Cannon|p1a: Pescado Pecado
|-damage|p1a: Pescado Pecado|0 fnt
|faint|p1a: Pescado Pecado
|
|
|switch|p1a: PLEASE SAVE ME|Charizard, F|315\/315
|-damage|p1a: PLEASE SAVE ME|158\/315|[from] Stealth Rock
|turn|18
|
|switch|p2a: Ferrothorn|Ferrothorn, F|352\/352
|-damage|p2a: Ferrothorn|330\/352|[from] Stealth Rock
|detailschange|p1a: PLEASE SAVE ME|Charizard-Mega-X, F
|message|Charizard has Mega Evolved into Mega Charizard!
|move|p1a: PLEASE SAVE ME|Dragon Dance|p1a: PLEASE SAVE ME
|-boost|p1a: PLEASE SAVE ME|atk|1
|-boost|p1a: PLEASE SAVE ME|spe|1
|
|-heal|p2a: Ferrothorn|352\/352|[from] item: Leftovers
|turn|19
|
|move|p1a: PLEASE SAVE ME|Roost|p1a: PLEASE SAVE ME
|-heal|p1a: PLEASE SAVE ME|315\/315
|move|p2a: Ferrothorn|Leech Seed|p1a: PLEASE SAVE ME
|-start|p1a: PLEASE SAVE ME|move: Leech Seed
|
|-damage|p1a: PLEASE SAVE ME|276\/315|[from] Leech Seed|[of] p2a: Ferrothorn
|turn|20
|
|move|p1a: PLEASE SAVE ME|Flare Blitz|p2a: Ferrothorn
|-supereffective|p2a: Ferrothorn
|-damage|p2a: Ferrothorn|0 fnt
|-damage|p1a: PLEASE SAVE ME|237\/315|[from] ability: Iron Barbs|[of] p2a: Ferrothorn
|-damage|p1a: PLEASE SAVE ME|121\/315|[from] recoil|[of] p2a: Ferrothorn
|faint|p2a: Ferrothorn
|
|
|switch|p2a: Gardevoir|Gardevoir, M|277\/277
|-damage|p2a: Gardevoir|243\/277|[from] Stealth Rock
|-ability|p2a: Gardevoir|Tough Claws|[from] ability: Trace|[of] p1a: PLEASE SAVE ME
|turn|21
|
|switch|p2a: Magnezone|Magnezone|265\/282
|-damage|p2a: Magnezone|248\/282|[from] Stealth Rock
|move|p1a: PLEASE SAVE ME|Flare Blitz|p2a: Magnezone
|-supereffective|p2a: Magnezone
|-damage|p2a: Magnezone|0 fnt
|-damage|p1a: PLEASE SAVE ME|39\/315|[from] recoil|[of] p2a: Magnezone
|faint|p2a: Magnezone
|
|c| Ubers Must Fall|gg
|c|★i want 2 suicide|bad play my part
|c|★i want 2 suicide|for not roosting
|c|★i want 2 suicide|sry
|c|★i want 2 suicide|im low ladder rn
|c|★i want 2 suicide|hurry up fgt
|-message|Pagoose lost due to inactivity.
|
|win|i want 2 suicide
|raw|Ladder updating...
|raw|i want 2 suicide's rating: 1786 &rarr; <strong>1809<\/strong><br \/>(+23 for winning)
|raw|Pagoose's rating: 1829 &rarr; <strong>1807<\/strong><br \/>(-22 for losing)
|c|★i want 2 suicide|gg