|join|Pagoose
|join|qc2chd
|player|p1|Pagoose|141
|player|p2|qc2chd|105
|gametype|singles
|gen|6
|tier|OU
|rated
|clearpoke
|poke|p1|Charizard, F
|poke|p1|Bisharp, F
|poke|p1|Venusaur, M
|poke|p1|Landorus-Therian, M
|poke|p1|Latios, M
|poke|p1|Terrakion
|poke|p2|Tyranitar, M
|poke|p2|Heatran, M
|poke|p2|Keldeo
|poke|p2|Skarmory, F
|poke|p2|Scizor, F
|poke|p2|Venusaur, M
|rule|Swagger Clause: Swagger is banned
|rule|Baton Pass Clause: Limit one Pokémon knowing Baton Pass
|rule|Sleep Clause Mod: Limit one foe put to sleep
|rule|Species Clause: Limit one of each Pokémon
|rule|OHKO Clause: OHKO moves are banned
|rule|Moody Clause: Moody is banned
|rule|Evasion Moves Clause: Evasion moves are banned
|rule|Endless Battle Clause: Forcing endless battles is banned
|rule|HP Percentage Mod: HP is shown in percentages
|teampreview
|join|Kwaglen
|
|start
|switch|p1a: Terrakion|Terrakion|323\/323
|switch|p2a: Keldeo|Keldeo|322\/322
|turn|1
|
|switch|p1a: Venusaur|Venusaur, M|313\/313
|move|p2a: Keldeo|Secret Sword|p1a: Venusaur
|-resisted|p1a: Venusaur
|-damage|p1a: Venusaur|226\/313
|
|turn|2
|
|switch|p2a: Scizor|Scizor, F|344\/344
|switch|p1a: Terrakion|Terrakion|323\/323
|
|turn|3
|
|switch|p1a: Charizard|Charizard, F|297\/297
|move|p2a: Scizor|Bullet Punch|p1a: Charizard
|-resisted|p1a: Charizard
|-damage|p1a: Charizard|180\/297
|
|turn|4
|
|detailschange|p1a: Charizard|Charizard-Mega-Y, F
|message|Charizard has Mega Evolved into Mega Charizard!
|-weather|SunnyDay
|move|p2a: Scizor|Bullet Punch|p1a: Charizard
|-resisted|p1a: Charizard
|-damage|p1a: Charizard|74\/297
|move|p1a: Charizard|Focus Blast|p2a: Scizor
|-damage|p2a: Scizor|127\/344
|
|-weather|SunnyDay|[upkeep]
|turn|5
|
|switch|p1a: Bisharp|Bisharp, F|272\/272
|move|p2a: Scizor|Bullet Punch|p1a: Bisharp
|-resisted|p1a: Bisharp
|-damage|p1a: Bisharp|176\/272
|
|-weather|SunnyDay|[upkeep]
|turn|6
|
|switch|p2a: Keldeo|Keldeo|322\/322
|move|p1a: Bisharp|Knock Off|p2a: Keldeo
|-resisted|p2a: Keldeo
|-damage|p2a: Keldeo|192\/322
|-boost|p2a: Keldeo|atk|1|[from] ability: Justified
|-enditem|p2a: Keldeo|Leftovers|[from] move: Knock Off|[of] p1a: Bisharp
|-damage|p1a: Bisharp|149\/272|[from] item: Life Orb
|
|-weather|SunnyDay|[upkeep]
|turn|7
|
|switch|p1a: Venusaur|Venusaur, M|226\/313
|move|p2a: Keldeo|Secret Sword|p1a: Venusaur
|-resisted|p1a: Venusaur
|-damage|p1a: Venusaur|142\/313
|
|-weather|SunnyDay|[upkeep]
|turn|8
|
|switch|p2a: Tyranitar|Tyranitar, M|342\/342
|-weather|Sandstorm
|move|p1a: Venusaur|Synthesis|p1a: Venusaur
|-heal|p1a: Venusaur|220\/313
|
|-weather|Sandstorm|[upkeep]
|-damage|p1a: Venusaur|201\/313|[from] sandstorm
|turn|9
|
|switch|p2a: Scizor|Scizor, F|127\/344
|switch|p1a: Terrakion|Terrakion|323\/323
|
|-weather|Sandstorm|[upkeep]
|turn|10
|
|switch|p1a: Landorus-Therian|Landorus-Therian, M|321\/321
|-ability|p1a: Landorus-Therian|Intimidate|[of] p2a: Scizor
|-unboost|p2a: Scizor|atk|1
|move|p2a: Scizor|Bullet Punch|p1a: Landorus-Therian
|-damage|p1a: Landorus-Therian|200\/321
|
|-weather|Sandstorm|[upkeep]
|turn|11
|
|switch|p2a: Heatran|Heatran, M|323\/323
|-item|p2a: Heatran|Air Balloon
|move|p1a: Landorus-Therian|U-turn|p2a: Heatran
|-resisted|p2a: Heatran
|-damage|p2a: Heatran|300\/323
|-enditem|p2a: Heatran|Air Balloon
|
|switch|p1a: Terrakion|Terrakion|323\/323
|
|-weather|Sandstorm|[upkeep]
|turn|12
|
|move|p1a: Terrakion|Close Combat|p2a: Heatran
|-supereffective|p2a: Heatran
|-damage|p2a: Heatran|0 fnt
|-unboost|p1a: Terrakion|def|1
|-unboost|p1a: Terrakion|spd|1
|faint|p2a: Heatran
|
|-weather|none
|
|switch|p2a: Scizor|Scizor, F|127\/344
|turn|13
|c|★qc2chd|didn't i battle you earlier?
|c|★Pagoose|maybe
|
|move|p2a: Scizor|Bullet Punch|p1a: Terrakion
|-supereffective|p1a: Terrakion
|-enditem|p1a: Terrakion|Focus Sash
|-damage|p1a: Terrakion|1\/323
|move|p1a: Terrakion|Close Combat|p2a: Scizor
|-damage|p2a: Scizor|0 fnt
|-unboost|p1a: Terrakion|def|1
|-unboost|p1a: Terrakion|spd|1
|faint|p2a: Scizor
|
|c|★qc2chd|Can i have a timer win plz?
|c|★Pagoose|um no
|
|switch|p2a: Skarmory|Skarmory, F|334\/334
|turn|14
|
|switch|p2a: Tyranitar|Tyranitar, M|342\/342
|-weather|Sandstorm
|move|p1a: Terrakion|Taunt|p2a: Tyranitar
|-start|p2a: Tyranitar|move: Taunt
|
|-weather|Sandstorm|[upkeep]
|turn|15
|
|switch|p2a: Skarmory|Skarmory, F|334\/334
|switch|p1a: Landorus-Therian|Landorus-Therian, M|200\/321
|-ability|p1a: Landorus-Therian|Intimidate|[of] p2a: Skarmory
|-unboost|p2a: Skarmory|atk|1
|
|-weather|Sandstorm|[upkeep]
|turn|16
|
|move|p1a: Landorus-Therian|U-turn|p2a: Skarmory
|-resisted|p2a: Skarmory
|-damage|p2a: Skarmory|321\/334
|-damage|p1a: Landorus-Therian|147\/321|[from] item: Rocky Helmet|[of] p2a: Skarmory
|
|switch|p1a: Charizard|Charizard-Mega-Y, F|74\/297
|-weather|SunnyDay
|move|p2a: Skarmory|Counter|p1a: Charizard
|-damage|p1a: Charizard|48\/297
|
|-weather|SunnyDay|[upkeep]
|turn|17
|
|switch|p2a: Tyranitar|Tyranitar, M|342\/342
|-weather|Sandstorm
|move|p1a: Charizard|Focus Blast|p2a: Tyranitar
|-supereffective|p2a: Tyranitar
|-damage|p2a: Tyranitar|0 fnt
|faint|p2a: Tyranitar
|
|-weather|Sandstorm|[upkeep]
|-damage|p1a: Charizard|30\/297|[from] sandstorm
|
|switch|p2a: Keldeo|Keldeo|192\/322
|turn|18
|
|switch|p1a: Venusaur|Venusaur, M|201\/313
|move|p2a: Keldeo|Hydro Pump|p1a: Venusaur
|-resisted|p1a: Venusaur
|-damage|p1a: Venusaur|102\/313
|
|-weather|Sandstorm|[upkeep]
|-damage|p2a: Keldeo|172\/322|[from] sandstorm
|-damage|p1a: Venusaur|83\/313|[from] sandstorm
|turn|19
|
|switch|p1a: Latios|Latios, M|301\/301
|move|p2a: Keldeo|Hydro Pump|p1a: Latios
|-resisted|p1a: Latios
|-damage|p1a: Latios|201\/301
|
|-weather|Sandstorm|[upkeep]
|-damage|p1a: Latios|183\/301|[from] sandstorm
|-damage|p2a: Keldeo|152\/322|[from] sandstorm
|turn|20
|
|switch|p2a: Skarmory|Skarmory, F|321\/334
|move|p1a: Latios|Psyshock|p2a: Skarmory
|-resisted|p2a: Skarmory
|-damage|p2a: Skarmory|270\/334
|-damage|p1a: Latios|153\/301|[from] item: Life Orb
|
|-weather|Sandstorm|[upkeep]
|-damage|p1a: Latios|135\/301|[from] sandstorm
|turn|21
|c|★qc2chd|no timer win then?
|c|★Pagoose|um
|c|★Pagoose|why would I give you the timer win?
|
|switch|p1a: Charizard|Charizard-Mega-Y, F|30\/297
|-weather|SunnyDay
|switch|p2a: Keldeo|Keldeo|152\/322
|
|-weather|SunnyDay|[upkeep]
|turn|22
|c|★qc2chd|because I asked nicely?
|
|switch|p1a: Latios|Latios, M|135\/301
|move|p2a: Keldeo|Secret Sword|p1a: Latios
|-resisted|p1a: Latios
|-damage|p1a: Latios|39\/301
|
|-weather|SunnyDay|[upkeep]
|turn|23
|
|switch|p2a: Venusaur|Venusaur, M|364\/364
|move|p1a: Latios|Draco Meteor|p2a: Venusaur
|-damage|p2a: Venusaur|137\/364
|-unboost|p1a: Latios|spa|2
|-damage|p1a: Latios|9\/301|[from] item: Life Orb
|
|-weather|SunnyDay|[upkeep]
|turn|24
|
|switch|p1a: Terrakion|Terrakion|1\/323
|detailschange|p2a: Venusaur|Venusaur-Mega, M
|message|Venusaur has Mega Evolved into Mega Venusaur!
|move|p2a: Venusaur|Synthesis|p2a: Venusaur
|-heal|p2a: Venusaur|364\/364
|
|-weather|SunnyDay|[upkeep]
|turn|25
|
|move|p1a: Terrakion|Stone Edge|p2a: Venusaur
|-damage|p2a: Venusaur|223\/364
|move|p2a: Venusaur|Sludge Bomb|p1a: Terrakion
|-resisted|p1a: Terrakion
|-damage|p1a: Terrakion|0 fnt
|faint|p1a: Terrakion
|
|-weather|none
|
|switch|p1a: Bisharp|Bisharp, F|149\/272
|turn|26
|
|move|p1a: Bisharp|Iron Head|p2a: Venusaur
|-damage|p2a: Venusaur|93\/364
|-damage|p1a: Bisharp|122\/272|[from] item: Life Orb
|move|p2a: Venusaur|Sleep Powder|p1a: Bisharp
|-status|p1a: Bisharp|slp
|
|turn|27
|
|switch|p1a: Latios|Latios, M|9\/301
|move|p2a: Venusaur|Leech Seed|p1a: Latios
|-start|p1a: Latios|move: Leech Seed
|
|-damage|p1a: Latios|0 fnt|[from] Leech Seed|[of] p2a: Venusaur
|-heal|p2a: Venusaur|102\/364|[silent]
|faint|p1a: Latios
|
|switch|p1a: Charizard|Charizard-Mega-Y, F|30\/297
|-weather|SunnyDay
|turn|28
|
|switch|p2a: Skarmory|Skarmory, F|270\/334
|move|p1a: Charizard|Fire Blast|p2a: Skarmory
|-supereffective|p2a: Skarmory
|-damage|p2a: Skarmory|0 fnt
|faint|p2a: Skarmory
|
|-weather|SunnyDay|[upkeep]
|
|switch|p2a: Keldeo|Keldeo|152\/322
|turn|29
|
|move|p2a: Keldeo|Secret Sword|p1a: Charizard
|-resisted|p1a: Charizard
|-damage|p1a: Charizard|0 fnt
|faint|p1a: Charizard
|
|-weather|SunnyDay|[upkeep]
|
|switch|p1a: Venusaur|Venusaur, M|83\/313
|turn|30
|
|move|p1a: Venusaur|Giga Drain|p2a: Keldeo
|-supereffective|p2a: Keldeo
|-damage|p2a: Keldeo|0 fnt
|-heal|p1a: Venusaur|159\/313|[from] drain|[of] p2a: Keldeo
|-damage|p1a: Venusaur|128\/313|[from] item: Life Orb
|faint|p2a: Keldeo
|
|-weather|SunnyDay|[upkeep]
|
|switch|p2a: Venusaur|Venusaur-Mega, M|102\/364
|turn|31
|
|move|p1a: Venusaur|Sludge Bomb|p2a: Venusaur
|-damage|p2a: Venusaur|0 fnt
|-damage|p1a: Venusaur|97\/313|[from] item: Life Orb
|faint|p2a: Venusaur
|
|win|Pagoose
|raw|Ladder updating...
|raw|Pagoose's rating: 1773 &rarr; <strong>1787<\/strong><br \/>(+14 for winning)
|raw|qc2chd's rating: 1652 &rarr; <strong>1639<\/strong><br \/>(-13 for losing)
|c|★Pagoose|gg
|c|★qc2chd|gg
|leave|Kwaglen
|leave|qc2chd
|player|p2