|join|Jon Bovi
|join|sheik main
|player|p1|Jon Bovi|240
|player|p2|sheik main|260
|gametype|singles
|gen|6
|tier|OU
|rated
|clearpoke
|poke|p1|Donphan, M
|poke|p1|Venusaur, M
|poke|p1|Aegislash, M
|poke|p1|Keldeo-Resolute
|poke|p1|Heatran, F
|poke|p1|Tornadus-Therian, M
|poke|p2|Azelf
|poke|p2|Whimsicott, F
|poke|p2|Smeargle, M
|poke|p2|Espeon, M
|poke|p2|Aerodactyl, F
|poke|p2|Zoroark, M, shiny
|rule|Swagger Clause: Swagger is banned
|rule|Baton Pass Clause: Limit one Pokémon knowing Baton Pass
|rule|Sleep Clause Mod: Limit one foe put to sleep
|rule|Species Clause: Limit one of each Pokémon
|rule|OHKO Clause: OHKO moves are banned
|rule|Moody Clause: Moody is banned
|rule|Evasion Moves Clause: Evasion moves are banned
|rule|Endless Battle Clause: Forcing endless battles is banned
|rule|HP Percentage Mod: HP is reported as percentages
|teampreview
|chat|Jon Bovi|Oh boy
|chat|Jon Bovi|gl hf
|
|start
|switch|p1a: Venusaur|Venusaur, M|363\/363
|switch|p2a: Rocks|Aerodactyl, F|301\/301
|-ability|p2a: Rocks|Pressure
|turn|1
|chat|sheik main|lol you too man
|
|detailschange|p1a: Venusaur|Venusaur-Mega, M
|message|Venusaur has Mega Evolved into Mega Venusaur!
|move|p2a: Rocks|Taunt|p1a: Venusaur
|-start|p1a: Venusaur|move: Taunt
|move|p1a: Venusaur|Giga Drain|p2a: Rocks
|-damage|p2a: Rocks|154\/301
|
|turn|2
|
|switch|p1a: Donphan|Donphan, M|384\/384
|move|p2a: Rocks|Stealth Rock|p1a: Donphan
|-sidestart|p1: Jon Bovi|move: Stealth Rock
|
|turn|3
|
|move|p2a: Rocks|Rock Slide|p1a: Donphan
|-resisted|p1a: Donphan
|-damage|p1a: Donphan|331\/384
|move|p1a: Donphan|Rapid Spin|p2a: Rocks
|-resisted|p2a: Rocks
|-damage|p2a: Rocks|138\/301
|-sideend|p1: Jon Bovi|Stealth Rock|[from] move: Rapid Spin|[of] p1a: Donphan
|
|-heal|p1a: Donphan|355\/384|[from] item: Leftovers
|turn|4
|
|move|p1a: Donphan|Ice Shard|p2a: Rocks
|-supereffective|p2a: Rocks
|-damage|p2a: Rocks|2\/301
|move|p2a: Rocks|Stealth Rock|p1a: Donphan
|-sidestart|p1: Jon Bovi|move: Stealth Rock
|
|-heal|p1a: Donphan|379\/384|[from] item: Leftovers
|turn|5
|
|move|p2a: Rocks|Tailwind|p2a: Rocks
|-sidestart|p2: sheik main|move: Tailwind
|move|p1a: Donphan|Rapid Spin|p2a: Rocks
|-resisted|p2a: Rocks
|-damage|p2a: Rocks|0 fnt
|-sideend|p1: Jon Bovi|Stealth Rock|[from] move: Rapid Spin|[of] p1a: Donphan
|faint|p2a: Rocks
|
|-heal|p1a: Donphan|384\/384|[from] item: Leftovers
|
|switch|p2a: Azelf|Azelf|337\/337
|turn|6
|
|switch|p1a: Aegislash|Aegislash, M|282\/282
|move|p2a: Azelf|Reflect|p2a: Azelf
|-sidestart|p2: sheik main|Reflect
|
|turn|7
|
|move|p2a: Azelf|Light Screen|p2a: Azelf
|-sidestart|p2: sheik main|move: Light Screen
|-formechange|p1a: Aegislash|Aegislash-Blade
|move|p1a: Aegislash|Shadow Ball|p2a: Azelf
|-supereffective|p2a: Azelf
|-damage|p2a: Azelf|130\/337
|
|turn|8
|chat|Jon Bovi|I smell it coming
|
|-formechange|p1a: Aegislash|Aegislash
|move|p1a: Aegislash|King's Shield|p1a: Aegislash
|-singleturn|p1a: Aegislash|Protect
|move|p2a: Azelf|Taunt|p1a: Aegislash
|-start|p1a: Aegislash|move: Taunt
|
|-sideend|p2: sheik main|move: Tailwind
|turn|9
|
|move|p2a: Azelf|Explosion|p1a: Aegislash
|-immune|p1a: Aegislash|[msg]
|faint|p2a: Azelf
|-formechange|p1a: Aegislash|Aegislash-Blade
|move|p1a: Aegislash|Shadow Ball|p2: Azelf|[notarget]
|-notarget
|
|
|switch|p2a: Smeargle|Smeargle, M|323\/323
|turn|10
|
|move|p2a: Smeargle|Memento|p1a: Aegislash
|-unboost|p1a: Aegislash|atk|2
|-unboost|p1a: Aegislash|spa|2
|faint|p2a: Smeargle
|move|p1a: Aegislash|Iron Head|p2: Smeargle|[notarget]
|-notarget
|
|
|switch|p2a: Smeargle|Smeargle, M|305\/305
|turn|11
|
|switch|p1a: Keldeo-Resolute|Keldeo-Resolute|322\/322
|move|p2a: Smeargle|Geomancy|p2a: Smeargle|[still]
|-prepare|p2a: Smeargle|Geomancy|p2a: Smeargle
|-enditem|p2a: Smeargle|Power Herb
|-anim|p2a: Smeargle|Geomancy|p2a: Smeargle
|-boost|p2a: Smeargle|spa|2
|-boost|p2a: Smeargle|spd|2
|-boost|p2a: Smeargle|spe|2
|
|turn|12
|
|move|p2a: Smeargle|Dark Void|p1a: Keldeo-Resolute
|-status|p1a: Keldeo-Resolute|slp
|cant|p1a: Keldeo-Resolute|slp
|
|turn|13
|
|move|p2a: Smeargle|Cotton Guard|p2a: Smeargle
|-boost|p2a: Smeargle|def|3
|-curestatus|p1a: Keldeo-Resolute|slp
|move|p1a: Keldeo-Resolute|Secret Sword|p2a: Smeargle
|-supereffective|p2a: Smeargle
|-damage|p2a: Smeargle|137\/305
|
|-sideend|p2: sheik main|Reflect
|turn|14
|
|switch|p1a: Tornadus-Therian|Tornadus-Therian, M|332\/332
|move|p2a: Smeargle|Baton Pass|p2a: Smeargle
|
|switch|p2a: Don Trolleone|Espeon, M|325\/325
|
|-sideend|p2: sheik main|move: Light Screen
|turn|15
|
|move|p2a: Don Trolleone|Substitute|p2a: Don Trolleone
|-start|p2a: Don Trolleone|Substitute
|-damage|p2a: Don Trolleone|244\/325
|move|p1a: Tornadus-Therian|Knock Off|p2a: Don Trolleone
|-supereffective|p2a: Don Trolleone
|-end|p2a: Don Trolleone|Substitute
|
|-heal|p2a: Don Trolleone|264\/325|[from] item: Leftovers
|turn|16
|
|move|p2a: Don Trolleone|Stored Power|p1a: Tornadus-Therian
|-damage|p1a: Tornadus-Therian|0 fnt
|faint|p1a: Tornadus-Therian
|
|-heal|p2a: Don Trolleone|284\/325|[from] item: Leftovers
|
|switch|p1a: Aegislash|Aegislash, M|282\/282
|turn|17
|
|move|p2a: Don Trolleone|Substitute|p2a: Don Trolleone
|-start|p2a: Don Trolleone|Substitute
|-damage|p2a: Don Trolleone|203\/325
|-formechange|p1a: Aegislash|Aegislash-Blade
|move|p1a: Aegislash|Shadow Ball|p2a: Don Trolleone
|-supereffective|p2a: Don Trolleone
|-end|p2a: Don Trolleone|Substitute
|
|-heal|p2a: Don Trolleone|223\/325|[from] item: Leftovers
|turn|18
|
|-formechange|p1a: Aegislash|Aegislash
|move|p1a: Aegislash|King's Shield|p1a: Aegislash
|-singleturn|p1a: Aegislash|Protect
|move|p2a: Don Trolleone|Stored Power|p1a: Aegislash
|-activate|p1a: Aegislash|Protect
|
|-heal|p2a: Don Trolleone|243\/325|[from] item: Leftovers
|turn|19
|
|move|p2a: Don Trolleone|Substitute|p2a: Don Trolleone
|-start|p2a: Don Trolleone|Substitute
|-damage|p2a: Don Trolleone|162\/325
|-formechange|p1a: Aegislash|Aegislash-Blade
|move|p1a: Aegislash|Shadow Ball|p2a: Don Trolleone
|-supereffective|p2a: Don Trolleone
|-end|p2a: Don Trolleone|Substitute
|
|-heal|p2a: Don Trolleone|182\/325|[from] item: Leftovers
|turn|20
|
|move|p1a: Aegislash|Shadow Sneak|p2a: Don Trolleone
|-supereffective|p2a: Don Trolleone
|-damage|p2a: Don Trolleone|98\/325
|move|p2a: Don Trolleone|Morning Sun|p2a: Don Trolleone
|-heal|p2a: Don Trolleone|260\/325
|
|-heal|p2a: Don Trolleone|280\/325|[from] item: Leftovers
|turn|21
|
|move|p2a: Don Trolleone|Substitute|p2a: Don Trolleone
|-start|p2a: Don Trolleone|Substitute
|-damage|p2a: Don Trolleone|199\/325
|move|p1a: Aegislash|Shadow Ball|p2a: Don Trolleone
|-supereffective|p2a: Don Trolleone
|-end|p2a: Don Trolleone|Substitute
|
|-heal|p2a: Don Trolleone|219\/325|[from] item: Leftovers
|turn|22
|
|move|p1a: Aegislash|Shadow Sneak|p2a: Don Trolleone
|-supereffective|p2a: Don Trolleone
|-damage|p2a: Don Trolleone|133\/325
|move|p2a: Don Trolleone|Stored Power|p1a: Aegislash
|-resisted|p1a: Aegislash
|-damage|p1a: Aegislash|0 fnt
|faint|p1a: Aegislash
|
|-heal|p2a: Don Trolleone|153\/325|[from] item: Leftovers
|
|switch|p1a: Donphan|Donphan, M|384\/384
|turn|23
|
|move|p2a: Don Trolleone|Substitute|p2a: Don Trolleone
|-start|p2a: Don Trolleone|Substitute
|-damage|p2a: Don Trolleone|72\/325
|move|p1a: Donphan|Earthquake|p2a: Don Trolleone
|-end|p2a: Don Trolleone|Substitute
|
|-heal|p2a: Don Trolleone|92\/325|[from] item: Leftovers
|turn|24
|
|move|p2a: Don Trolleone|Morning Sun|p2a: Don Trolleone
|-heal|p2a: Don Trolleone|254\/325
|move|p1a: Donphan|Earthquake|p2a: Don Trolleone
|-damage|p2a: Don Trolleone|143\/325
|
|-heal|p2a: Don Trolleone|163\/325|[from] item: Leftovers
|turn|25
|
|move|p2a: Don Trolleone|Stored Power|p1a: Donphan
|-activate|p1a: Donphan|Sturdy
|-damage|p1a: Donphan|1\/384
|move|p1a: Donphan|Earthquake|p2a: Don Trolleone
|-damage|p2a: Don Trolleone|60\/325
|
|-heal|p2a: Don Trolleone|80\/325|[from] item: Leftovers
|-heal|p1a: Donphan|25\/384|[from] item: Leftovers
|turn|26
|
|move|p2a: Don Trolleone|Stored Power|p1a: Donphan
|-damage|p1a: Donphan|0 fnt
|faint|p1a: Donphan
|
|-heal|p2a: Don Trolleone|100\/325|[from] item: Leftovers
|
|switch|p1a: Heatran|Heatran, F|385\/385
|turn|27
|
|move|p2a: Don Trolleone|Substitute|p2a: Don Trolleone
|-start|p2a: Don Trolleone|Substitute
|-damage|p2a: Don Trolleone|19\/325
|move|p1a: Heatran|Lava Plume|p2a: Don Trolleone
|-activate|p2a: Don Trolleone|Substitute|[damage]
|
|-heal|p2a: Don Trolleone|39\/325|[from] item: Leftovers
|turn|28
|
|move|p2a: Don Trolleone|Morning Sun|p2a: Don Trolleone
|-heal|p2a: Don Trolleone|201\/325
|move|p1a: Heatran|Lava Plume|p2a: Don Trolleone
|-end|p2a: Don Trolleone|Substitute
|
|-heal|p2a: Don Trolleone|221\/325|[from] item: Leftovers
|turn|29
|
|move|p2a: Don Trolleone|Substitute|p2a: Don Trolleone
|-start|p2a: Don Trolleone|Substitute
|-damage|p2a: Don Trolleone|140\/325
|move|p1a: Heatran|Lava Plume|p2a: Don Trolleone
|-crit|p2a: Don Trolleone
|-end|p2a: Don Trolleone|Substitute
|
|-heal|p2a: Don Trolleone|160\/325|[from] item: Leftovers
|turn|30
|
|move|p2a: Don Trolleone|Substitute|p2a: Don Trolleone
|-start|p2a: Don Trolleone|Substitute
|-damage|p2a: Don Trolleone|79\/325
|move|p1a: Heatran|Lava Plume|p2a: Don Trolleone
|-activate|p2a: Don Trolleone|Substitute|[damage]
|
|-heal|p2a: Don Trolleone|99\/325|[from] item: Leftovers
|turn|31
|
|move|p2a: Don Trolleone|Morning Sun|p2a: Don Trolleone
|-heal|p2a: Don Trolleone|261\/325
|move|p1a: Heatran|Lava Plume|p2a: Don Trolleone
|-end|p2a: Don Trolleone|Substitute
|
|-heal|p2a: Don Trolleone|281\/325|[from] item: Leftovers
|turn|32
|chat|sheik main|pp stall 
|
|move|p2a: Don Trolleone|Substitute|p2a: Don Trolleone
|-start|p2a: Don Trolleone|Substitute
|-damage|p2a: Don Trolleone|200\/325
|move|p1a: Heatran|Lava Plume|p2a: Don Trolleone
|-activate|p2a: Don Trolleone|Substitute|[damage]
|
|-heal|p2a: Don Trolleone|220\/325|[from] item: Leftovers
|turn|33
|chat|Jon Bovi|What a cheap team
|
|move|p2a: Don Trolleone|Stored Power|p1a: Heatran
|-resisted|p1a: Heatran
|-damage|p1a: Heatran|105\/385
|move|p1a: Heatran|Lava Plume|p2a: Don Trolleone
|-end|p2a: Don Trolleone|Substitute
|
|-heal|p2a: Don Trolleone|240\/325|[from] item: Leftovers
|-heal|p1a: Heatran|129\/385|[from] item: Leftovers
|turn|34
|
|move|p2a: Don Trolleone|Substitute|p2a: Don Trolleone
|-start|p2a: Don Trolleone|Substitute
|-damage|p2a: Don Trolleone|159\/325
|move|p1a: Heatran|Lava Plume|p2a: Don Trolleone
|-activate|p2a: Don Trolleone|Substitute|[damage]
|
|-heal|p2a: Don Trolleone|179\/325|[from] item: Leftovers
|-heal|p1a: Heatran|153\/385|[from] item: Leftovers
|turn|35
|chat|sheik main|free, actually
|-message|Jon Bovi forfeited.
|
|win|sheik main
|raw|Ladder updating...
|leave|Jon Bovi
|player|p1
|raw|Jon Bovi's rating: 1876 &rarr; <strong>1853<\/strong><br \/>(-23 for losing)
|raw|sheik main's rating: 1836 &rarr; <strong>1858<\/strong><br \/>(+22 for winning)