|join|LT2B rh156
|join|Jon Bovi
|player|p1|LT2B rh156|80
|player|p2|Jon Bovi|240
|gametype|singles
|gen|6
|tier|OU
|rated
|clearpoke
|poke|p1|Keldeo, shiny
|poke|p1|Mew
|poke|p1|Ferrothorn, M
|poke|p1|Landorus-Therian, M, shiny
|poke|p1|Gardevoir, F, shiny
|poke|p1|Rotom-Wash, shiny
|poke|p2|Azumarill, M
|poke|p2|Donphan, M
|poke|p2|Venusaur, M
|poke|p2|Skarmory, M
|poke|p2|Dragonite, M
|poke|p2|Magnezone
|rule|Swagger Clause: Swagger is banned
|rule|Baton Pass Clause: Limit one Pokémon knowing Baton Pass
|rule|Sleep Clause Mod: Limit one foe put to sleep
|rule|Species Clause: Limit one of each Pokémon
|rule|OHKO Clause: OHKO moves are banned
|rule|Moody Clause: Moody is banned
|rule|Evasion Moves Clause: Evasion moves are banned
|rule|Endless Battle Clause: Forcing endless battles is banned
|rule|HP Percentage Mod: HP is shown in percentages
|teampreview
|join|kwiickfan
|
|start
|switch|p1a: Mew|Mew|395\/395
|switch|p2a: Magnezone|Magnezone|281\/281
|turn|1
|c|★Jon Bovi|Gl
|c|★LT2B rh156|same
|
|move|p1a: Mew|Knock Off|p2a: Magnezone
|-damage|p2a: Magnezone|207\/281
|-enditem|p2a: Magnezone|Choice Specs|[from] move: Knock Off|[of] p1a: Mew
|move|p2a: Magnezone|Volt Switch|p1a: Mew
|-damage|p1a: Mew|287\/395
|
|switch|p2a: Dragonite|Dragonite, M|323\/323
|
|-heal|p1a: Mew|311\/395|[from] item: Leftovers
|turn|2
|
|move|p1a: Mew|Will-O-Wisp|p2a: Dragonite
|-status|p2a: Dragonite|brn
|-enditem|p2a: Dragonite|Lum Berry|[eat]
|-curestatus|p2a: Dragonite|brn
|move|p2a: Dragonite|Dragon Dance|p2a: Dragonite
|-boost|p2a: Dragonite|atk|1
|-boost|p2a: Dragonite|spe|1
|
|-heal|p1a: Mew|335\/395|[from] item: Leftovers
|turn|3
|
|switch|p1a: Ferrothorn|Ferrothorn, M|352\/352
|move|p2a: Dragonite|Outrage|p1a: Ferrothorn
|-resisted|p1a: Ferrothorn
|-damage|p1a: Ferrothorn|240\/352
|-damage|p2a: Dragonite|283\/323|[from] ability: Iron Barbs|[of] p1a: Ferrothorn
|
|-heal|p1a: Ferrothorn|262\/352|[from] item: Leftovers
|turn|4
|join|Sugar K Leonard
|
|move|p2a: Dragonite|Outrage|p1a: Ferrothorn
|-resisted|p1a: Ferrothorn
|-damage|p1a: Ferrothorn|141\/352
|-damage|p2a: Dragonite|243\/323|[from] ability: Iron Barbs|[of] p1a: Ferrothorn
|move|p1a: Ferrothorn|Gyro Ball|p2a: Dragonite
|-damage|p2a: Dragonite|60\/323
|
|-heal|p1a: Ferrothorn|163\/352|[from] item: Leftovers
|turn|5
|
|move|p2a: Dragonite|Outrage|p1a: Ferrothorn
|-resisted|p1a: Ferrothorn
|-damage|p1a: Ferrothorn|47\/352
|-damage|p2a: Dragonite|20\/323|[from] ability: Iron Barbs|[of] p1a: Ferrothorn
|move|p1a: Ferrothorn|Stealth Rock|p2a: Dragonite
|-sidestart|p2: Jon Bovi|move: Stealth Rock
|
|-end|p2a: Dragonite|rampage
|-start|p2a: Dragonite|confusion
|-heal|p1a: Ferrothorn|69\/352|[from] item: Leftovers
|turn|6
|join|lt2a hairy
|
|move|p1a: Ferrothorn|Protect|p1a: Ferrothorn
|-singleturn|p1a: Ferrothorn|Protect
|-activate|p2a: Dragonite|confusion
|move|p2a: Dragonite|Earthquake|p1a: Ferrothorn
|-activate|p1a: Ferrothorn|Protect
|
|-heal|p1a: Ferrothorn|91\/352|[from] item: Leftovers
|turn|7
|
|switch|p1a: Landorus-Therian|Landorus-Therian, M, shiny|319\/319
|-ability|p1a: Landorus-Therian|Intimidate|[of] p2a: Dragonite
|-unboost|p2a: Dragonite|atk|1
|-end|p2a: Dragonite|confusion
|move|p2a: Dragonite|Dragon Dance|p2a: Dragonite
|-boost|p2a: Dragonite|atk|1
|-boost|p2a: Dragonite|spe|1
|
|turn|8
|join|McMeghan
|join|Inflikted
|join|CharizardmasterX
|join|Cienight
|
|move|p2a: Dragonite|Earthquake|p1a: Landorus-Therian
|-immune|p1a: Landorus-Therian|[msg]
|move|p1a: Landorus-Therian|U-turn|p2a: Dragonite
|-resisted|p2a: Dragonite
|-damage|p2a: Dragonite|0 fnt
|faint|p2a: Dragonite
|
|switch|p1a: Mew|Mew|335\/395
|
|-heal|p1a: Mew|359\/395|[from] item: Leftovers
|-message|Jon Bovi forfeited.
|
|win|LT2B rh156
|raw|Ladder updating...
|leave|Jon Bovi
|player|p2
|raw|LT2B rh156's rating: 1826 &rarr; <strong>1839<\/strong><br \/>(+13 for winning)
|raw|Jon Bovi's rating: 1693 &rarr; <strong>1681<\/strong><br \/>(-12 for losing)
|leave|LT2B rh156
|player|p1
|leave|Inflikted
|leave|CharizardmasterX
|join|ox the box
|leave|Sugar K Leonard
|join|Gingsan
|leave|Gingsan
|leave|lt2a hairy