|join|Jon Bovi
|join|Brandonna
|player|p1|Jon Bovi|240
|player|p2|Brandonna|35
|gametype|singles
|gen|6
|tier|OU
|rated
|clearpoke
|poke|p1|Donphan, M
|poke|p1|Charizard, M
|poke|p1|Azumarill, M
|poke|p1|Mandibuzz, F
|poke|p1|Ferrothorn, F
|poke|p1|Clefable, M
|poke|p2|Altaria, M
|poke|p2|Ferrothorn, M
|poke|p2|Tyranitar, F
|poke|p2|Azumarill, F
|poke|p2|Zygarde
|poke|p2|Thundurus, M
|rule|Swagger Clause: Swagger is banned
|rule|Baton Pass Clause: Limit one Pokémon knowing Baton Pass
|rule|Sleep Clause Mod: Limit one foe put to sleep
|rule|Species Clause: Limit one of each Pokémon
|rule|OHKO Clause: OHKO moves are banned
|rule|Moody Clause: Moody is banned
|rule|Evasion Moves Clause: Evasion moves are banned
|rule|Endless Battle Clause: Forcing endless battles is banned
|rule|HP Percentage Mod: HP is shown in percentages
|teampreview
|
|start
|switch|p1a: Blaze of Glory|Charizard, M|359\/359
|switch|p2a: Azumarill|Azumarill, F|403\/403
|turn|1
|
|detailschange|p1a: Blaze of Glory|Charizard-Mega-X, M
|-mega|p1a: Blaze of Glory|Charizard|Charizardite X
|move|p1a: Blaze of Glory|Will-O-Wisp|p2a: Azumarill
|-status|p2a: Azumarill|brn
|move|p2a: Azumarill|Waterfall|p1a: Blaze of Glory
|-damage|p1a: Blaze of Glory|281\/359
|
|-damage|p2a: Azumarill|353\/403 brn|[from] brn
|turn|2
|c|★Brandonna|oh its jo bovi
|
|switch|p2a: Altaria|Altaria, M|353\/353
|move|p1a: Blaze of Glory|Will-O-Wisp|p2a: Altaria
|-status|p2a: Altaria|brn
|
|-damage|p2a: Altaria|309\/353 brn|[from] brn
|turn|3
|c|★Jon Bovi|It's me haha
|
|detailschange|p2a: Altaria|Altaria-Mega, M
|-mega|p2a: Altaria|Altaria|Altarianite
|move|p1a: Blaze of Glory|Roost|p1a: Blaze of Glory
|-heal|p1a: Blaze of Glory|359\/359
|move|p2a: Altaria|Hyper Voice|p1a: Blaze of Glory
|-damage|p1a: Blaze of Glory|223\/359
|
|-damage|p2a: Altaria|265\/353 brn|[from] brn
|turn|4
|c|★Brandonna|i always saw your name occasionally
|c|★Brandonna|on the ladder
|c|★Jon Bovi|Well, that's cool haha
|
|move|p1a: Blaze of Glory|Roost|p1a: Blaze of Glory
|-heal|p1a: Blaze of Glory|359\/359
|move|p2a: Altaria|Earthquake|p1a: Blaze of Glory
|-supereffective|p1a: Blaze of Glory
|-damage|p1a: Blaze of Glory|271\/359
|
|-damage|p2a: Altaria|221\/353 brn|[from] brn
|turn|5
|
|move|p1a: Blaze of Glory|Earthquake|p2a: Altaria
|-damage|p2a: Altaria|152\/353 brn
|move|p2a: Altaria|Hyper Voice|p1a: Blaze of Glory
|-damage|p1a: Blaze of Glory|127\/359
|
|-damage|p2a: Altaria|108\/353 brn|[from] brn
|turn|6
|
|move|p1a: Blaze of Glory|Roost|p1a: Blaze of Glory
|-heal|p1a: Blaze of Glory|307\/359
|move|p2a: Altaria|Roost|p2a: Altaria
|-heal|p2a: Altaria|285\/353 brn
|
|-damage|p2a: Altaria|241\/353 brn|[from] brn
|turn|7
|
|move|p1a: Blaze of Glory|Earthquake|p2a: Altaria
|-damage|p2a: Altaria|174\/353 brn
|move|p2a: Altaria|Hyper Voice|p1a: Blaze of Glory
|-damage|p1a: Blaze of Glory|184\/359
|
|-damage|p2a: Altaria|130\/353 brn|[from] brn
|turn|8
|
|move|p1a: Blaze of Glory|Roost|p1a: Blaze of Glory
|-heal|p1a: Blaze of Glory|359\/359
|move|p2a: Altaria|Roost|p2a: Altaria
|-heal|p2a: Altaria|307\/353 brn
|
|-damage|p2a: Altaria|263\/353 brn|[from] brn
|turn|9
|
|switch|p1a: Ferrothorn|Ferrothorn, F|352\/352
|move|p2a: Altaria|Hyper Voice|p1a: Ferrothorn
|-resisted|p1a: Ferrothorn
|-damage|p1a: Ferrothorn|298\/352
|
|-heal|p1a: Ferrothorn|320\/352|[from] item: Leftovers
|-damage|p2a: Altaria|219\/353 brn|[from] brn
|turn|10
|
|move|p2a: Altaria|Fire Blast|p1a: Ferrothorn
|-supereffective|p1a: Ferrothorn
|-damage|p1a: Ferrothorn|40\/352
|move|p1a: Ferrothorn|Stealth Rock|p2a: Altaria
|-sidestart|p2: Brandonna|move: Stealth Rock
|
|-heal|p1a: Ferrothorn|62\/352|[from] item: Leftovers
|-damage|p2a: Altaria|175\/353 brn|[from] brn
|turn|11
|
|switch|p1a: U Giv Luv aBad Nam|Azumarill, M|401\/401
|move|p2a: Altaria|Roost|p2a: Altaria
|-heal|p2a: Altaria|352\/353 brn
|
|-damage|p2a: Altaria|308\/353 brn|[from] brn
|turn|12
|
|switch|p2a: Ferrothorn|Ferrothorn, M|352\/352
|-damage|p2a: Ferrothorn|330\/352|[from] Stealth Rock
|move|p1a: U Giv Luv aBad Nam|Superpower|p2a: Ferrothorn
|-supereffective|p2a: Ferrothorn
|-damage|p2a: Ferrothorn|128\/352
|-damage|p1a: U Giv Luv aBad Nam|351\/401|[from] ability: Iron Barbs|[of] p2a: Ferrothorn
|-unboost|p1a: U Giv Luv aBad Nam|atk|1
|-unboost|p1a: U Giv Luv aBad Nam|def|1
|
|-heal|p2a: Ferrothorn|150\/352|[from] item: Leftovers
|turn|13
|
|switch|p1a: Blaze of Glory|Charizard-Mega-X, M|359\/359
|move|p2a: Ferrothorn|Spikes|p1a: Blaze of Glory
|-sidestart|p1: Jon Bovi|Spikes
|
|-heal|p2a: Ferrothorn|172\/352|[from] item: Leftovers
|turn|14
|
|move|p1a: Blaze of Glory|Will-O-Wisp|p2a: Ferrothorn
|-status|p2a: Ferrothorn|brn
|move|p2a: Ferrothorn|Leech Seed|p1a: Blaze of Glory
|-start|p1a: Blaze of Glory|move: Leech Seed
|
|-heal|p2a: Ferrothorn|194\/352 brn|[from] item: Leftovers
|-damage|p1a: Blaze of Glory|315\/359|[from] Leech Seed|[of] p2a: Ferrothorn
|-heal|p2a: Ferrothorn|238\/352 brn|[silent]
|-damage|p2a: Ferrothorn|194\/352 brn|[from] brn
|turn|15
|
|switch|p1a: Livin on a Prayer|Donphan, M|384\/384
|-damage|p1a: Livin on a Prayer|336\/384|[from] Spikes
|move|p2a: Ferrothorn|Spikes|p1a: Livin on a Prayer
|-sidestart|p1: Jon Bovi|Spikes
|
|-heal|p1a: Livin on a Prayer|360\/384|[from] item: Leftovers
|-heal|p2a: Ferrothorn|216\/352 brn|[from] item: Leftovers
|-damage|p2a: Ferrothorn|172\/352 brn|[from] brn
|turn|16
|
|move|p1a: Livin on a Prayer|Earthquake|p2a: Ferrothorn
|-damage|p2a: Ferrothorn|54\/352 brn
|move|p2a: Ferrothorn|Leech Seed|p1a: Livin on a Prayer
|-start|p1a: Livin on a Prayer|move: Leech Seed
|
|-heal|p1a: Livin on a Prayer|384\/384|[from] item: Leftovers
|-heal|p2a: Ferrothorn|76\/352 brn|[from] item: Leftovers
|-damage|p1a: Livin on a Prayer|336\/384|[from] Leech Seed|[of] p2a: Ferrothorn
|-heal|p2a: Ferrothorn|124\/352 brn|[silent]
|-damage|p2a: Ferrothorn|80\/352 brn|[from] brn
|turn|17
|
|move|p1a: Livin on a Prayer|Rapid Spin|p2a: Ferrothorn
|-resisted|p2a: Ferrothorn
|-damage|p2a: Ferrothorn|72\/352 brn
|-damage|p1a: Livin on a Prayer|288\/384|[from] ability: Iron Barbs|[of] p2a: Ferrothorn
|-end|p1a: Livin on a Prayer|Leech Seed|[from] move: Rapid Spin|[of] p1a: Livin on a Prayer
|-sideend|p1: Jon Bovi|Spikes|[from] move: Rapid Spin|[of] p1a: Livin on a Prayer
|move|p2a: Ferrothorn|Power Whip|p1a: Livin on a Prayer
|-crit|p1a: Livin on a Prayer
|-supereffective|p1a: Livin on a Prayer
|-damage|p1a: Livin on a Prayer|126\/384
|
|-heal|p1a: Livin on a Prayer|150\/384|[from] item: Leftovers
|-heal|p2a: Ferrothorn|94\/352 brn|[from] item: Leftovers
|-damage|p2a: Ferrothorn|50\/352 brn|[from] brn
|turn|18
|
|move|p1a: Livin on a Prayer|Earthquake|p2a: Ferrothorn
|-damage|p2a: Ferrothorn|0 fnt
|faint|p2a: Ferrothorn
|
|-heal|p1a: Livin on a Prayer|174\/384|[from] item: Leftovers
|
|switch|p2a: Thundurus|Thundurus, M|299\/299
|-damage|p2a: Thundurus|225\/299|[from] Stealth Rock
|turn|19
|
|switch|p1a: Blaze of Glory|Charizard-Mega-X, M|315\/359
|move|p2a: Thundurus|Hidden Power|p1a: Blaze of Glory
|-damage|p1a: Blaze of Glory|257\/359
|
|-heal|p2a: Thundurus|243\/299|[from] item: Leftovers
|turn|20
|
|move|p2a: Thundurus|Thunder Wave|p1a: Blaze of Glory
|-status|p1a: Blaze of Glory|par
|move|p1a: Blaze of Glory|Roost|p1a: Blaze of Glory
|-heal|p1a: Blaze of Glory|359\/359 par
|
|-heal|p2a: Thundurus|261\/299|[from] item: Leftovers
|turn|21
|c|★Brandonna|OH
|c|★Brandonna|THEYRE ALL SONGS
|c|★Brandonna|i see you
|c|★Jon Bovi|:)
|
|switch|p2a: Tyranitar|Tyranitar, F|404\/404
|-damage|p2a: Tyranitar|354\/404|[from] Stealth Rock
|-weather|Sandstorm
|switch|p1a: Livin on a Prayer|Donphan, M|174\/384
|
|-weather|Sandstorm|[upkeep]
|-heal|p2a: Tyranitar|379\/404|[from] item: Leftovers
|-heal|p1a: Livin on a Prayer|198\/384|[from] item: Leftovers
|turn|22
|
|move|p2a: Tyranitar|Crunch|p1a: Livin on a Prayer
|-damage|p1a: Livin on a Prayer|87\/384
|-unboost|p1a: Livin on a Prayer|def|1
|move|p1a: Livin on a Prayer|Earthquake|p2a: Tyranitar
|-supereffective|p2a: Tyranitar
|-damage|p2a: Tyranitar|97\/404
|
|-weather|Sandstorm|[upkeep]
|-heal|p2a: Tyranitar|122\/404|[from] item: Leftovers
|-heal|p1a: Livin on a Prayer|111\/384|[from] item: Leftovers
|turn|23
|c|★Brandonna|what do you against cm clefable?
|
|switch|p1a: Clefable|Clefable, M|394\/394
|move|p2a: Tyranitar|Stealth Rock|p1a: Clefable
|-sidestart|p1: Jon Bovi|move: Stealth Rock
|
|-weather|Sandstorm|[upkeep]
|-heal|p2a: Tyranitar|147\/404|[from] item: Leftovers
|turn|24
|c|★Brandonna|it looks like it could do work on your team
|c|★Jon Bovi|It's not my original team haha
|c|★Jon Bovi|just made it yesterday
|c|★Jon Bovi|and ur right, I'll find a way
|c|★Brandonna|oh cool
|c|★Jon Bovi|azumarill hurts clef able a lot
|c|★Brandonna|iron head choice banded ferrothorn :P
|c|★Jon Bovi|and I have other technics
|c|★Brandonna|before it gets one shot by flamethrower
|c|★Jon Bovi|hahahahaha
|
|move|p2a: Tyranitar|Stone Edge|p1a: Clefable
|-damage|p1a: Clefable|261\/394
|move|p1a: Clefable|Thunder Wave|p2a: Tyranitar
|-status|p2a: Tyranitar|par
|
|-weather|Sandstorm|[upkeep]
|-heal|p1a: Clefable|285\/394|[from] item: Leftovers
|-heal|p2a: Tyranitar|172\/404 par|[from] item: Leftovers
|turn|25
|c|★Jon Bovi|T wave
|c|★Jon Bovi|clefable
|c|★Jon Bovi|donphan out speeds clef able and hurts with EQ
|c|★Brandonna|true
|
|switch|p2a: Azumarill|Azumarill, F|353\/403 brn
|-damage|p2a: Azumarill|303\/403 brn|[from] Stealth Rock
|move|p1a: Clefable|Moonblast|p2a: Azumarill
|-damage|p2a: Azumarill|215\/403 brn
|-unboost|p2a: Azumarill|spa|1
|
|-weather|none
|-heal|p1a: Clefable|309\/394|[from] item: Leftovers
|-damage|p2a: Azumarill|165\/403 brn|[from] brn
|turn|26
|c|★Brandonna|its max speed donphan?
|c|★Jon Bovi|No no haha, donphan outspeeds after t wave
|
|move|p1a: Clefable|Soft-Boiled|p1a: Clefable
|-heal|p1a: Clefable|394\/394
|move|p2a: Azumarill|Knock Off|p1a: Clefable
|-resisted|p1a: Clefable
|-damage|p1a: Clefable|363\/394
|-enditem|p1a: Clefable|Leftovers|[from] move: Knock Off|[of] p2a: Azumarill
|
|-damage|p2a: Azumarill|115\/403 brn|[from] brn
|turn|27
|c|★Jon Bovi|I'm already crazy enough to use donphan, I won't put max speed on it haha
|
|move|p1a: Clefable|Soft-Boiled|p1a: Clefable
|-heal|p1a: Clefable|394\/394
|move|p2a: Azumarill|Knock Off|p1a: Clefable
|-resisted|p1a: Clefable
|-damage|p1a: Clefable|374\/394
|
|-damage|p2a: Azumarill|65\/403 brn|[from] brn
|turn|28
|c|★Brandonna|just enoujgh to beat 60s :P
|
|move|p1a: Clefable|Moonblast|p2a: Azumarill
|-damage|p2a: Azumarill|0 fnt
|faint|p2a: Azumarill
|
|c|★Jon Bovi|I prefer the extra bulk
|
|switch|p2a: Thundurus|Thundurus, M|261\/299
|-damage|p2a: Thundurus|187\/299|[from] Stealth Rock
|turn|29
|c|★Jon Bovi|Wish they would have made mega donphan
|c|★Brandonna|what would it be
|
|move|p2a: Thundurus|Thunder Wave|p1a: Clefable
|-status|p1a: Clefable|par
|move|p1a: Clefable|Heal Bell|p1a: Clefable
|-cureteam|p1a: Clefable|[from] move: HealBell
|
|-heal|p2a: Thundurus|205\/299|[from] item: Leftovers
|turn|30
|c|★Brandonna|a big elephabnt?
|c|★Jon Bovi|Yeah haha
|c|★Brandonna|get tough claws
|
|move|p2a: Thundurus|Thunder Wave|p1a: Clefable
|-status|p1a: Clefable|par
|move|p1a: Clefable|Moonblast|p2a: Thundurus
|-damage|p2a: Thundurus|73\/299
|
|-heal|p2a: Thundurus|91\/299|[from] item: Leftovers
|turn|31
|c|★Brandonna|or tough tusks
|c|★Jon Bovi|Increased speed and special d
|
|move|p2a: Thundurus|Nasty Plot|p2a: Thundurus
|-boost|p2a: Thundurus|spa|2
|cant|p1a: Clefable|par
|
|-heal|p2a: Thundurus|109\/299|[from] item: Leftovers
|turn|32
|
|move|p2a: Thundurus|Thunderbolt|p1a: Clefable
|-damage|p1a: Clefable|62\/394 par
|cant|p1a: Clefable|par
|
|-heal|p2a: Thundurus|127\/299|[from] item: Leftovers
|turn|33
|
|move|p2a: Thundurus|Hidden Power|p1a: Clefable
|-crit|p1a: Clefable
|-damage|p1a: Clefable|0 fnt
|faint|p1a: Clefable
|
|-heal|p2a: Thundurus|145\/299|[from] item: Leftovers
|c|★Brandonna|thats an unlucky clef
|c|★Jon Bovi|:\/
|
|switch|p1a: Livin on a Prayer|Donphan, M|111\/384
|-damage|p1a: Livin on a Prayer|87\/384|[from] Stealth Rock
|turn|34
|
|move|p1a: Livin on a Prayer|Ice Shard|p2a: Thundurus
|-supereffective|p2a: Thundurus
|-damage|p2a: Thundurus|17\/299
|move|p2a: Thundurus|Hidden Power|p1a: Livin on a Prayer
|-supereffective|p1a: Livin on a Prayer
|-damage|p1a: Livin on a Prayer|0 fnt
|faint|p1a: Livin on a Prayer
|
|-heal|p2a: Thundurus|35\/299|[from] item: Leftovers
|
|switch|p1a: U Giv Luv aBad Nam|Azumarill, M|351\/401
|-damage|p1a: U Giv Luv aBad Nam|301\/401|[from] Stealth Rock
|turn|35
|
|move|p2a: Thundurus|Thunder Wave|p1a: U Giv Luv aBad Nam
|-status|p1a: U Giv Luv aBad Nam|par
|move|p1a: U Giv Luv aBad Nam|Aqua Jet|p2a: Thundurus
|-damage|p2a: Thundurus|0 fnt
|faint|p2a: Thundurus
|
|
|switch|p2a: Altaria|Altaria-Mega, M|308\/353 brn
|-damage|p2a: Altaria|264\/353 brn|[from] Stealth Rock
|turn|36
|
|move|p2a: Altaria|Hyper Voice|p1a: U Giv Luv aBad Nam
|-crit|p1a: U Giv Luv aBad Nam
|-damage|p1a: U Giv Luv aBad Nam|132\/401 par
|move|p1a: U Giv Luv aBad Nam|Play Rough|p2a: Altaria
|-supereffective|p2a: Altaria
|-damage|p2a: Altaria|12\/353 brn
|
|-damage|p2a: Altaria|0 fnt|[from] brn
|faint|p2a: Altaria
|
|switch|p2a: Zygarde|Zygarde|357\/357
|-damage|p2a: Zygarde|335\/357|[from] Stealth Rock
|-ability|p2a: Zygarde|Aura Break
|turn|37
|
|move|p2a: Zygarde|Earthquake|p1a: U Giv Luv aBad Nam
|-damage|p1a: U Giv Luv aBad Nam|0 fnt
|faint|p1a: U Giv Luv aBad Nam
|
|
|switch|p1a: Wanted DeadAlive|Mandibuzz, F|423\/423
|-damage|p1a: Wanted DeadAlive|318\/423|[from] Stealth Rock
|turn|38
|
|switch|p2a: Tyranitar|Tyranitar, F|172\/404 par
|-damage|p2a: Tyranitar|122\/404 par|[from] Stealth Rock
|-weather|Sandstorm
|move|p1a: Wanted DeadAlive|Toxic|p2a: Tyranitar
|-fail|p2a: Tyranitar
|
|-weather|Sandstorm|[upkeep]
|-heal|p1a: Wanted DeadAlive|344\/423|[from] item: Leftovers
|-heal|p2a: Tyranitar|147\/404 par|[from] item: Leftovers
|turn|39
|
|switch|p1a: Ferrothorn|Ferrothorn, F|62\/352
|-damage|p1a: Ferrothorn|40\/352|[from] Stealth Rock
|cant|p2a: Tyranitar|par
|
|-weather|Sandstorm|[upkeep]
|-heal|p1a: Ferrothorn|62\/352|[from] item: Leftovers
|-heal|p2a: Tyranitar|172\/404 par|[from] item: Leftovers
|turn|40
|
|move|p1a: Ferrothorn|Power Whip|p2a: Tyranitar
|-supereffective|p2a: Tyranitar
|-damage|p2a: Tyranitar|0 fnt
|faint|p2a: Tyranitar
|
|-weather|Sandstorm|[upkeep]
|-heal|p1a: Ferrothorn|84\/352|[from] item: Leftovers
|
|switch|p2a: Zygarde|Zygarde|335\/357
|-damage|p2a: Zygarde|313\/357|[from] Stealth Rock
|-ability|p2a: Zygarde|Aura Break
|turn|41
|
|move|p2a: Zygarde|Dragon Dance|p2a: Zygarde
|-boost|p2a: Zygarde|atk|1
|-boost|p2a: Zygarde|spe|1
|move|p1a: Ferrothorn|Leech Seed|p2a: Zygarde
|-start|p2a: Zygarde|move: Leech Seed
|
|-weather|Sandstorm|[upkeep]
|-heal|p1a: Ferrothorn|106\/352|[from] item: Leftovers
|-damage|p2a: Zygarde|269\/357|[from] Leech Seed|[of] p1a: Ferrothorn
|-heal|p1a: Ferrothorn|150\/352|[silent]
|turn|42
|
|move|p2a: Zygarde|Earthquake|p1a: Ferrothorn
|-damage|p1a: Ferrothorn|0 fnt
|faint|p1a: Ferrothorn
|
|-weather|none
|
|switch|p1a: Wanted DeadAlive|Mandibuzz, F|344\/423
|-damage|p1a: Wanted DeadAlive|239\/423|[from] Stealth Rock
|turn|43
|c|★Jon Bovi|Plz
|c|★Brandonna|PLZ
|
|move|p2a: Zygarde|Outrage|p1a: Wanted DeadAlive
|-crit|p1a: Wanted DeadAlive
|-damage|p1a: Wanted DeadAlive|0 fnt
|faint|p1a: Wanted DeadAlive
|
|c|★Brandonna|:O
|c|★Jon Bovi|NOOO
|c|★Jon Bovi|Omg
|
|switch|p1a: Blaze of Glory|Charizard-Mega-X, M|359\/359
|-damage|p1a: Blaze of Glory|270\/359|[from] Stealth Rock
|turn|44
|c|★Jon Bovi|this is why I fucken hate this game
|c|★Jon Bovi|fucken shit
|c|★Jon Bovi|im so pissed
|c|★Brandonna|+1 0- Atk Mandibuzz Foul Play vs. 4 HP \/ 0 Def Zygarde: 181-214 (50.5 - 59.7%) -- guaranteed 2HKO a roll in your favor D:
|
|move|p2a: Zygarde|Outrage|p1a: Blaze of Glory
|-crit|p1a: Blaze of Glory
|-supereffective|p1a: Blaze of Glory
|-damage|p1a: Blaze of Glory|0 fnt
|faint|p1a: Blaze of Glory
|
|win|Brandonna
|raw|Ladder updating...
|raw|Jon Bovi's rating: 1684 &rarr; <strong>1660<\/strong><br \/>(-24 for losing)
|raw|Brandonna's rating: 1625 &rarr; <strong>1649<\/strong><br \/>(+24 for winning)
|c|★Brandonna|woww
|c|★Brandonna|maybe you should play some chess, no hax in that
|c|★Brandonna|i do it when i get haxed to death
|c|★Brandonna|i suck at chess tho
|c|★Jon Bovi|Haha
|c|★Jon Bovi|cya around
|c|★Brandonna|cya
|c|★Jon Bovi|nice meeting u
|c|★Brandonna|jon bovi!!
|c|★Brandonna|you too famous man