|join|OG_Wanka
|join|st123
|player|p1|OG_Wanka|52
|player|p2|st123|153
|gametype|singles
|gen|6
|tier|UU
|rule|Sleep Clause Mod: Limit one foe put to sleep
|rule|Species Clause: Limit one of each Pokémon
|rule|OHKO Clause: OHKO moves are banned
|rule|Moody Clause: Moody is banned
|rule|Evasion Moves Clause: Evasion moves are banned
|rule|Endless Battle Clause: Forcing endless battles is banned
|rule|HP Percentage Mod: HP is shown in percentages
|clearpoke
|poke|p1|Vaporeon, F
|poke|p1|Rotom-Heat
|poke|p1|Crobat, M
|poke|p1|Cobalion
|poke|p1|Hydreigon, F
|poke|p1|Whimsicott, F
|poke|p2|Alakazam, F
|poke|p2|Mienshao, M
|poke|p2|Magneton
|poke|p2|Hydreigon, M
|poke|p2|Gligar, F
|poke|p2|Vaporeon, M
|rule|Swagger Clause: Swagger is banned
|rule|Baton Pass Clause: Limit one Pokémon knowing Baton Pass
|teampreview
|join|Pushgalv
|join|very fgt
|join|qsxw
|join|Fishstix
|
|start
|switch|p1a: Crobat|Crobat, M|355\/355
|switch|p2a: Mienshao|Mienshao, M|271\/271
|turn|1
|join|Picklekingx2
|
|move|p2a: Mienshao|U-turn|p1a: Crobat
|-resisted|p1a: Crobat
|-damage|p1a: Crobat|332\/355
|c| Fishstix|so guys what exactly is a dark horse team?
|
|switch|p2a: Magneton|Magneton|242\/242
|move|p1a: Crobat|Brave Bird|p2a: Magneton
|-resisted|p2a: Magneton
|-damage|p2a: Magneton|218\/242
|-damage|p1a: Crobat|324\/355|[from] recoil|[of] p2a: Magneton
|
|-heal|p1a: Crobat|346\/355|[from] item: Black Sludge
|turn|2
|join|Dad's Dad
|c|★OG_Wanka|ask a mod
|join|Nervous System
|join|snowy1213
|
|move|p1a: Crobat|U-turn|p2a: Magneton
|-resisted|p2a: Magneton
|-damage|p2a: Magneton|197\/242
|c| snowy1213|reveal heat wave crobat
|
|switch|p1a: dinners ready|Rotom-Heat|304\/304
|move|p2a: Magneton|Volt Switch|p1a: dinners ready
|-resisted|p1a: dinners ready
|-damage|p1a: dinners ready|244\/304
|c| Picklekingx2|probably a tem that isnt really well
|c|★st123|thatd be a dead crobat
|
|switch|p2a: Hydreigon|Hydreigon, M|325\/325
|
|-heal|p1a: dinners ready|263\/304|[from] item: Leftovers
|turn|3
|c| snowy1213|True
|c| Picklekingx2|with the metagame
|
|move|p2a: Hydreigon|Dark Pulse|p1a: dinners ready
|-crit|p1a: dinners ready
|-damage|p1a: dinners ready|84\/304
|-damage|p2a: Hydreigon|293\/325|[from] item: Life Orb
|move|p1a: dinners ready|Pain Split|p2a: Hydreigon
|-sethp|p2a: Hydreigon|188\/325|p1a: dinners ready|188\/304|[from] move: Pain Split
|
|-heal|p1a: dinners ready|207\/304|[from] item: Leftovers
|turn|4
|
|switch|p1a: Cobalion|Cobalion|386\/386
|move|p2a: Hydreigon|Draco Meteor|p1a: Cobalion
|-resisted|p1a: Cobalion
|-damage|p1a: Cobalion|165\/386
|-unboost|p2a: Hydreigon|spa|2
|-damage|p2a: Hydreigon|156\/325|[from] item: Life Orb
|
|-heal|p1a: Cobalion|189\/386|[from] item: Leftovers
|turn|5
|
|switch|p2a: Gligar|Gligar, F|333\/333
|move|p1a: Cobalion|Close Combat|p2a: Gligar
|-resisted|p2a: Gligar
|-damage|p2a: Gligar|294\/333
|-unboost|p1a: Cobalion|def|1
|-unboost|p1a: Cobalion|spd|1
|
|-heal|p1a: Cobalion|213\/386|[from] item: Leftovers
|turn|6
|c| Picklekingx2|like using pikachu in ubers
|join|poopyhead swag
|c| Picklekingx2|i think
|
|switch|p1a: Crobat|Crobat, M|346\/355
|move|p2a: Gligar|Stealth Rock|p1a: Crobat
|-sidestart|p1: OG_Wanka|move: Stealth Rock
|
|-heal|p1a: Crobat|355\/355|[from] item: Black Sludge
|turn|7
|join|specs umbreon
|c|★st123|anything under 4% usage is comsidered a dark horse poke
|
|move|p1a: Crobat|Defog|p2a: Gligar
|-unboost|p2a: Gligar|evasion|1
|-sideend|p1: OG_Wanka|Stealth Rock|[from] move: Defog|[of] p1a: Crobat
|move|p2a: Gligar|U-turn|p1a: Crobat
|-resisted|p1a: Crobat
|-damage|p1a: Crobat|342\/355
|
|switch|p2a: Magneton|Magneton|197\/242
|
|-heal|p1a: Crobat|355\/355|[from] item: Black Sludge
|turn|8
|
|move|p1a: Crobat|U-turn|p2a: Magneton
|-resisted|p2a: Magneton
|-damage|p2a: Magneton|179\/242
|leave|Picklekingx2
|
|switch|p1a: dinners ready|Rotom-Heat|207\/304
|move|p2a: Magneton|Volt Switch|p1a: dinners ready
|-resisted|p1a: dinners ready
|-damage|p1a: dinners ready|147\/304
|
|switch|p2a: Mienshao|Mienshao, M|271\/271
|
|-heal|p1a: dinners ready|166\/304|[from] item: Leftovers
|turn|9
|
|switch|p1a: Crobat|Crobat, M|355\/355
|move|p2a: Mienshao|U-turn|p1a: Crobat
|-resisted|p1a: Crobat
|-damage|p1a: Crobat|332\/355
|c|★OG_Wanka|stop it
|
|switch|p2a: Magneton|Magneton|179\/242
|
|-heal|p1a: Crobat|354\/355|[from] item: Black Sludge
|turn|10
|c|★OG_Wanka|your destroying me
|c|★st123|this team appears to be heat weak
|
|switch|p1a: Hydreigon|Hydreigon, F|325\/325
|move|p2a: Magneton|Volt Switch|p1a: Hydreigon
|-resisted|p1a: Hydreigon
|-damage|p1a: Hydreigon|227\/325
|
|switch|p2a: Alakazam|Alakazam, F|252\/252
|
|turn|11
|
|switch|p2a: Gligar|Gligar, F|294\/333
|switch|p1a: sea god|Vaporeon, F|464\/464
|
|turn|12
|
|move|p2a: Gligar|Stealth Rock|p1a: sea god
|-sidestart|p1: OG_Wanka|move: Stealth Rock
|move|p1a: sea god|Scald|p2a: Gligar
|-supereffective|p2a: Gligar
|-damage|p2a: Gligar|166\/333
|-status|p2a: Gligar|brn
|
|-damage|p2a: Gligar|125\/333 brn|[from] brn
|turn|13
|join|SuperSawgy
|
|move|p2a: Gligar|U-turn|p1a: sea god
|-damage|p1a: sea god|441\/464
|
|switch|p2a: Vaporeon|Vaporeon, M|449\/449
|move|p1a: sea god|Wish|p1a: sea god
|
|-heal|p1a: sea god|464\/464|[from] item: Leftovers
|turn|14
|
|switch|p1a: Crobat|Crobat, M|354\/355
|-damage|p1a: Crobat|266\/355|[from] Stealth Rock
|move|p2a: Vaporeon|Roar|p1a: Crobat
|drag|p1a: Hydreigon|Hydreigon, F|227\/325
|-damage|p1a: Hydreigon|187\/325|[from] Stealth Rock
|
|-heal|p1a: Hydreigon|325\/325|[from] move: Wish|[wisher] sea god
|turn|15
|
|move|p1a: Hydreigon|Draco Meteor|p2a: Vaporeon
|-damage|p2a: Vaporeon|196\/449
|-unboost|p1a: Hydreigon|spa|2
|-damage|p1a: Hydreigon|293\/325|[from] item: Life Orb
|move|p2a: Vaporeon|Wish|p2a: Vaporeon
|
|-heal|p2a: Vaporeon|224\/449|[from] item: Leftovers
|turn|16
|
|switch|p1a: Crobat|Crobat, M|266\/355
|-damage|p1a: Crobat|178\/355|[from] Stealth Rock
|switch|p2a: Gligar|Gligar, F|125\/333 brn
|
|-heal|p2a: Gligar|333\/333 brn|[from] move: Wish|[wisher] Vaporeon
|-heal|p1a: Crobat|200\/355|[from] item: Black Sludge
|-damage|p2a: Gligar|292\/333 brn|[from] brn
|turn|17
|
|move|p1a: Crobat|Defog|p2a: Gligar
|-unboost|p2a: Gligar|evasion|1
|-sideend|p1: OG_Wanka|Stealth Rock|[from] move: Defog|[of] p1a: Crobat
|move|p2a: Gligar|U-turn|p1a: Crobat
|-resisted|p1a: Crobat
|-damage|p1a: Crobat|194\/355
|
|switch|p2a: Magneton|Magneton|179\/242
|
|-heal|p1a: Crobat|216\/355|[from] item: Black Sludge
|turn|18
|leave|Fishstix
|join|shinra sux
|
|switch|p1a: dinners ready|Rotom-Heat|166\/304
|move|p2a: Magneton|Volt Switch|p1a: dinners ready
|-resisted|p1a: dinners ready
|-damage|p1a: dinners ready|112\/304
|
|switch|p2a: Hydreigon|Hydreigon, M|156\/325
|
|-heal|p1a: dinners ready|131\/304|[from] item: Leftovers
|turn|19
|join|Fishstix
|leave|snowy1213
|
|switch|p1a: sea god|Vaporeon, F|464\/464
|move|p2a: Hydreigon|Draco Meteor|p1a: sea god
|-damage|p1a: sea god|168\/464
|-unboost|p2a: Hydreigon|spa|2
|-damage|p2a: Hydreigon|124\/325|[from] item: Life Orb
|
|-heal|p1a: sea god|197\/464|[from] item: Leftovers
|turn|20
|
|switch|p2a: Mienshao|Mienshao, M|271\/271
|move|p1a: sea god|Wish|p1a: sea god
|
|-heal|p1a: sea god|226\/464|[from] item: Leftovers
|turn|21
|
|move|p1a: sea god|Protect|p1a: sea god
|-singleturn|p1a: sea god|Protect
|move|p2a: Mienshao|Knock Off|p1a: sea god
|-activate|p1a: sea god|Protect
|
|-heal|p1a: sea god|458\/464|[from] move: Wish|[wisher] sea god
|-heal|p1a: sea god|464\/464|[from] item: Leftovers
|turn|22
|
|switch|p2a: Vaporeon|Vaporeon, M|224\/449
|move|p1a: sea god|Scald|p2a: Vaporeon
|-heal|p2a: Vaporeon|336\/449|[from] ability: Water Absorb|[of] p1a: sea god
|
|-heal|p2a: Vaporeon|364\/449|[from] item: Leftovers
|turn|23
|
|move|p2a: Vaporeon|Wish|p2a: Vaporeon
|move|p1a: sea god|Wish|p1a: sea god
|
|-heal|p2a: Vaporeon|392\/449|[from] item: Leftovers
|turn|24
|
|switch|p1a: dinners ready|Rotom-Heat|131\/304
|switch|p2a: Magneton|Magneton|179\/242
|
|-heal|p2a: Magneton|242\/242|[from] move: Wish|[wisher] Vaporeon
|-heal|p1a: dinners ready|304\/304|[from] move: Wish|[wisher] sea god
|turn|25
|join|ChameArt
|leave|ChameArt
|
|move|p2a: Magneton|Volt Switch|p1a: dinners ready
|-resisted|p1a: dinners ready
|-damage|p1a: dinners ready|256\/304
|
|switch|p2a: Gligar|Gligar, F|292\/333 brn
|move|p1a: dinners ready|Will-O-Wisp|p2a: Gligar|[miss]
|-miss|p1a: dinners ready|p2a: Gligar
|
|-heal|p1a: dinners ready|275\/304|[from] item: Leftovers
|-damage|p2a: Gligar|251\/333 brn|[from] brn
|turn|26
|
|move|p2a: Gligar|Stealth Rock|p1a: dinners ready
|-sidestart|p1: OG_Wanka|move: Stealth Rock
|move|p1a: dinners ready|Overheat|p2a: Gligar
|-damage|p2a: Gligar|145\/333 brn
|-unboost|p1a: dinners ready|spa|2
|
|-heal|p1a: dinners ready|294\/304|[from] item: Leftovers
|-damage|p2a: Gligar|104\/333 brn|[from] brn
|turn|27
|
|move|p2a: Gligar|U-turn|p1a: dinners ready
|-resisted|p1a: dinners ready
|-damage|p1a: dinners ready|283\/304
|
|switch|p2a: Hydreigon|Hydreigon, M|124\/325
|move|p1a: dinners ready|Volt Switch|p2a: Hydreigon
|-resisted|p2a: Hydreigon
|-damage|p2a: Hydreigon|100\/325
|leave|qsxw
|
|switch|p1a: Whimsicott|Whimsicott, F|261\/261
|-damage|p1a: Whimsicott|229\/261|[from] Stealth Rock
|
|-heal|p1a: Whimsicott|245\/261|[from] item: Leftovers
|turn|28
|
|switch|p2a: Magneton|Magneton|242\/242
|move|p1a: Whimsicott|U-turn|p2a: Magneton
|-resisted|p2a: Magneton
|-damage|p2a: Magneton|226\/242
|
|switch|p1a: dinners ready|Rotom-Heat|283\/304
|-damage|p1a: dinners ready|207\/304|[from] Stealth Rock
|
|-heal|p1a: dinners ready|226\/304|[from] item: Leftovers
|turn|29
|
|move|p2a: Magneton|Volt Switch|p1a: dinners ready
|-resisted|p1a: dinners ready
|-damage|p1a: dinners ready|184\/304
|
|switch|p2a: Vaporeon|Vaporeon, M|392\/449
|move|p1a: dinners ready|Overheat|p2a: Vaporeon
|-resisted|p2a: Vaporeon
|-damage|p2a: Vaporeon|317\/449
|-unboost|p1a: dinners ready|spa|2
|
|-heal|p1a: dinners ready|203\/304|[from] item: Leftovers
|-heal|p2a: Vaporeon|345\/449|[from] item: Leftovers
|turn|30
|leave|Fishstix
|
|move|p1a: dinners ready|Will-O-Wisp|p2a: Vaporeon
|-status|p2a: Vaporeon|brn
|move|p2a: Vaporeon|Scald|p1a: dinners ready
|-supereffective|p1a: dinners ready
|-damage|p1a: dinners ready|59\/304
|
|-heal|p1a: dinners ready|78\/304|[from] item: Leftovers
|-heal|p2a: Vaporeon|373\/449 brn|[from] item: Leftovers
|-damage|p2a: Vaporeon|317\/449 brn|[from] brn
|turn|31
|
|switch|p2a: Hydreigon|Hydreigon, M|100\/325
|move|p1a: dinners ready|Pain Split|p2a: Hydreigon
|-sethp|p2a: Hydreigon|89\/325|p1a: dinners ready|89\/304|[from] move: Pain Split
|
|-heal|p1a: dinners ready|108\/304|[from] item: Leftovers
|turn|32
|join|Mega Luffy
|join|roast toast
|c|★OG_Wanka|holy shit do you know every damn move im making
|c|★OG_Wanka|lkke jeez
|
|move|p2a: Hydreigon|Roost|p2a: Hydreigon
|-heal|p2a: Hydreigon|252\/325
|move|p1a: dinners ready|Overheat|p2a: Hydreigon
|-resisted|p2a: Hydreigon
|-damage|p2a: Hydreigon|210\/325
|-unboost|p1a: dinners ready|spa|2
|
|-heal|p1a: dinners ready|127\/304|[from] item: Leftovers
|turn|33
|leave|SuperSawgy
|
|move|p2a: Hydreigon|Draco Meteor|p1a: dinners ready
|-damage|p1a: dinners ready|0 fnt
|-unboost|p2a: Hydreigon|spa|2
|-damage|p2a: Hydreigon|178\/325|[from] item: Life Orb
|faint|p1a: dinners ready
|
|
|switch|p1a: Cobalion|Cobalion|213\/386
|-damage|p1a: Cobalion|201\/386|[from] Stealth Rock
|turn|34
|
|move|p1a: Cobalion|Volt Switch|p2a: Hydreigon
|-resisted|p2a: Hydreigon
|-damage|p2a: Hydreigon|151\/325
|
|switch|p1a: Crobat|Crobat, M|216\/355
|-damage|p1a: Crobat|128\/355|[from] Stealth Rock
|move|p2a: Hydreigon|Superpower|p1a: Crobat
|-resisted|p1a: Crobat
|-damage|p1a: Crobat|90\/355
|-unboost|p2a: Hydreigon|atk|1
|-unboost|p2a: Hydreigon|def|1
|-damage|p2a: Hydreigon|119\/325|[from] item: Life Orb
|
|-heal|p1a: Crobat|112\/355|[from] item: Black Sludge
|turn|35
|
|switch|p2a: Magneton|Magneton|226\/242
|move|p1a: Crobat|Roost|p1a: Crobat
|-heal|p1a: Crobat|290\/355
|
|-heal|p1a: Crobat|312\/355|[from] item: Black Sludge
|turn|36
|
|move|p1a: Crobat|Roost|p1a: Crobat
|-heal|p1a: Crobat|355\/355
|move|p2a: Magneton|Thunderbolt|p1a: Crobat
|-damage|p1a: Crobat|105\/355
|
|-heal|p1a: Crobat|127\/355|[from] item: Black Sludge
|turn|37
|
|move|p1a: Crobat|Defog|p2a: Magneton
|-unboost|p2a: Magneton|evasion|1
|-sideend|p1: OG_Wanka|Stealth Rock|[from] move: Defog|[of] p1a: Crobat
|move|p2a: Magneton|Thunderbolt|p1a: Crobat
|-supereffective|p1a: Crobat
|-damage|p1a: Crobat|0 fnt
|faint|p1a: Crobat
|
|
|switch|p1a: Hydreigon|Hydreigon, F|293\/325
|turn|38
|
|switch|p2a: Vaporeon|Vaporeon, M|317\/449 brn
|move|p1a: Hydreigon|Dark Pulse|p2a: Vaporeon
|-damage|p2a: Vaporeon|156\/449 brn
|-damage|p1a: Hydreigon|261\/325|[from] item: Life Orb
|
|-heal|p2a: Vaporeon|184\/449 brn|[from] item: Leftovers
|-damage|p2a: Vaporeon|128\/449 brn|[from] brn
|turn|39
|
|move|p1a: Hydreigon|Draco Meteor|p2a: Vaporeon
|-damage|p2a: Vaporeon|0 fnt
|-unboost|p1a: Hydreigon|spa|2
|-damage|p1a: Hydreigon|229\/325|[from] item: Life Orb
|faint|p2a: Vaporeon
|
|
|switch|p2a: Alakazam|Alakazam, F|252\/252
|turn|40
|
|switch|p1a: sea god|Vaporeon, F|464\/464
|move|p2a: Alakazam|Dazzling Gleam|p1a: sea god
|-damage|p1a: sea god|343\/464
|
|-heal|p1a: sea god|372\/464|[from] item: Leftovers
|turn|41
|join|argetfur
|
|move|p2a: Alakazam|Calm Mind|p2a: Alakazam
|-boost|p2a: Alakazam|spa|1
|-boost|p2a: Alakazam|spd|1
|move|p1a: sea god|Wish|p1a: sea god
|
|-heal|p1a: sea god|401\/464|[from] item: Leftovers
|turn|42
|
|move|p2a: Alakazam|Calm Mind|p2a: Alakazam
|-boost|p2a: Alakazam|spa|1
|-boost|p2a: Alakazam|spd|1
|move|p1a: sea god|Scald|p2a: Alakazam
|-damage|p2a: Alakazam|197\/252
|
|-heal|p1a: sea god|464\/464|[from] move: Wish|[wisher] sea god
|turn|43
|leave|argetfur
|
|move|p1a: sea god|Protect|p1a: sea god
|-singleturn|p1a: sea god|Protect
|move|p2a: Alakazam|Psyshock|p1a: sea god
|-activate|p1a: sea god|Protect
|
|turn|44
|
|switch|p1a: Hydreigon|Hydreigon, F|229\/325
|move|p2a: Alakazam|Psyshock|p1a: Hydreigon
|-immune|p1a: Hydreigon|[msg]
|
|turn|45
|
|move|p2a: Alakazam|Dazzling Gleam|p1a: Hydreigon
|-supereffective|p1a: Hydreigon
|-damage|p1a: Hydreigon|0 fnt
|faint|p1a: Hydreigon
|
|
|switch|p1a: Whimsicott|Whimsicott, F|245\/261
|turn|46
|
|move|p1a: Whimsicott|Encore|p2a: Alakazam
|-start|p2a: Alakazam|Encore
|move|p2a: Alakazam|Dazzling Gleam|p1a: Whimsicott
|-damage|p1a: Whimsicott|0 fnt
|faint|p1a: Whimsicott
|
|
|switch|p1a: sea god|Vaporeon, F|464\/464
|turn|47
|
|move|p2a: Alakazam|Dazzling Gleam|p1a: sea god
|-damage|p1a: sea god|204\/464
|move|p1a: sea god|Scald|p2a: Alakazam
|-damage|p2a: Alakazam|146\/252
|
|-heal|p1a: sea god|233\/464|[from] item: Leftovers
|turn|48
|
|move|p1a: sea god|Protect|p1a: sea god
|-singleturn|p1a: sea god|Protect
|move|p2a: Alakazam|Dazzling Gleam|p1a: sea god
|-activate|p1a: sea god|Protect
|
|-heal|p1a: sea god|262\/464|[from] item: Leftovers
|-end|p2a: Alakazam|Encore
|turn|49
|c|★OG_Wanka|gg
|c|★st123|gg
|
|move|p2a: Alakazam|Psyshock|p1a: sea god
|-damage|p1a: sea god|0 fnt
|faint|p1a: sea god
|
|
|switch|p1a: Cobalion|Cobalion|201\/386
|turn|50
|c| Nervous System|reckt.
|c|★OG_Wanka|alright
|c|★st123|can only imagine what megazam could do lol
|join|ChameArt
|c|★OG_Wanka|i agree i got beat but
|leave|Nervous System
|c|★OG_Wanka|you guys cheer me on and when i lose yall hate -_-
|join|Nervous System
|
|move|p2a: Alakazam|Psyshock|p1a: Cobalion
|-damage|p1a: Cobalion|0 fnt
|faint|p1a: Cobalion
|
|win|st123
|leave|OG_Wanka
|player|p1
|c|★st123|no one likes to root against me srry =\/
|leave|Mega Luffy
|leave|st123
|player|p2
|leave|ChameArt