|join|OG_Wanka
|join|Etika Fan
|player|p1|OG_Wanka|92
|player|p2|Etika Fan|169
|gametype|singles
|gen|6
|tier|UU
|rule|Sleep Clause Mod: Limit one foe put to sleep
|rule|Species Clause: Limit one of each Pokémon
|rule|OHKO Clause: OHKO moves are banned
|rule|Moody Clause: Moody is banned
|rule|Evasion Moves Clause: Evasion moves are banned
|rule|Endless Battle Clause: Forcing endless battles is banned
|rule|HP Percentage Mod: HP is shown in percentages
|clearpoke
|poke|p1|Azelf, shiny
|poke|p1|Mienshao, F, shiny
|poke|p1|Absol, M, shiny
|poke|p1|Nidoking, M
|poke|p1|Shaymin
|poke|p1|Victini
|poke|p2|Galvantula, M
|poke|p2|Suicune, shiny
|poke|p2|Victini
|poke|p2|Toxicroak, F
|poke|p2|Absol, F
|poke|p2|Trevenant, M
|rule|Swagger Clause: Swagger is banned
|rule|Baton Pass Clause: Limit one Pokémon knowing Baton Pass
|teampreview
|chat|OG_Wanka|gl fren
|chat|Etika Fan|Yes! Firs match of this tourny
|chat|Etika Fan|thanks u too :]
|chat|OG_Wanka|i cant take you lightly anymore youve gotten a lot better i must say
|chat|Etika Fan|thanks and ima try then
|
|start
|switch|p1a: Azelf|Azelf, shiny|291\/291
|switch|p2a: Galvantula|Galvantula, M|282\/282
|turn|1
|
|move|p1a: Azelf|Taunt|p2a: Galvantula
|-start|p2a: Galvantula|move: Taunt
|move|p2a: Galvantula|Bug Buzz|p1a: Azelf
|-supereffective|p1a: Azelf
|-enditem|p1a: Azelf|Focus Sash
|-damage|p1a: Azelf|1\/291
|-unboost|p1a: Azelf|spd|1
|
|turn|2
|
|move|p1a: Azelf|Explosion|p2a: Galvantula
|-enditem|p2a: Galvantula|Focus Sash
|-damage|p2a: Galvantula|1\/282
|faint|p1a: Azelf
|move|p2a: Galvantula|Bug Buzz|p1: Azelf|[notarget]
|-notarget
|
|
|switch|p1a: Mienshao|Mienshao, F, shiny|271\/271
|turn|3
|
|switch|p2a: Trevenant|Trevenant, M|374\/374
|move|p1a: Mienshao|U-turn|p2a: Trevenant
|-damage|p2a: Trevenant|272\/374
|
|switch|p1a: Absol|Absol, M, shiny|271\/271
|
|turn|4
|
|detailschange|p1a: Absol|Absol-Mega, M, shiny
|message|Absol has Mega Evolved into Mega Absol!
|move|p1a: Absol|Knock Off|p2a: Trevenant
|-supereffective|p2a: Trevenant
|-damage|p2a: Trevenant|0 fnt
|-enditem|p2a: Trevenant|Sitrus Berry|[from] move: Knock Off|[of] p1a: Absol
|faint|p2a: Trevenant
|
|
|switch|p2a: Toxicroak|Toxicroak, F|370\/370
|turn|5
|
|switch|p1a: Mienshao|Mienshao, F, shiny|271\/271
|move|p2a: Toxicroak|Gunk Shot|p1a: Mienshao
|-damage|p1a: Mienshao|0 fnt
|-damage|p2a: Toxicroak|333\/370|[from] item: Life Orb
|faint|p1a: Mienshao
|
|
|switch|p1a: Shaymin|Shaymin|342\/342
|turn|6
|
|switch|p2a: Suicune|Suicune, shiny|404\/404
|-ability|p2a: Suicune|Pressure
|move|p1a: Shaymin|Psychic|p2a: Suicune
|-damage|p2a: Suicune|301\/404
|-damage|p1a: Shaymin|308\/342|[from] item: Life Orb
|
|-heal|p2a: Suicune|326\/404|[from] item: Leftovers
|turn|7
|
|move|p1a: Shaymin|Earth Power|p2a: Suicune
|-crit|p2a: Suicune
|-damage|p2a: Suicune|166\/404
|-damage|p1a: Shaymin|274\/342|[from] item: Life Orb
|move|p2a: Suicune|Ice Beam|p1a: Shaymin
|-supereffective|p1a: Shaymin
|-damage|p1a: Shaymin|106\/342
|
|-heal|p2a: Suicune|191\/404|[from] item: Leftovers
|turn|8
|
|move|p1a: Shaymin|Seed Flare|p2a: Suicune
|-supereffective|p2a: Suicune
|-damage|p2a: Suicune|0 fnt
|-damage|p1a: Shaymin|72\/342|[from] item: Life Orb
|faint|p2a: Suicune
|
|
|switch|p2a: Absol|Absol, F|271\/271
|turn|9
|
|detailschange|p2a: Absol|Absol-Mega, F
|message|Absol has Mega Evolved into Mega Absol!
|move|p1a: Shaymin|Rest|p1a: Shaymin
|-status|p1a: Shaymin|slp
|-heal|p1a: Shaymin|342\/342 slp|[silent]
|-status|p1a: Shaymin|slp|[from] move: Rest
|move|p2a: Absol|Knock Off|p1a: Shaymin
|-damage|p1a: Shaymin|143\/342 slp
|-enditem|p1a: Shaymin|Life Orb|[from] move: Knock Off|[of] p2a: Absol
|
|turn|10
|
|switch|p1a: Absol|Absol-Mega, M, shiny|271\/271
|move|p2a: Absol|Fire Blast|p1a: Absol
|-damage|p1a: Absol|112\/271
|
|turn|11
|
|move|p2a: Absol|Sucker Punch|p1a: Absol
|-resisted|p1a: Absol
|-damage|p1a: Absol|0 fnt
|faint|p1a: Absol
|
|
|switch|p1a: Nidoking|Nidoking, M|304\/304
|turn|12
|
|move|p2a: Absol|Knock Off|p1a: Nidoking
|-damage|p1a: Nidoking|76\/304
|-enditem|p1a: Nidoking|Life Orb|[from] move: Knock Off|[of] p2a: Absol
|move|p1a: Nidoking|Earth Power|p2a: Absol
|-damage|p2a: Absol|0 fnt
|faint|p2a: Absol
|
|
|switch|p2a: Galvantula|Galvantula, M|1\/282
|turn|13
|
|move|p2a: Galvantula|Sticky Web|p1a: Nidoking
|-sidestart|p1: OG_Wanka|move: Sticky Web
|move|p1a: Nidoking|Earth Power|p2a: Galvantula
|-damage|p2a: Galvantula|0 fnt
|faint|p2a: Galvantula
|
|chat|OG_Wanka|this is intense
|chat|Etika Fan|i agree
|
|switch|p2a: Victini|Victini|341\/341
|turn|14
|
|switch|p1a: Shaymin|Shaymin|143\/342
|-activate|p1a: Shaymin|move: Sticky Web
|-unboost|p1a: Shaymin|spe|1
|move|p2a: Victini|V-create|p1a: Shaymin
|-supereffective|p1a: Shaymin
|-damage|p1a: Shaymin|0 fnt
|-unboost|p2a: Victini|def|1
|-unboost|p2a: Victini|spd|1
|-unboost|p2a: Victini|spe|1
|-damage|p2a: Victini|307\/341|[from] item: Life Orb
|faint|p1a: Shaymin
|
|
|switch|p1a: Nidoking|Nidoking, M|76\/304
|-activate|p1a: Nidoking|move: Sticky Web
|-unboost|p1a: Nidoking|spe|1
|turn|15
|
|move|p2a: Victini|V-create|p1a: Nidoking
|-damage|p1a: Nidoking|0 fnt
|-unboost|p2a: Victini|def|1
|-unboost|p2a: Victini|spd|1
|-unboost|p2a: Victini|spe|1
|-damage|p2a: Victini|273\/341|[from] item: Life Orb
|faint|p1a: Nidoking
|
|
|switch|p1a: Victini|Victini|341\/341
|-activate|p1a: Victini|move: Sticky Web
|-unboost|p1a: Victini|spe|1
|turn|16
|chat|OG_Wanka|can i hit 2 bolt strikes is the question
|chat|OG_Wanka|85%
|
|move|p1a: Victini|Bolt Strike|p2a: Victini
|-damage|p2a: Victini|0 fnt
|faint|p2a: Victini
|
|
|switch|p2a: Toxicroak|Toxicroak, F|333\/370
|-message|Toxicroak shuddered! (placeholder)
|turn|17
|chat|OG_Wanka|and or will sucker punch kill me
|
|move|p2a: Toxicroak|Earthquake|p1a: Victini
|-supereffective|p1a: Victini
|-damage|p1a: Victini|55\/341
|-damage|p2a: Toxicroak|296\/370|[from] item: Life Orb
|move|p1a: Victini|Bolt Strike|p2a: Toxicroak
|-damage|p2a: Toxicroak|4\/370
|
|turn|18
|chat|Etika Fan|u might win
|chat|OG_Wanka|damn
|chat|OG_Wanka|holy shit
|chat|OG_Wanka|gg tht was fun idec i lose
|chat|Etika Fan|oh 
|chat|Etika Fan|thanks man gg
|chat|OG_Wanka|do you run bulk on your croak?
|chat|Etika Fan|one of the funnest battles ive had
|chat|Etika Fan|max hp
|chat|OG_Wanka|those evs paid off
|
|move|p2a: Toxicroak|Earthquake|p1a: Victini
|-supereffective|p1a: Victini
|-damage|p1a: Victini|0 fnt
|-damage|p2a: Toxicroak|0 fnt|[from] item: Life Orb
|faint|p1a: Victini
|faint|p2a: Toxicroak
|
|win|Etika Fan
|chat|Etika Fan|gg
|leave|OG_Wanka
|player|p1