|join|bizarman
|join|LoganUnderFire
|player|p1|bizarman|42
|player|p2|LoganUnderFire|265
|gametype|singles
|gen|6
|tier|OU
|rated
|clearpoke
|poke|p1|Gardevoir, F
|poke|p1|Dragonite, F
|poke|p1|Keldeo
|poke|p1|Latias, F
|poke|p1|Heatran, F
|poke|p1|Rotom-Wash
|poke|p2|Tyranitar, F
|poke|p2|Skarmory, M
|poke|p2|Goodra, F
|poke|p2|Heatran, F
|poke|p2|Sylveon, F
|poke|p2|Pinsir, F
|rule|Swagger Clause: Swagger is banned
|rule|Baton Pass Clause: Limit one Pokémon knowing Baton Pass
|rule|Sleep Clause Mod: Limit one foe put to sleep
|rule|Species Clause: Limit one of each Pokémon
|rule|OHKO Clause: OHKO moves are banned
|rule|Moody Clause: Moody is banned
|rule|Evasion Moves Clause: Evasion moves are banned
|rule|Endless Battle Clause: Forcing endless battles is banned
|rule|HP Percentage Mod: HP is shown in percentages
|teampreview
|
|start
|switch|p1a: Gardevoir|Gardevoir, F|277\/277
|switch|p2a: Heatran|Heatran, F|385\/385
|-ability|p1a: Gardevoir|Flash Fire|[from] ability: Trace|[of] p2a: Heatran
|turn|1
|
|detailschange|p1a: Gardevoir|Gardevoir-Mega, F
|message|Gardevoir has Mega Evolved into Mega Gardevoir!
|move|p1a: Gardevoir|Taunt|p2a: Heatran
|-start|p2a: Heatran|move: Taunt
|cant|p2a: Heatran|move: Taunt|Stealth Rock
|
|turn|2
|
|switch|p2a: Skarmory|Skarmory, M|334\/334
|move|p1a: Gardevoir|Focus Blast|p2a: Skarmory
|-damage|p2a: Skarmory|161\/334
|
|-heal|p2a: Skarmory|181\/334|[from] item: Leftovers
|turn|3
|
|switch|p1a: Rotom-Wash|Rotom-Wash|304\/304
|switch|p2a: Tyranitar|Tyranitar, F|341\/341
|-weather|Sandstorm
|
|-weather|Sandstorm|[upkeep]
|-damage|p1a: Rotom-Wash|285\/304|[from] sandstorm
|-heal|p1a: Rotom-Wash|304\/304|[from] item: Leftovers
|turn|4
|
|switch|p2a: Heatran|Heatran, F|385\/385
|move|p1a: Rotom-Wash|Volt Switch|p2a: Heatran
|-damage|p2a: Heatran|319\/385
|
|switch|p1a: Keldeo|Keldeo|322\/322
|
|-weather|Sandstorm|[upkeep]
|-damage|p1a: Keldeo|302\/322|[from] sandstorm
|-heal|p2a: Heatran|343\/385|[from] item: Leftovers
|turn|5
|
|move|p2a: Heatran|Protect|p2a: Heatran
|-singleturn|p2a: Heatran|Protect
|move|p1a: Keldeo|Hydro Pump|p2a: Heatran
|-activate|p2a: Heatran|Protect
|
|-weather|Sandstorm|[upkeep]
|-damage|p1a: Keldeo|282\/322|[from] sandstorm
|-heal|p2a: Heatran|367\/385|[from] item: Leftovers
|turn|6
|
|switch|p1a: Gardevoir|Gardevoir-Mega, F|277\/277
|move|p2a: Heatran|Toxic|p1a: Gardevoir
|-status|p1a: Gardevoir|tox
|
|-weather|Sandstorm|[upkeep]
|-damage|p1a: Gardevoir|260\/277 tox|[from] sandstorm
|-heal|p2a: Heatran|385\/385|[from] item: Leftovers
|-damage|p1a: Gardevoir|243\/277 tox|[from] psn
|turn|7
|
|move|p1a: Gardevoir|Focus Blast|p2a: Heatran|[miss]
|-miss|p1a: Gardevoir|p2a: Heatran
|move|p2a: Heatran|Lava Plume|p1a: Gardevoir
|-damage|p1a: Gardevoir|153\/277 tox
|
|-weather|none
|-damage|p1a: Gardevoir|119\/277 tox|[from] psn
|turn|8
|
|switch|p1a: Heatran|Heatran, F|323\/323
|move|p2a: Heatran|Stealth Rock|p1a: Heatran
|-sidestart|p1: bizarman|move: Stealth Rock
|
|turn|9
|
|switch|p1a: Keldeo|Keldeo|282\/322
|-damage|p1a: Keldeo|262\/322|[from] Stealth Rock
|switch|p2a: Tyranitar|Tyranitar, F|341\/341
|-weather|Sandstorm
|
|-weather|Sandstorm|[upkeep]
|-damage|p1a: Keldeo|242\/322|[from] sandstorm
|turn|10
|
|switch|p2a: Sylveon|Sylveon, F|394\/394
|move|p1a: Keldeo|Scald|p2a: Sylveon
|-damage|p2a: Sylveon|243\/394
|-status|p2a: Sylveon|brn
|
|-weather|Sandstorm|[upkeep]
|-damage|p1a: Keldeo|222\/322|[from] sandstorm
|-damage|p2a: Sylveon|219\/394 brn|[from] sandstorm
|-heal|p2a: Sylveon|243\/394 brn|[from] item: Leftovers
|-damage|p2a: Sylveon|194\/394 brn|[from] brn
|turn|11
|
|switch|p1a: Heatran|Heatran, F|323\/323
|-damage|p1a: Heatran|283\/323|[from] Stealth Rock
|switch|p2a: Tyranitar|Tyranitar, F|341\/341
|
|-weather|Sandstorm|[upkeep]
|turn|12
|
|switch|p1a: Keldeo|Keldeo|222\/322
|-damage|p1a: Keldeo|202\/322|[from] Stealth Rock
|move|p2a: Tyranitar|Stone Edge|p1a: Keldeo
|-resisted|p1a: Keldeo
|-damage|p1a: Keldeo|109\/322
|
|-weather|Sandstorm|[upkeep]
|-damage|p1a: Keldeo|89\/322|[from] sandstorm
|turn|13
|
|move|p2a: Tyranitar|Stone Edge|p1a: Keldeo
|-resisted|p1a: Keldeo
|-damage|p1a: Keldeo|0 fnt
|faint|p1a: Keldeo
|
|-weather|none
|
|switch|p1a: Rotom-Wash|Rotom-Wash|304\/304
|-damage|p1a: Rotom-Wash|266\/304|[from] Stealth Rock
|turn|14
|
|move|p2a: Tyranitar|Stone Edge|p1a: Rotom-Wash
|-damage|p1a: Rotom-Wash|106\/304
|move|p1a: Rotom-Wash|Hydro Pump|p2a: Tyranitar
|-supereffective|p2a: Tyranitar
|-damage|p2a: Tyranitar|93\/341
|
|-heal|p1a: Rotom-Wash|125\/304|[from] item: Leftovers
|turn|15
|
|move|p2a: Tyranitar|Stone Edge|p1a: Rotom-Wash
|-damage|p1a: Rotom-Wash|0 fnt
|faint|p1a: Rotom-Wash
|
|
|switch|p1a: Heatran|Heatran, F|283\/323
|-damage|p1a: Heatran|243\/323|[from] Stealth Rock
|turn|16
|
|switch|p2a: Skarmory|Skarmory, M|181\/334
|move|p1a: Heatran|Flash Cannon|p2a: Skarmory
|-resisted|p2a: Skarmory
|-damage|p2a: Skarmory|115\/334
|
|-heal|p2a: Skarmory|135\/334|[from] item: Leftovers
|turn|17
|
|switch|p1a: Latias|Latias, F|302\/302
|-damage|p1a: Latias|265\/302|[from] Stealth Rock
|move|p2a: Skarmory|Roost|p2a: Skarmory
|-heal|p2a: Skarmory|302\/334
|
|-heal|p2a: Skarmory|322\/334|[from] item: Leftovers
|turn|18
|
|switch|p2a: Heatran|Heatran, F|385\/385
|move|p1a: Latias|Defog|p2a: Heatran
|-unboost|p2a: Heatran|evasion|1
|-sideend|p1: bizarman|Stealth Rock|[from] move: Defog|[of] p1a: Latias
|
|turn|19
|
|switch|p1a: Heatran|Heatran, F|243\/323
|move|p2a: Heatran|Toxic|p1a: Heatran
|-fail|p1a: Heatran
|
|turn|20
|
|move|p2a: Heatran|Protect|p2a: Heatran
|-singleturn|p2a: Heatran|Protect
|move|p1a: Heatran|Earth Power|p2a: Heatran
|-activate|p2a: Heatran|Protect
|
|turn|21
|
|switch|p1a: Gardevoir|Gardevoir-Mega, F|119\/277 tox
|switch|p2a: Skarmory|Skarmory, M|322\/334
|
|-heal|p2a: Skarmory|334\/334|[from] item: Leftovers
|-damage|p1a: Gardevoir|102\/277 tox|[from] psn
|turn|22
|
|switch|p1a: Heatran|Heatran, F|243\/323
|move|p2a: Skarmory|Brave Bird|p1a: Heatran
|-resisted|p1a: Heatran
|-damage|p1a: Heatran|195\/323
|-damage|p2a: Skarmory|318\/334|[from] recoil|[of] p1a: Heatran
|
|-heal|p2a: Skarmory|334\/334|[from] item: Leftovers
|turn|23
|
|switch|p1a: Dragonite|Dragonite, F|324\/324
|move|p2a: Skarmory|Roost|p2a: Skarmory
|-fail|p2a: Skarmory
|
|turn|24
|
|switch|p1a: Latias|Latias, F|265\/302
|move|p2a: Skarmory|Whirlwind|p1a: Latias
|drag|p1a: Dragonite|Dragonite, F|324\/324
|
|turn|25
|
|switch|p1a: Heatran|Heatran, F|195\/323
|move|p2a: Skarmory|Brave Bird|p1a: Heatran
|-resisted|p1a: Heatran
|-damage|p1a: Heatran|147\/323
|-damage|p2a: Skarmory|318\/334|[from] recoil|[of] p1a: Heatran
|
|-heal|p2a: Skarmory|334\/334|[from] item: Leftovers
|turn|26
|
|move|p1a: Heatran|Overheat|p2a: Skarmory
|-supereffective|p2a: Skarmory
|-activate|p2a: Skarmory|Sturdy
|-damage|p2a: Skarmory|1\/334
|-unboost|p1a: Heatran|spa|2
|move|p2a: Skarmory|Roost|p2a: Skarmory
|-heal|p2a: Skarmory|168\/334
|
|-heal|p2a: Skarmory|188\/334|[from] item: Leftovers
|turn|27
|
|switch|p2a: Tyranitar|Tyranitar, F|93\/341
|-weather|Sandstorm
|move|p1a: Heatran|Overheat|p2a: Tyranitar
|-resisted|p2a: Tyranitar
|-damage|p2a: Tyranitar|54\/341
|-unboost|p1a: Heatran|spa|2
|
|-weather|Sandstorm|[upkeep]
|turn|28
|
|switch|p1a: Gardevoir|Gardevoir-Mega, F|102\/277 tox
|move|p2a: Tyranitar|Stone Edge|p1a: Gardevoir
|-damage|p1a: Gardevoir|0 fnt
|faint|p1a: Gardevoir
|
|-weather|Sandstorm|[upkeep]
|
|switch|p1a: Heatran|Heatran, F|147\/323
|turn|29
|
|switch|p2a: Goodra|Goodra, F|383\/383
|move|p1a: Heatran|Overheat|p2a: Goodra
|-resisted|p2a: Goodra
|-damage|p2a: Goodra|330\/383
|-unboost|p1a: Heatran|spa|2
|
|-weather|Sandstorm|[upkeep]
|-damage|p2a: Goodra|307\/383|[from] sandstorm
|turn|30
|
|switch|p1a: Latias|Latias, F|265\/302
|move|p2a: Goodra|Dragon Tail|p1a: Latias
|-supereffective|p1a: Latias
|-damage|p1a: Latias|121\/302
|drag|p1a: Heatran|Heatran, F|147\/323
|
|-weather|Sandstorm|[upkeep]
|-damage|p2a: Goodra|284\/383|[from] sandstorm
|turn|31
|
|switch|p2a: Heatran|Heatran, F|385\/385
|move|p1a: Heatran|Flash Cannon|p2a: Heatran
|-resisted|p2a: Heatran
|-damage|p2a: Heatran|361\/385
|
|-weather|none
|-heal|p2a: Heatran|385\/385|[from] item: Leftovers
|turn|32
|
|switch|p1a: Latias|Latias, F|121\/302
|move|p2a: Heatran|Stealth Rock|p1a: Latias
|-sidestart|p1: bizarman|move: Stealth Rock
|
|turn|33
|
|switch|p2a: Skarmory|Skarmory, M|188\/334
|move|p1a: Latias|Defog|p2a: Skarmory
|-unboost|p2a: Skarmory|evasion|1
|-sideend|p1: bizarman|Stealth Rock|[from] move: Defog|[of] p1a: Latias
|
|-heal|p2a: Skarmory|208\/334|[from] item: Leftovers
|turn|34
|
|move|p1a: Latias|Draco Meteor|p2a: Skarmory
|-resisted|p2a: Skarmory
|-damage|p2a: Skarmory|86\/334
|-unboost|p1a: Latias|spa|2
|-damage|p1a: Latias|91\/302|[from] item: Life Orb
|move|p2a: Skarmory|Roost|p2a: Skarmory
|-heal|p2a: Skarmory|253\/334
|
|-heal|p2a: Skarmory|273\/334|[from] item: Leftovers
|turn|35
|
|switch|p1a: Heatran|Heatran, F|147\/323
|move|p2a: Skarmory|Roost|p2a: Skarmory
|-heal|p2a: Skarmory|334\/334
|
|turn|36
|
|move|p1a: Heatran|Overheat|p2a: Skarmory
|-supereffective|p2a: Skarmory
|-activate|p2a: Skarmory|Sturdy
|-damage|p2a: Skarmory|1\/334
|-unboost|p1a: Heatran|spa|2
|move|p2a: Skarmory|Roost|p2a: Skarmory
|-heal|p2a: Skarmory|168\/334
|
|-heal|p2a: Skarmory|188\/334|[from] item: Leftovers
|turn|37
|
|switch|p1a: Dragonite|Dragonite, F|324\/324
|switch|p2a: Heatran|Heatran, F|385\/385
|
|turn|38
|
|move|p1a: Dragonite|Dragon Dance|p1a: Dragonite
|-boost|p1a: Dragonite|atk|1
|-boost|p1a: Dragonite|spe|1
|move|p2a: Heatran|Toxic|p1a: Dragonite
|-status|p1a: Dragonite|tox
|-enditem|p1a: Dragonite|Lum Berry|[eat]
|-curestatus|p1a: Dragonite|tox
|
|turn|39
|
|move|p1a: Dragonite|Earthquake|p2a: Heatran
|-supereffective|p2a: Heatran
|-damage|p2a: Heatran|0 fnt
|faint|p2a: Heatran
|
|
|switch|p2a: Skarmory|Skarmory, M|188\/334
|turn|40
|
|move|p1a: Dragonite|Outrage|p2a: Skarmory
|-resisted|p2a: Skarmory
|-damage|p2a: Skarmory|68\/334
|move|p2a: Skarmory|Roost|p2a: Skarmory
|-heal|p2a: Skarmory|235\/334
|
|-heal|p2a: Skarmory|255\/334|[from] item: Leftovers
|turn|41
|
|move|p1a: Dragonite|Outrage|p2a: Skarmory
|-resisted|p2a: Skarmory
|-damage|p2a: Skarmory|132\/334
|move|p2a: Skarmory|Roost|p2a: Skarmory
|-heal|p2a: Skarmory|299\/334
|
|-end|p1a: Dragonite|rampage
|-start|p1a: Dragonite|confusion
|-heal|p2a: Skarmory|319\/334|[from] item: Leftovers
|turn|42
|
|-activate|p1a: Dragonite|confusion
|-damage|p1a: Dragonite|286\/324|[from] confusion
|move|p2a: Skarmory|Brave Bird|p1a: Dragonite
|-damage|p1a: Dragonite|183\/324
|-damage|p2a: Skarmory|285\/334|[from] recoil|[of] p1a: Dragonite
|
|-heal|p2a: Skarmory|305\/334|[from] item: Leftovers
|turn|43
|
|switch|p1a: Heatran|Heatran, F|147\/323
|move|p2a: Skarmory|Whirlwind|p1a: Heatran
|drag|p1a: Dragonite|Dragonite, F|183\/324
|
|-heal|p2a: Skarmory|325\/334|[from] item: Leftovers
|turn|44
|
|move|p1a: Dragonite|Extreme Speed|p2a: Skarmory
|-resisted|p2a: Skarmory
|-damage|p2a: Skarmory|289\/334
|move|p2a: Skarmory|Whirlwind|p1a: Dragonite
|drag|p1a: Heatran|Heatran, F|147\/323
|
|-heal|p2a: Skarmory|309\/334|[from] item: Leftovers
|turn|45
|
|switch|p2a: Goodra|Goodra, F|284\/383
|move|p1a: Heatran|Overheat|p2a: Goodra
|-resisted|p2a: Goodra
|-damage|p2a: Goodra|231\/383
|-unboost|p1a: Heatran|spa|2
|
|turn|46
|
|move|p1a: Heatran|Overheat|p2a: Goodra
|-resisted|p2a: Goodra
|-damage|p2a: Goodra|204\/383
|-unboost|p1a: Heatran|spa|2
|move|p2a: Goodra|Draco Meteor|p1a: Heatran
|-resisted|p1a: Heatran
|-damage|p1a: Heatran|31\/323
|-unboost|p2a: Goodra|spa|2
|
|turn|47
|
|switch|p1a: Dragonite|Dragonite, F|183\/324
|move|p2a: Goodra|Draco Meteor|p1a: Dragonite
|-supereffective|p1a: Dragonite
|-damage|p1a: Dragonite|0 fnt
|-unboost|p2a: Goodra|spa|2
|faint|p1a: Dragonite
|
|
|switch|p1a: Latias|Latias, F|91\/302
|turn|48
|c|★bizarman|gg
|
|switch|p2a: Skarmory|Skarmory, M|309\/334
|move|p1a: Latias|Psyshock|p2a: Skarmory
|-resisted|p2a: Skarmory
|-damage|p2a: Skarmory|254\/334
|-damage|p1a: Latias|61\/302|[from] item: Life Orb
|
|-heal|p2a: Skarmory|274\/334|[from] item: Leftovers
|turn|49
|
|switch|p1a: Heatran|Heatran, F|31\/323
|move|p2a: Skarmory|Roost|p2a: Skarmory
|-heal|p2a: Skarmory|334\/334
|
|turn|50
|
|move|p1a: Heatran|Flash Cannon|p2a: Skarmory
|-resisted|p2a: Skarmory
|-damage|p2a: Skarmory|259\/334
|move|p2a: Skarmory|Brave Bird|p1a: Heatran
|-resisted|p1a: Heatran
|-damage|p1a: Heatran|0 fnt
|-damage|p2a: Skarmory|249\/334|[from] recoil|[of] p1a: Heatran
|faint|p1a: Heatran
|
|-heal|p2a: Skarmory|269\/334|[from] item: Leftovers
|
|switch|p1a: Latias|Latias, F|61\/302
|turn|51
|
|move|p1a: Latias|Draco Meteor|p2a: Skarmory
|-resisted|p2a: Skarmory
|-damage|p2a: Skarmory|133\/334
|-unboost|p1a: Latias|spa|2
|-damage|p1a: Latias|31\/302|[from] item: Life Orb
|move|p2a: Skarmory|Brave Bird|p1a: Latias
|-damage|p1a: Latias|0 fnt
|-damage|p2a: Skarmory|123\/334|[from] recoil|[of] p1a: Latias
|faint|p1a: Latias
|
|win|LoganUnderFire
|raw|Ladder updating...
|raw|bizarman's rating: 1617 &rarr; <strong>1597<\/strong><br \/>(-20 for losing)
|raw|LoganUnderFire's rating: 1616 &rarr; <strong>1636<\/strong><br \/>(+20 for winning)
|leave|bizarman
|player|p1