|join|bizarman
|join|JY Test
|player|p1|bizarman|42
|player|p2|JY Test|20
|gametype|singles
|gen|6
|tier|OU
|rated
|clearpoke
|poke|p1|Gardevoir, F
|poke|p1|Dragonite, F
|poke|p1|Keldeo
|poke|p1|Latias, F
|poke|p1|Heatran, M
|poke|p1|Rotom-Wash
|poke|p2|Reuniclus, M, shiny
|poke|p2|Hippowdon, M
|poke|p2|Scizor, M
|poke|p2|Talonflame, M, shiny
|poke|p2|Keldeo
|poke|p2|Hydreigon, F
|rule|Swagger Clause: Swagger is banned
|rule|Baton Pass Clause: Limit one Pokémon knowing Baton Pass
|rule|Sleep Clause Mod: Limit one foe put to sleep
|rule|Species Clause: Limit one of each Pokémon
|rule|OHKO Clause: OHKO moves are banned
|rule|Moody Clause: Moody is banned
|rule|Evasion Moves Clause: Evasion moves are banned
|rule|Endless Battle Clause: Forcing endless battles is banned
|rule|HP Percentage Mod: HP is shown in percentages
|teampreview
|
|start
|switch|p1a: Rotom-Wash|Rotom-Wash|304\/304
|switch|p2a: Hydreigon|Hydreigon, F|325\/325
|turn|1
|
|move|p2a: Hydreigon|Focus Blast|p1a: Rotom-Wash|[miss]
|-miss|p2a: Hydreigon|p1a: Rotom-Wash
|move|p1a: Rotom-Wash|Volt Switch|p2a: Hydreigon
|-resisted|p2a: Hydreigon
|-damage|p2a: Hydreigon|281\/325
|
|switch|p1a: Gardevoir|Gardevoir, F|277\/277
|-ability|p1a: Gardevoir|Levitate|[from] ability: Trace|[of] p2a: Hydreigon
|
|turn|2
|
|switch|p2a: Scizor|Scizor, M|344\/344
|detailschange|p1a: Gardevoir|Gardevoir-Mega, F
|message|Gardevoir has Mega Evolved into Mega Gardevoir!
|move|p1a: Gardevoir|Hyper Voice|p2a: Scizor
|-resisted|p2a: Scizor
|-damage|p2a: Scizor|245\/344
|
|turn|3
|
|switch|p1a: Heatran|Heatran, M|323\/323
|detailschange|p2a: Scizor|Scizor-Mega, M
|message|Scizor has Mega Evolved into Mega Scizor!
|move|p2a: Scizor|U-turn|p1a: Heatran
|-resisted|p1a: Heatran
|-damage|p1a: Heatran|297\/323
|
|switch|p2a: Keldeo|Keldeo|323\/323
|
|turn|4
|
|switch|p1a: Latias|Latias, F|302\/302
|move|p2a: Keldeo|Scald|p1a: Latias
|-resisted|p1a: Latias
|-damage|p1a: Latias|215\/302
|-status|p1a: Latias|brn
|
|-damage|p1a: Latias|178\/302 brn|[from] brn
|turn|5
|
|switch|p1a: Rotom-Wash|Rotom-Wash|304\/304
|switch|p2a: Scizor|Scizor-Mega, M|245\/344
|
|turn|6
|
|switch|p2a: Reuniclus|Reuniclus, M, shiny|424\/424
|move|p1a: Rotom-Wash|Will-O-Wisp|p2a: Reuniclus
|-status|p2a: Reuniclus|brn
|
|turn|7
|
|move|p1a: Rotom-Wash|Volt Switch|p2a: Reuniclus
|-damage|p2a: Reuniclus|318\/424 brn
|
|switch|p1a: Heatran|Heatran, M|297\/323
|move|p2a: Reuniclus|Calm Mind|p2a: Reuniclus
|-boost|p2a: Reuniclus|spa|1
|-boost|p2a: Reuniclus|spd|1
|
|-heal|p2a: Reuniclus|344\/424 brn|[from] item: Leftovers
|turn|8
|
|move|p1a: Heatran|Flash Cannon|p2a: Reuniclus
|-damage|p2a: Reuniclus|229\/424 brn
|move|p2a: Reuniclus|Focus Blast|p1a: Heatran
|-supereffective|p1a: Heatran
|-damage|p1a: Heatran|0 fnt
|faint|p1a: Heatran
|
|-heal|p2a: Reuniclus|255\/424 brn|[from] item: Leftovers
|
|switch|p1a: Dragonite|Dragonite, F|324\/324
|turn|9
|
|switch|p2a: Hippowdon|Hippowdon, M|420\/420
|-weather|Sandstorm
|move|p1a: Dragonite|Earthquake|p2a: Hippowdon
|-damage|p2a: Hippowdon|341\/420
|
|-weather|Sandstorm|[upkeep]
|-damage|p1a: Dragonite|304\/324|[from] sandstorm
|-heal|p2a: Hippowdon|367\/420|[from] item: Leftovers
|turn|10
|
|switch|p1a: Keldeo|Keldeo|322\/322
|move|p2a: Hippowdon|Toxic|p1a: Keldeo
|-status|p1a: Keldeo|tox
|
|-weather|Sandstorm|[upkeep]
|-damage|p1a: Keldeo|302\/322 tox|[from] sandstorm
|-heal|p2a: Hippowdon|393\/420|[from] item: Leftovers
|-damage|p1a: Keldeo|282\/322 tox|[from] psn
|turn|11
|
|switch|p2a: Scizor|Scizor-Mega, M|245\/344
|move|p1a: Keldeo|Secret Sword|p2a: Scizor
|-damage|p2a: Scizor|85\/344
|
|-weather|Sandstorm|[upkeep]
|-damage|p1a: Keldeo|262\/322 tox|[from] sandstorm
|-damage|p1a: Keldeo|222\/322 tox|[from] psn
|turn|12
|
|switch|p1a: Gardevoir|Gardevoir-Mega, F|277\/277
|switch|p2a: Hippowdon|Hippowdon, M|393\/420
|
|-weather|Sandstorm|[upkeep]
|-damage|p1a: Gardevoir|260\/277|[from] sandstorm
|-heal|p2a: Hippowdon|419\/420|[from] item: Leftovers
|turn|13
|
|move|p1a: Gardevoir|Taunt|p2a: Hippowdon
|-start|p2a: Hippowdon|move: Taunt
|move|p2a: Hippowdon|Earthquake|p1a: Gardevoir
|-damage|p1a: Gardevoir|88\/277
|
|-weather|none
|-heal|p2a: Hippowdon|420\/420|[from] item: Leftovers
|turn|14
|
|switch|p1a: Latias|Latias, F|178\/302 brn
|move|p2a: Hippowdon|Earthquake|p1a: Latias
|-immune|p1a: Latias|[msg]
|
|-damage|p1a: Latias|141\/302 brn|[from] brn
|turn|15
|
|switch|p2a: Scizor|Scizor-Mega, M|85\/344
|move|p1a: Latias|Draco Meteor|p2a: Scizor
|-resisted|p2a: Scizor
|-damage|p2a: Scizor|0 fnt
|-unboost|p1a: Latias|spa|2
|-damage|p1a: Latias|111\/302 brn|[from] item: Life Orb
|faint|p2a: Scizor
|
|-damage|p1a: Latias|74\/302 brn|[from] brn
|
|switch|p2a: Reuniclus|Reuniclus, M, shiny|255\/424 brn
|turn|16
|
|move|p1a: Latias|Healing Wish|p1a: Latias
|faint|p1a: Latias
|move|p2a: Reuniclus|Calm Mind|p2a: Reuniclus
|-boost|p2a: Reuniclus|spa|1
|-boost|p2a: Reuniclus|spd|1
|
|-heal|p2a: Reuniclus|281\/424 brn|[from] item: Leftovers
|
|switch|p1a: Gardevoir|Gardevoir-Mega, F|88\/277
|-heal|p1a: Gardevoir|277\/277|[from] move: Healing Wish
|turn|17
|
|move|p1a: Gardevoir|Taunt|p2a: Reuniclus
|-start|p2a: Reuniclus|move: Taunt
|move|p2a: Reuniclus|Psyshock|p1a: Gardevoir
|-resisted|p1a: Gardevoir
|-damage|p1a: Gardevoir|154\/277
|
|-heal|p2a: Reuniclus|307\/424 brn|[from] item: Leftovers
|turn|18
|
|move|p1a: Gardevoir|Hyper Voice|p2a: Reuniclus
|-damage|p2a: Reuniclus|103\/424 brn
|move|p2a: Reuniclus|Psyshock|p1a: Gardevoir
|-resisted|p1a: Gardevoir
|-damage|p1a: Gardevoir|36\/277
|
|-heal|p2a: Reuniclus|129\/424 brn|[from] item: Leftovers
|turn|19
|
|move|p1a: Gardevoir|Hyper Voice|p2a: Reuniclus
|-damage|p2a: Reuniclus|0 fnt
|faint|p2a: Reuniclus
|
|
|switch|p2a: Keldeo|Keldeo|323\/323
|turn|20
|
|switch|p1a: Rotom-Wash|Rotom-Wash|304\/304
|move|p2a: Keldeo|Scald|p1a: Rotom-Wash
|-resisted|p1a: Rotom-Wash
|-damage|p1a: Rotom-Wash|225\/304
|-status|p1a: Rotom-Wash|brn
|
|-heal|p1a: Rotom-Wash|244\/304 brn|[from] item: Leftovers
|-damage|p1a: Rotom-Wash|206\/304 brn|[from] brn
|turn|21
|
|switch|p2a: Hippowdon|Hippowdon, M|420\/420
|-weather|Sandstorm
|move|p1a: Rotom-Wash|Volt Switch|p2a: Hippowdon
|-immune|p2a: Hippowdon|[msg]
|
|-weather|Sandstorm|[upkeep]
|-damage|p1a: Rotom-Wash|187\/304 brn|[from] sandstorm
|-heal|p1a: Rotom-Wash|206\/304 brn|[from] item: Leftovers
|-damage|p1a: Rotom-Wash|168\/304 brn|[from] brn
|turn|22
|
|move|p1a: Rotom-Wash|Will-O-Wisp|p2a: Hippowdon
|-status|p2a: Hippowdon|brn
|move|p2a: Hippowdon|Stealth Rock|p1a: Rotom-Wash
|-sidestart|p1: bizarman|move: Stealth Rock
|
|-weather|Sandstorm|[upkeep]
|-damage|p1a: Rotom-Wash|149\/304 brn|[from] sandstorm
|-heal|p1a: Rotom-Wash|168\/304 brn|[from] item: Leftovers
|-damage|p1a: Rotom-Wash|130\/304 brn|[from] brn
|-damage|p2a: Hippowdon|368\/420 brn|[from] brn
|turn|23
|
|move|p1a: Rotom-Wash|Pain Split|p2a: Hippowdon
|-sethp|p2a: Hippowdon|249\/420 brn|p1a: Rotom-Wash|249\/304 brn|[from] move: Pain Split
|move|p2a: Hippowdon|Slack Off|p2a: Hippowdon
|-heal|p2a: Hippowdon|420\/420 brn
|
|-weather|Sandstorm|[upkeep]
|-damage|p1a: Rotom-Wash|230\/304 brn|[from] sandstorm
|-heal|p1a: Rotom-Wash|249\/304 brn|[from] item: Leftovers
|-damage|p1a: Rotom-Wash|211\/304 brn|[from] brn
|-damage|p2a: Hippowdon|368\/420 brn|[from] brn
|turn|24
|
|switch|p2a: Hydreigon|Hydreigon, F|281\/325
|move|p1a: Rotom-Wash|Hydro Pump|p2a: Hydreigon
|-resisted|p2a: Hydreigon
|-damage|p2a: Hydreigon|210\/325
|
|-weather|Sandstorm|[upkeep]
|-damage|p2a: Hydreigon|190\/325|[from] sandstorm
|-damage|p1a: Rotom-Wash|192\/304 brn|[from] sandstorm
|-heal|p1a: Rotom-Wash|211\/304 brn|[from] item: Leftovers
|-damage|p1a: Rotom-Wash|173\/304 brn|[from] brn
|turn|25
|
|move|p2a: Hydreigon|Draco Meteor|p1a: Rotom-Wash
|-damage|p1a: Rotom-Wash|4\/304 brn
|-unboost|p2a: Hydreigon|spa|2
|move|p1a: Rotom-Wash|Will-O-Wisp|p2a: Hydreigon
|-status|p2a: Hydreigon|brn
|
|-weather|none
|-heal|p1a: Rotom-Wash|23\/304 brn|[from] item: Leftovers
|-damage|p2a: Hydreigon|150\/325 brn|[from] brn
|-damage|p1a: Rotom-Wash|0 fnt|[from] brn
|faint|p1a: Rotom-Wash
|
|switch|p1a: Keldeo|Keldeo|222\/322 tox
|-damage|p1a: Keldeo|202\/322 tox|[from] Stealth Rock
|turn|26
|
|move|p2a: Hydreigon|Draco Meteor|p1a: Keldeo
|-damage|p1a: Keldeo|60\/322 tox
|-unboost|p2a: Hydreigon|spa|2
|move|p1a: Keldeo|Scald|p2a: Hydreigon
|-resisted|p2a: Hydreigon
|-damage|p2a: Hydreigon|37\/325 brn
|
|-damage|p2a: Hydreigon|0 fnt|[from] brn
|-damage|p1a: Keldeo|40\/322 tox|[from] psn
|faint|p2a: Hydreigon
|
|switch|p2a: Talonflame|Talonflame, M, shiny|360\/360
|turn|27
|
|move|p2a: Talonflame|Brave Bird|p1a: Keldeo
|-supereffective|p1a: Keldeo
|-damage|p1a: Keldeo|0 fnt
|-damage|p2a: Talonflame|347\/360|[from] recoil|[of] p1a: Keldeo
|faint|p1a: Keldeo
|
|
|switch|p1a: Dragonite|Dragonite, F|304\/324
|-damage|p1a: Dragonite|223\/324|[from] Stealth Rock
|turn|28
|
|move|p1a: Dragonite|Extreme Speed|p2a: Talonflame
|-damage|p2a: Talonflame|215\/360
|move|p2a: Talonflame|Will-O-Wisp|p1a: Dragonite
|-status|p1a: Dragonite|brn
|-enditem|p1a: Dragonite|Lum Berry|[eat]
|-curestatus|p1a: Dragonite|brn
|
|turn|29
|
|move|p1a: Dragonite|Extreme Speed|p2a: Talonflame
|-damage|p2a: Talonflame|80\/360
|move|p2a: Talonflame|Will-O-Wisp|p1a: Dragonite
|-status|p1a: Dragonite|brn
|
|-damage|p1a: Dragonite|183\/324 brn|[from] brn
|turn|30
|
|move|p1a: Dragonite|Extreme Speed|p2a: Talonflame
|-damage|p2a: Talonflame|6\/360
|move|p2a: Talonflame|Roost|p2a: Talonflame
|-heal|p2a: Talonflame|186\/360
|
|-damage|p1a: Dragonite|143\/324 brn|[from] brn
|turn|31
|c|★bizarman|gg
|
|move|p2a: Talonflame|Brave Bird|p1a: Dragonite
|-damage|p1a: Dragonite|0 fnt
|-damage|p2a: Talonflame|139\/360|[from] recoil|[of] p1a: Dragonite
|faint|p1a: Dragonite
|
|
|switch|p1a: Gardevoir|Gardevoir-Mega, F|36\/277
|-damage|p1a: Gardevoir|2\/277|[from] Stealth Rock
|turn|32
|
|move|p2a: Talonflame|Brave Bird|p1a: Gardevoir
|-damage|p1a: Gardevoir|0 fnt
|-damage|p2a: Talonflame|138\/360|[from] recoil|[of] p1a: Gardevoir
|faint|p1a: Gardevoir
|
|win|JY Test
|raw|Ladder updating...
|raw|bizarman's rating: 1551 &rarr; <strong>1531<\/strong><br \/>(-20 for losing)
|raw|JY Test's rating: 1562 &rarr; <strong>1582<\/strong><br \/>(+20 for winning)