|join|qwerp
|join|bizarman
|player|p1|qwerp|52
|player|p2|bizarman|42
|gametype|singles
|gen|6
|tier|OU
|rated
|clearpoke
|poke|p1|Charizard, M
|poke|p1|Starmie
|poke|p1|Heatran, M
|poke|p1|Gliscor, M
|poke|p1|Ferrothorn, M
|poke|p1|Greninja, M
|poke|p2|Garchomp, F
|poke|p2|Charizard, F
|poke|p2|Bisharp, F
|poke|p2|Mew
|poke|p2|Conkeldurr, M
|poke|p2|Thundurus, M
|rule|Swagger Clause: Swagger is banned
|rule|Baton Pass Clause: Limit one Pokémon knowing Baton Pass
|rule|Sleep Clause Mod: Limit one foe put to sleep
|rule|Species Clause: Limit one of each Pokémon
|rule|OHKO Clause: OHKO moves are banned
|rule|Moody Clause: Moody is banned
|rule|Evasion Moves Clause: Evasion moves are banned
|rule|Endless Battle Clause: Forcing endless battles is banned
|rule|HP Percentage Mod: HP is shown in percentages
|teampreview
|
|start
|switch|p1a: Ferrothorn|Ferrothorn, M|352\/352
|switch|p2a: Charizard|Charizard, F|297\/297
|turn|1
|
|detailschange|p2a: Charizard|Charizard-Mega-Y, F
|message|Charizard has Mega Evolved into Mega Charizard!
|-weather|SunnyDay
|move|p2a: Charizard|Focus Blast|p1a: Ferrothorn
|-supereffective|p1a: Ferrothorn
|-damage|p1a: Ferrothorn|52\/352
|move|p1a: Ferrothorn|Toxic|p2a: Charizard
|-status|p2a: Charizard|tox
|
|-weather|SunnyDay|[upkeep]
|-heal|p1a: Ferrothorn|74\/352|[from] item: Leftovers
|-damage|p2a: Charizard|279\/297 tox|[from] psn
|turn|2
|
|switch|p1a: Starmie|Starmie|261\/261
|move|p2a: Charizard|Roost|p2a: Charizard
|-heal|p2a: Charizard|297\/297 tox
|
|-weather|SunnyDay|[upkeep]
|-damage|p2a: Charizard|261\/297 tox|[from] psn
|turn|3
|
|move|p1a: Starmie|Psyshock|p2a: Charizard
|-damage|p2a: Charizard|119\/297 tox
|move|p2a: Charizard|Solar Beam|p1a: Starmie|[still]
|-prepare|p2a: Charizard|Solar Beam|p1a: Starmie
|-anim|p2a: Charizard|Solar Beam|p1a: Starmie
|-supereffective|p1a: Starmie
|-damage|p1a: Starmie|0 fnt
|faint|p1a: Starmie
|
|-weather|SunnyDay|[upkeep]
|-damage|p2a: Charizard|65\/297 tox|[from] psn
|
|switch|p1a: Charizard|Charizard, M|298\/298
|turn|4
|
|switch|p2a: Garchomp|Garchomp, F|358\/358
|detailschange|p1a: Charizard|Charizard-Mega-X, M
|message|Charizard has Mega Evolved into Mega Charizard!
|move|p1a: Charizard|Dragon Dance|p1a: Charizard
|-boost|p1a: Charizard|atk|1
|-boost|p1a: Charizard|spe|1
|
|-weather|SunnyDay|[upkeep]
|turn|5
|
|switch|p1a: Gliscor|Gliscor, M|354\/354
|move|p2a: Garchomp|Dragon Claw|p1a: Gliscor
|-damage|p1a: Gliscor|272\/354
|
|-weather|none
|-status|p1a: Gliscor|tox|[from] item: Toxic Orb
|turn|6
|
|switch|p2a: Conkeldurr|Conkeldurr, M|351\/351
|move|p1a: Gliscor|Toxic|p2a: Conkeldurr
|-status|p2a: Conkeldurr|tox
|
|-heal|p1a: Gliscor|316\/354 tox|[from] ability: Poison Heal
|-damage|p2a: Conkeldurr|330\/351 tox|[from] psn
|turn|7
|
|move|p1a: Gliscor|Protect|p1a: Gliscor
|-singleturn|p1a: Gliscor|Protect
|move|p2a: Conkeldurr|Ice Punch|p1a: Gliscor
|-activate|p1a: Gliscor|Protect
|
|-heal|p1a: Gliscor|354\/354 tox|[from] ability: Poison Heal
|-damage|p2a: Conkeldurr|288\/351 tox|[from] psn
|turn|8
|
|switch|p1a: Greninja|Greninja, M|286\/286
|move|p2a: Conkeldurr|Ice Punch|p1a: Greninja
|-resisted|p1a: Greninja
|-damage|p1a: Greninja|183\/286
|
|-damage|p2a: Conkeldurr|225\/351 tox|[from] psn
|turn|9
|
|switch|p1a: Gliscor|Gliscor, M|354\/354 tox
|move|p2a: Conkeldurr|Mach Punch|p1a: Gliscor
|-resisted|p1a: Gliscor
|-damage|p1a: Gliscor|319\/354 tox
|
|-heal|p1a: Gliscor|354\/354 tox|[from] ability: Poison Heal
|-damage|p2a: Conkeldurr|141\/351 tox|[from] psn
|turn|10
|
|switch|p2a: Thundurus|Thundurus, M|299\/299
|move|p1a: Gliscor|Protect|p1a: Gliscor
|-fail|p1a: Gliscor
|
|turn|11
|
|switch|p1a: Heatran|Heatran, M|386\/386
|move|p2a: Thundurus|Knock Off|p1a: Heatran
|-damage|p1a: Heatran|285\/386
|-enditem|p1a: Heatran|Leftovers|[from] move: Knock Off|[of] p2a: Thundurus
|-damage|p2a: Thundurus|270\/299|[from] item: Life Orb
|
|turn|12
|
|switch|p2a: Conkeldurr|Conkeldurr, M|141\/351 tox
|move|p1a: Heatran|Toxic|p2a: Conkeldurr
|-fail|p2a: Conkeldurr|tox
|
|-damage|p2a: Conkeldurr|120\/351 tox|[from] psn
|turn|13
|
|move|p1a: Heatran|Protect|p1a: Heatran
|-singleturn|p1a: Heatran|Protect
|move|p2a: Conkeldurr|Drain Punch|p1a: Heatran
|-activate|p1a: Heatran|Protect
|
|-damage|p2a: Conkeldurr|78\/351 tox|[from] psn
|turn|14
|
|switch|p1a: Charizard|Charizard-Mega-X, M|298\/298
|move|p2a: Conkeldurr|Ice Punch|p1a: Charizard
|-damage|p1a: Charizard|155\/298
|
|-damage|p2a: Conkeldurr|15\/351 tox|[from] psn
|turn|15
|
|switch|p1a: Gliscor|Gliscor, M|354\/354 tox
|move|p2a: Conkeldurr|Mach Punch|p1a: Gliscor
|-crit|p1a: Gliscor
|-resisted|p1a: Gliscor
|-damage|p1a: Gliscor|300\/354 tox
|
|-heal|p1a: Gliscor|344\/354 tox|[from] ability: Poison Heal
|-damage|p2a: Conkeldurr|0 fnt|[from] psn
|faint|p2a: Conkeldurr
|
|switch|p2a: Charizard|Charizard-Mega-Y, F|65\/297 tox
|-weather|SunnyDay
|turn|16
|
|switch|p1a: Charizard|Charizard-Mega-X, M|155\/298
|move|p2a: Charizard|Roost|p2a: Charizard
|-heal|p2a: Charizard|214\/297 tox
|
|-weather|SunnyDay|[upkeep]
|-damage|p2a: Charizard|196\/297 tox|[from] psn
|turn|17
|
|switch|p2a: Bisharp|Bisharp, F|271\/271
|move|p1a: Charizard|Dragon Claw|p2a: Bisharp
|-resisted|p2a: Bisharp
|-damage|p2a: Bisharp|163\/271
|
|-weather|SunnyDay|[upkeep]
|turn|18
|
|switch|p1a: Gliscor|Gliscor, M|344\/354 tox
|switch|p2a: Garchomp|Garchomp, F|358\/358
|
|-weather|SunnyDay|[upkeep]
|-heal|p1a: Gliscor|354\/354 tox|[from] ability: Poison Heal
|turn|19
|
|switch|p2a: Charizard|Charizard-Mega-Y, F|196\/297 tox
|move|p1a: Gliscor|Toxic|p2a: Charizard
|-fail|p2a: Charizard|tox
|
|-weather|SunnyDay|[upkeep]
|-damage|p2a: Charizard|178\/297 tox|[from] psn
|turn|20
|
|switch|p1a: Charizard|Charizard-Mega-X, M|155\/298
|move|p2a: Charizard|Roost|p2a: Charizard
|-heal|p2a: Charizard|297\/297 tox
|
|-weather|none
|-damage|p2a: Charizard|261\/297 tox|[from] psn
|turn|21
|
|switch|p2a: Bisharp|Bisharp, F|163\/271
|move|p1a: Charizard|Dragon Claw|p2a: Bisharp
|-resisted|p2a: Bisharp
|-damage|p2a: Bisharp|66\/271
|
|turn|22
|
|move|p1a: Charizard|Fire Punch|p2a: Bisharp
|-supereffective|p2a: Bisharp
|-damage|p2a: Bisharp|0 fnt
|faint|p2a: Bisharp
|
|
|switch|p2a: Garchomp|Garchomp, F|358\/358
|turn|23
|
|switch|p2a: Charizard|Charizard-Mega-Y, F|261\/297 tox
|-weather|SunnyDay
|switch|p1a: Gliscor|Gliscor, M|354\/354 tox
|
|-weather|SunnyDay|[upkeep]
|-damage|p2a: Charizard|243\/297 tox|[from] psn
|turn|24
|
|switch|p1a: Heatran|Heatran, M|285\/386
|move|p2a: Charizard|Solar Beam|p1a: Heatran|[still]
|-prepare|p2a: Charizard|Solar Beam|p1a: Heatran
|-anim|p2a: Charizard|Solar Beam|p1a: Heatran
|-resisted|p1a: Heatran
|-damage|p1a: Heatran|258\/386
|
|-weather|SunnyDay|[upkeep]
|-damage|p2a: Charizard|207\/297 tox|[from] psn
|turn|25
|
|move|p1a: Heatran|Protect|p1a: Heatran
|-singleturn|p1a: Heatran|Protect
|move|p2a: Charizard|Roost|p2a: Charizard
|-heal|p2a: Charizard|297\/297 tox
|
|-weather|SunnyDay|[upkeep]
|-damage|p2a: Charizard|243\/297 tox|[from] psn
|turn|26
|
|move|p2a: Charizard|Focus Blast|p1a: Heatran
|-supereffective|p1a: Heatran
|-damage|p1a: Heatran|38\/386
|move|p1a: Heatran|Lava Plume|p2a: Charizard
|-resisted|p2a: Charizard
|-damage|p2a: Charizard|158\/297 tox
|
|-weather|SunnyDay|[upkeep]
|-damage|p2a: Charizard|86\/297 tox|[from] psn
|turn|27
|
|move|p2a: Charizard|Roost|p2a: Charizard
|-heal|p2a: Charizard|235\/297 tox
|move|p1a: Heatran|Lava Plume|p2a: Charizard
|-resisted|p2a: Charizard
|-damage|p2a: Charizard|147\/297 tox
|
|-weather|none
|-damage|p2a: Charizard|57\/297 tox|[from] psn
|turn|28
|
|switch|p2a: Mew|Mew|404\/404
|move|p1a: Heatran|Lava Plume|p2a: Mew
|-damage|p2a: Mew|287\/404
|-status|p2a: Mew|brn
|
|-heal|p2a: Mew|312\/404 brn|[from] item: Leftovers
|-damage|p2a: Mew|262\/404 brn|[from] brn
|turn|29
|
|switch|p2a: Garchomp|Garchomp, F|358\/358
|switch|p1a: Charizard|Charizard-Mega-X, M|155\/298
|
|turn|30
|
|switch|p1a: Gliscor|Gliscor, M|354\/354 tox
|move|p2a: Garchomp|Dragon Claw|p1a: Gliscor
|-damage|p1a: Gliscor|261\/354 tox
|
|-heal|p1a: Gliscor|305\/354 tox|[from] ability: Poison Heal
|turn|31
|
|switch|p2a: Mew|Mew|262\/404 brn
|switch|p1a: Heatran|Heatran, M|38\/386
|
|-heal|p2a: Mew|287\/404 brn|[from] item: Leftovers
|-damage|p2a: Mew|237\/404 brn|[from] brn
|turn|32
|
|move|p2a: Mew|Knock Off|p1a: Heatran
|-damage|p1a: Heatran|17\/386
|move|p1a: Heatran|Lava Plume|p2a: Mew
|-crit|p2a: Mew
|-damage|p2a: Mew|74\/404 brn
|
|-heal|p2a: Mew|99\/404 brn|[from] item: Leftovers
|-damage|p2a: Mew|49\/404 brn|[from] brn
|turn|33
|
|move|p2a: Mew|Soft-Boiled|p2a: Mew
|-heal|p2a: Mew|251\/404 brn
|move|p1a: Heatran|Lava Plume|p2a: Mew
|-crit|p2a: Mew
|-damage|p2a: Mew|76\/404 brn
|
|-heal|p2a: Mew|101\/404 brn|[from] item: Leftovers
|-damage|p2a: Mew|51\/404 brn|[from] brn
|turn|34
|
|move|p2a: Mew|Soft-Boiled|p2a: Mew
|-heal|p2a: Mew|253\/404 brn
|move|p1a: Heatran|Lava Plume|p2a: Mew
|-damage|p2a: Mew|124\/404 brn
|
|-heal|p2a: Mew|149\/404 brn|[from] item: Leftovers
|-damage|p2a: Mew|99\/404 brn|[from] brn
|turn|35
|
|move|p2a: Mew|Knock Off|p1a: Heatran
|-damage|p1a: Heatran|0 fnt
|faint|p1a: Heatran
|
|-heal|p2a: Mew|124\/404 brn|[from] item: Leftovers
|-damage|p2a: Mew|74\/404 brn|[from] brn
|
|switch|p1a: Greninja|Greninja, M|183\/286
|turn|36
|
|move|p1a: Greninja|Surf|p2a: Mew
|-start|p1a: Greninja|typechange|Water|[from] Protean
|-damage|p2a: Mew|0 fnt
|-damage|p1a: Greninja|155\/286|[from] item: Life Orb
|faint|p2a: Mew
|
|
|switch|p2a: Garchomp|Garchomp, F|358\/358
|turn|37
|
|switch|p2a: Charizard|Charizard-Mega-Y, F|57\/297 tox
|-weather|SunnyDay
|switch|p1a: Gliscor|Gliscor, M|305\/354 tox
|
|-weather|SunnyDay|[upkeep]
|-damage|p2a: Charizard|39\/297 tox|[from] psn
|-heal|p1a: Gliscor|349\/354 tox|[from] ability: Poison Heal
|turn|38
|
|switch|p1a: Greninja|Greninja, M|155\/286
|move|p2a: Charizard|Fire Blast|p1a: Greninja
|-resisted|p1a: Greninja
|-damage|p1a: Greninja|0 fnt
|faint|p1a: Greninja
|
|-weather|SunnyDay|[upkeep]
|-damage|p2a: Charizard|3\/297 tox|[from] psn
|
|switch|p1a: Charizard|Charizard-Mega-X, M|155\/298
|turn|39
|
|move|p2a: Charizard|Focus Blast|p1a: Charizard
|-damage|p1a: Charizard|0 fnt
|faint|p1a: Charizard
|
|-weather|SunnyDay|[upkeep]
|-damage|p2a: Charizard|0 fnt|[from] psn
|faint|p2a: Charizard
|
|switch|p2a: Thundurus|Thundurus, M|270\/299
|switch|p1a: Ferrothorn|Ferrothorn, M|74\/352
|turn|40
|
|move|p2a: Thundurus|Superpower|p1a: Ferrothorn
|-crit|p1a: Ferrothorn
|-supereffective|p1a: Ferrothorn
|-damage|p1a: Ferrothorn|0 fnt
|-damage|p2a: Thundurus|233\/299|[from] ability: Iron Barbs|[of] p1a: Ferrothorn
|-unboost|p2a: Thundurus|atk|1
|-unboost|p2a: Thundurus|def|1
|-damage|p2a: Thundurus|204\/299|[from] item: Life Orb
|faint|p1a: Ferrothorn
|
|-weather|SunnyDay|[upkeep]
|
|switch|p1a: Gliscor|Gliscor, M|349\/354 tox
|turn|41
|
|move|p2a: Thundurus|Hidden Power|p1a: Gliscor
|-supereffective|p1a: Gliscor
|-damage|p1a: Gliscor|0 fnt
|-damage|p2a: Thundurus|175\/299|[from] item: Life Orb
|faint|p1a: Gliscor
|
|win|bizarman
|raw|Ladder updating...
|raw|qwerp's rating: 1600 &rarr; <strong>1578<\/strong><br \/>(-22 for losing)
|raw|bizarman's rating: 1559 &rarr; <strong>1582<\/strong><br \/>(+23 for winning)
|c|★bizarman|gg
|leave|qwerp
|player|p1