|join|ugygygy
|join|superduperderp
|player|p1|ugygygy|101
|player|p2|superduperderp|114
|gametype|singles
|gen|6
|tier|UU
|rated
|rule|Sleep Clause Mod: Limit one foe put to sleep
|rule|Species Clause: Limit one of each Pokémon
|rule|OHKO Clause: OHKO moves are banned
|rule|Moody Clause: Moody is banned
|rule|Evasion Moves Clause: Evasion moves are banned
|rule|Endless Battle Clause: Forcing endless battles is banned
|rule|HP Percentage Mod: HP is shown in percentages
|clearpoke
|poke|p1|Entei, shiny
|poke|p1|Mienshao, M
|poke|p1|Celebi
|poke|p1|Aerodactyl, F
|poke|p1|Froslass, F
|poke|p1|Kingdra, M
|poke|p2|Crobat, F
|poke|p2|Krookodile, F
|poke|p2|Yanmega, M
|poke|p2|Snorlax, M
|poke|p2|Infernape, F
|poke|p2|Vaporeon, M
|rule|Swagger Clause: Swagger is banned
|rule|Baton Pass Clause: Limit one Pokémon knowing Baton Pass
|teampreview
|
|start
|switch|p1a: Froslass|Froslass, F|281\/281
|switch|p2a: Crobat|Crobat, F|336\/336
|turn|1
|
|move|p2a: Crobat|Brave Bird|p1a: Froslass
|-damage|p1a: Froslass|67\/281
|-damage|p2a: Crobat|265\/336|[from] recoil|[of] p1a: Froslass
|move|p1a: Froslass|Taunt|p2a: Crobat
|-start|p2a: Crobat|move: Taunt
|
|-heal|p2a: Crobat|286\/336|[from] item: Black Sludge
|turn|2
|
|switch|p1a: Aerodactyl|Aerodactyl, F|301\/301
|-ability|p1a: Aerodactyl|Pressure
|move|p2a: Crobat|Brave Bird|p1a: Aerodactyl
|-resisted|p1a: Aerodactyl
|-damage|p1a: Aerodactyl|184\/301
|-damage|p2a: Crobat|247\/336|[from] recoil|[of] p1a: Aerodactyl
|
|-heal|p2a: Crobat|268\/336|[from] item: Black Sludge
|turn|3
|
|switch|p2a: Krookodile|Krookodile, F|331\/331
|-ability|p2a: Krookodile|Intimidate|[of] p1a: Aerodactyl
|-unboost|p1a: Aerodactyl|atk|1
|detailschange|p1a: Aerodactyl|Aerodactyl-Mega, F
|-mega|p1a: Aerodactyl|Aerodactyl|Aerodactylite
|move|p1a: Aerodactyl|Stone Edge|p2a: Krookodile
|-resisted|p2a: Krookodile
|-damage|p2a: Krookodile|253\/331
|
|turn|4
|
|switch|p1a: Froslass|Froslass, F|67\/281
|move|p2a: Krookodile|Stealth Rock|p1a: Froslass
|-sidestart|p1: ugygygy|move: Stealth Rock
|
|turn|5
|
|move|p1a: Froslass|Spikes|p2a: Krookodile
|-sidestart|p2: superduperderp|Spikes
|move|p2a: Krookodile|Pursuit|p1a: Froslass
|-supereffective|p1a: Froslass
|-damage|p1a: Froslass|0 fnt
|-damage|p2a: Krookodile|220\/331|[from] item: Life Orb
|faint|p1a: Froslass
|
|
|switch|p1a: Kingdra|Kingdra, M|291\/291
|-damage|p1a: Kingdra|255\/291|[from] Stealth Rock
|turn|6
|
|move|p2a: Krookodile|Knock Off|p1a: Kingdra
|-damage|p1a: Kingdra|29\/291
|-enditem|p1a: Kingdra|Leftovers|[from] move: Knock Off|[of] p2a: Krookodile
|-damage|p2a: Krookodile|187\/331|[from] item: Life Orb
|move|p1a: Kingdra|Dragon Dance|p1a: Kingdra
|-boost|p1a: Kingdra|atk|1
|-boost|p1a: Kingdra|spe|1
|
|turn|7
|
|switch|p2a: Vaporeon|Vaporeon, M|449\/449
|-damage|p2a: Vaporeon|393\/449|[from] Spikes
|move|p1a: Kingdra|Waterfall|p2a: Vaporeon
|-heal|p2a: Vaporeon|449\/449|[from] ability: Water Absorb|[of] p1a: Kingdra
|
|turn|8
|
|move|p1a: Kingdra|Outrage|p2a: Vaporeon
|-crit|p2a: Vaporeon
|-damage|p2a: Vaporeon|0 fnt
|faint|p2a: Vaporeon
|
|
|switch|p2a: Infernape|Infernape, F|293\/293
|-damage|p2a: Infernape|257\/293|[from] Spikes
|turn|9
|
|move|p2a: Infernape|Mach Punch|p1a: Kingdra
|-damage|p1a: Kingdra|0 fnt
|-damage|p2a: Infernape|228\/293|[from] item: Life Orb
|faint|p1a: Kingdra
|
|
|switch|p1a: Mienshao|Mienshao, M|271\/271
|-damage|p1a: Mienshao|255\/271|[from] Stealth Rock
|turn|10
|
|switch|p2a: Crobat|Crobat, F|268\/336
|move|p1a: Mienshao|Stone Edge|p2a: Crobat
|-supereffective|p2a: Crobat
|-damage|p2a: Crobat|0 fnt
|faint|p2a: Crobat
|
|
|switch|p2a: Krookodile|Krookodile, F|187\/331
|-damage|p2a: Krookodile|146\/331|[from] Spikes
|-ability|p2a: Krookodile|Intimidate|[of] p1a: Mienshao
|-unboost|p1a: Mienshao|atk|1
|turn|11
|
|switch|p1a: Celebi|Celebi|341\/341
|-damage|p1a: Celebi|299\/341|[from] Stealth Rock
|move|p2a: Krookodile|Knock Off|p1a: Celebi
|-supereffective|p1a: Celebi
|-damage|p1a: Celebi|0 fnt
|-enditem|p1a: Celebi|Choice Specs|[from] move: Knock Off|[of] p2a: Krookodile
|-damage|p2a: Krookodile|113\/331|[from] item: Life Orb
|faint|p1a: Celebi
|
|
|switch|p1a: Mienshao|Mienshao, M|271\/271
|-damage|p1a: Mienshao|255\/271|[from] Stealth Rock
|turn|12
|
|move|p1a: Mienshao|U-turn|p2a: Krookodile
|-supereffective|p2a: Krookodile
|-damage|p2a: Krookodile|0 fnt
|faint|p2a: Krookodile
|
|switch|p1a: Entei|Entei, shiny|371\/371
|-damage|p1a: Entei|279\/371|[from] Stealth Rock
|-ability|p1a: Entei|Pressure
|
|
|switch|p2a: Snorlax|Snorlax, M|524\/524
|-damage|p2a: Snorlax|459\/524|[from] Spikes
|turn|13
|
|move|p1a: Entei|Flare Blitz|p2a: Snorlax
|-damage|p2a: Snorlax|258\/524
|-damage|p1a: Entei|213\/371|[from] recoil|[of] p2a: Snorlax
|move|p2a: Snorlax|Curse|p2a: Snorlax
|-boost|p2a: Snorlax|atk|1
|-boost|p2a: Snorlax|def|1
|-unboost|p2a: Snorlax|spe|1
|
|-heal|p2a: Snorlax|290\/524|[from] item: Leftovers
|turn|14
|
|move|p1a: Entei|Flare Blitz|p2a: Snorlax
|-damage|p2a: Snorlax|146\/524
|-damage|p1a: Entei|165\/371|[from] recoil|[of] p2a: Snorlax
|move|p2a: Snorlax|Body Slam|p1a: Entei
|-damage|p1a: Entei|0 fnt
|faint|p1a: Entei
|
|-heal|p2a: Snorlax|178\/524|[from] item: Leftovers
|
|switch|p1a: Mienshao|Mienshao, M|271\/271
|-damage|p1a: Mienshao|255\/271|[from] Stealth Rock
|turn|15
|
|move|p1a: Mienshao|High Jump Kick|p2a: Snorlax
|-crit|p2a: Snorlax
|-supereffective|p2a: Snorlax
|-damage|p2a: Snorlax|0 fnt
|faint|p2a: Snorlax
|
|
|switch|p2a: Yanmega|Yanmega, M|313\/313
|turn|16
|
|switch|p1a: Aerodactyl|Aerodactyl-Mega, F|184\/301
|-damage|p1a: Aerodactyl|109\/301|[from] Stealth Rock
|move|p2a: Yanmega|Giga Drain|p1a: Aerodactyl
|-damage|p1a: Aerodactyl|0 fnt
|-damage|p2a: Yanmega|282\/313|[from] item: Life Orb
|faint|p1a: Aerodactyl
|
|-boost|p2a: Yanmega|spe|1|[from] ability: Speed Boost
|
|switch|p1a: Mienshao|Mienshao, M|271\/271
|-damage|p1a: Mienshao|255\/271|[from] Stealth Rock
|turn|17
|
|move|p2a: Yanmega|Protect|p2a: Yanmega
|-singleturn|p2a: Yanmega|Protect
|move|p1a: Mienshao|Stone Edge|p2a: Yanmega
|-activate|p2a: Yanmega|Protect
|
|-boost|p2a: Yanmega|spe|1|[from] ability: Speed Boost
|turn|18
|
|move|p2a: Yanmega|Air Slash|p1a: Mienshao
|-supereffective|p1a: Mienshao
|-damage|p1a: Mienshao|0 fnt
|-damage|p2a: Yanmega|251\/313|[from] item: Life Orb
|faint|p1a: Mienshao
|
|win|superduperderp
|raw|Ladder updating...
|raw|ugygygy's rating: 1000 &rarr; <strong>1000<\/strong><br \/>(+0 for losing)
|raw|superduperderp's rating: 1045 &rarr; <strong>1074<\/strong><br \/>(+29 for winning)
|c|★superduperderp|gg
|leave|ugygygy
|player|p1