|join|LiberalLucario
|join|burnsOFF
|c|★LiberalLucario|um
|c|★LiberalLucario|ok
|c|★burnsOFF|Didn't we just play him
|player|p1|LiberalLucario|130
|player|p2|burnsOFF|164
|gametype|singles
|gen|6
|tier|UU
|rated
|rule|Sleep Clause Mod: Limit one foe put to sleep
|rule|Species Clause: Limit one of each Pokémon
|rule|OHKO Clause: OHKO moves are banned
|rule|Moody Clause: Moody is banned
|rule|Evasion Moves Clause: Evasion moves are banned
|rule|Endless Battle Clause: Forcing endless battles is banned
|rule|HP Percentage Mod: HP is shown in percentages
|clearpoke
|poke|p1|Qwilfish, F
|poke|p1|Cobalion
|poke|p1|Sharpedo, F
|poke|p1|Hydreigon, F
|poke|p1|Celebi
|poke|p1|Rotom-Heat
|poke|p2|Nidoqueen, F
|poke|p2|Starmie
|poke|p2|Infernape, M
|poke|p2|Jirachi
|poke|p2|Hydreigon, M
|poke|p2|Ampharos, M
|rule|Swagger Clause: Swagger is banned
|rule|Baton Pass Clause: Limit one Pokémon knowing Baton Pass
|teampreview
|c|★LiberalLucario|yes
|c|★burnsOFF|oh hey there
|c|★LiberalLucario|we did
|c|★burnsOFF|i'm that
|c|★burnsOFF|'shit player'
|c|★burnsOFF|who gave you cock :\/
|c|★LiberalLucario|lmao
|c|★LiberalLucario|i was just
|c|★LiberalLucario|a bit salty
|c|★burnsOFF|Salt tastes good
|c|★LiberalLucario|because i got to #11 and didnt wanna lose
|c|★burnsOFF|oh shit
|c|★burnsOFF|you were 11?
|c|★LiberalLucario|so i laddered back up to 13
|c|★burnsOFF|at 1660
|c|★LiberalLucario|after i lost to you
|c|★LiberalLucario|xd
|c|★burnsOFF|i feel bad now
|c|★burnsOFF|you take this one i'll finish up and grab another game
|
|start
|switch|p1a: Celebi|Celebi|341\/341
|switch|p2a: Nidoqueen|Nidoqueen, F|353\/353
|turn|1
|c|★LiberalLucario|you gonna
|c|★LiberalLucario|sack your queen turn 1 again
|c|★LiberalLucario|yn
|c|★burnsOFF|im only laddering this cancer tier because i want to get into the indigo plateu
|c|★LiberalLucario|oh
|c|★LiberalLucario|i'm already in dw
|c|★LiberalLucario|:]
|c|★burnsOFF|yw
|c|★burnsOFF|most uu'ers are shit
|c|★LiberalLucario|yeah
|c|★LiberalLucario|most are.
|
|move|p1a: Celebi|Psychic|p2a: Nidoqueen
|-supereffective|p2a: Nidoqueen
|-damage|p2a: Nidoqueen|0 fnt
|-damage|p1a: Celebi|307\/341|[from] item: Life Orb
|faint|p2a: Nidoqueen
|
|c|★burnsOFF|this is literally my first time in RU
|c|★burnsOFF|and damn lmao
|c|★burnsOFF|nigga
|c|★burnsOFF|;;;;;
|c|★LiberalLucario|lol
|c|★burnsOFF|jak its fine
|
|switch|p2a: Hydreigon|Hydreigon, M|325\/325
|turn|2
|c|★burnsOFF|dont be that guy
|c|★burnsOFF|I know
|
|switch|p1a: Cobalion|Cobalion|386\/386
|move|p2a: Hydreigon|U-turn|p1a: Cobalion
|-resisted|p1a: Cobalion
|-damage|p1a: Cobalion|374\/386
|
|switch|p2a: Infernape|Infernape, M|293\/293
|
|-heal|p1a: Cobalion|386\/386|[from] item: Leftovers
|turn|3
|
|switch|p1a: Qwilfish|Qwilfish, F|334\/334
|-ability|p1a: Qwilfish|Intimidate|[of] p2a: Infernape
|-unboost|p2a: Infernape|atk|1
|move|p2a: Infernape|Thunder Punch|p1a: Qwilfish
|-supereffective|p1a: Qwilfish
|-damage|p1a: Qwilfish|164\/334
|
|-heal|p1a: Qwilfish|184\/334|[from] item: Black Sludge
|turn|4
|c|★burnsOFF|whistle
|
|switch|p2a: Ampharos|Ampharos, M|384\/384
|switch|p1a: Celebi|Celebi|307\/341
|
|turn|5
|c|★burnsOFF|nido doesn't really do shit tho
|
|switch|p2a: Hydreigon|Hydreigon, M|325\/325
|move|p1a: Celebi|Earth Power|p2a: Hydreigon
|-immune|p2a: Hydreigon|[msg]
|
|turn|6
|c|★burnsOFF|so i think we're fine
|
|switch|p1a: Cobalion|Cobalion|386\/386
|move|p2a: Hydreigon|U-turn|p1a: Cobalion
|-resisted|p1a: Cobalion
|-damage|p1a: Cobalion|375\/386
|
|switch|p2a: Infernape|Infernape, M|293\/293
|
|-heal|p1a: Cobalion|386\/386|[from] item: Leftovers
|turn|7
|
|switch|p1a: Qwilfish|Qwilfish, F|184\/334
|-ability|p1a: Qwilfish|Intimidate|[of] p2a: Infernape
|-unboost|p2a: Infernape|atk|1
|move|p2a: Infernape|Close Combat|p1a: Qwilfish
|-resisted|p1a: Qwilfish
|-damage|p1a: Qwilfish|105\/334
|-unboost|p2a: Infernape|def|1
|-unboost|p2a: Infernape|spd|1
|
|-heal|p1a: Qwilfish|125\/334|[from] item: Black Sludge
|turn|8
|c|★burnsOFF|fuck i hit RU by mistake
|c|★burnsOFF|its fine
|
|switch|p2a: Ampharos|Ampharos, M|384\/384
|move|p1a: Qwilfish|Spikes|p2a: Ampharos
|-sidestart|p2: burnsOFF|Spikes
|
|-heal|p1a: Qwilfish|145\/334|[from] item: Black Sludge
|turn|9
|
|detailschange|p2a: Ampharos|Ampharos-Mega, M
|-mega|p2a: Ampharos|Ampharos|Ampharosite
|-ability|p2a: Ampharos|Mold Breaker
|move|p1a: Qwilfish|Spikes|p2a: Ampharos
|-sidestart|p2: burnsOFF|Spikes
|move|p2a: Ampharos|Dragon Pulse|p1a: Qwilfish
|-damage|p1a: Qwilfish|0 fnt
|faint|p1a: Qwilfish
|
|
|switch|p1a: Cobalion|Cobalion|386\/386
|turn|10
|
|move|p1a: Cobalion|Stealth Rock|p2a: Ampharos
|-sidestart|p2: burnsOFF|move: Stealth Rock
|move|p2a: Ampharos|Volt Switch|p1a: Cobalion
|-damage|p1a: Cobalion|160\/386
|
|switch|p2a: Starmie|Starmie|261\/261
|-damage|p2a: Starmie|218\/261|[from] Spikes
|-damage|p2a: Starmie|186\/261|[from] Stealth Rock
|
|-heal|p1a: Cobalion|184\/386|[from] item: Leftovers
|turn|11
|
|move|p2a: Starmie|Rapid Spin|p1a: Cobalion
|-resisted|p1a: Cobalion
|-damage|p1a: Cobalion|179\/386
|-sideend|p2: burnsOFF|Spikes|[from] move: Rapid Spin|[of] p2a: Starmie
|-sideend|p2: burnsOFF|Stealth Rock|[from] move: Rapid Spin|[of] p2a: Starmie
|-damage|p2a: Starmie|160\/261|[from] item: Life Orb
|move|p1a: Cobalion|Volt Switch|p2a: Starmie
|-supereffective|p2a: Starmie
|-damage|p2a: Starmie|64\/261
|
|switch|p1a: Hydreigon|Hydreigon, F|325\/325
|
|turn|12
|
|move|p1a: Hydreigon|U-turn|p2a: Starmie
|-supereffective|p2a: Starmie
|-damage|p2a: Starmie|0 fnt
|faint|p2a: Starmie
|
|switch|p1a: Rotom-Heat|Rotom-Heat|241\/241
|
|
|switch|p2a: Ampharos|Ampharos-Mega, M|384\/384
|-ability|p2a: Ampharos|Mold Breaker
|turn|13
|
|move|p1a: Rotom-Heat|Volt Switch|p2a: Ampharos
|-resisted|p2a: Ampharos
|-damage|p2a: Ampharos|347\/384
|
|switch|p1a: Celebi|Celebi|307\/341
|move|p2a: Ampharos|Dragon Pulse|p1a: Celebi
|-damage|p1a: Celebi|120\/341
|
|turn|14
|
|switch|p2a: Hydreigon|Hydreigon, M|325\/325
|move|p1a: Celebi|Giga Drain|p2a: Hydreigon
|-resisted|p2a: Hydreigon
|-damage|p2a: Hydreigon|247\/325
|-heal|p1a: Celebi|159\/341|[from] drain|[of] p2a: Hydreigon
|-damage|p1a: Celebi|125\/341|[from] item: Life Orb
|
|turn|15
|
|switch|p1a: Cobalion|Cobalion|179\/386
|move|p2a: Hydreigon|U-turn|p1a: Cobalion
|-crit|p1a: Cobalion
|-resisted|p1a: Cobalion
|-damage|p1a: Cobalion|162\/386
|
|switch|p2a: Infernape|Infernape, M|293\/293
|
|-heal|p1a: Cobalion|186\/386|[from] item: Leftovers
|turn|16
|
|switch|p1a: Rotom-Heat|Rotom-Heat|241\/241
|move|p2a: Infernape|Close Combat|p1a: Rotom-Heat
|-damage|p1a: Rotom-Heat|0 fnt
|-unboost|p2a: Infernape|def|1
|-unboost|p2a: Infernape|spd|1
|faint|p1a: Rotom-Heat
|
|
|switch|p1a: Hydreigon|Hydreigon, F|325\/325
|turn|17
|c|★burnsOFF|gawn\
|
|switch|p2a: Jirachi|Jirachi|341\/341
|move|p1a: Hydreigon|Dark Pulse|p2a: Jirachi
|-supereffective|p2a: Jirachi
|-damage|p2a: Jirachi|87\/341
|
|turn|18
|c|★LiberalLucario|ez
|c|★burnsOFF|sent to the shadow realm
|
|switch|p1a: Cobalion|Cobalion|186\/386
|move|p2a: Jirachi|U-turn|p1a: Cobalion
|-resisted|p1a: Cobalion
|-damage|p1a: Cobalion|174\/386
|
|switch|p2a: Infernape|Infernape, M|293\/293
|
|-heal|p1a: Cobalion|198\/386|[from] item: Leftovers
|turn|19
|
|move|p2a: Infernape|Close Combat|p1a: Cobalion
|-supereffective|p1a: Cobalion
|-damage|p1a: Cobalion|0 fnt
|-unboost|p2a: Infernape|def|1
|-unboost|p2a: Infernape|spd|1
|faint|p1a: Cobalion
|
|
|switch|p1a: Sharpedo|Sharpedo, F|281\/281
|turn|20
|
|switch|p2a: Ampharos|Ampharos-Mega, M|347\/384
|-ability|p2a: Ampharos|Mold Breaker
|move|p1a: Sharpedo|Protect|p1a: Sharpedo
|-fail|p1a: Sharpedo
|
|-boost|p1a: Sharpedo|spe|1|[from] ability: Speed Boost
|turn|21
|
|switch|p1a: Hydreigon|Hydreigon, F|325\/325
|move|p2a: Ampharos|Volt Switch|p1a: Hydreigon
|-resisted|p1a: Hydreigon
|-damage|p1a: Hydreigon|236\/325
|
|switch|p2a: Jirachi|Jirachi|87\/341
|
|turn|22
|
|move|p2a: Jirachi|U-turn|p1a: Hydreigon
|-supereffective|p1a: Hydreigon
|-damage|p1a: Hydreigon|54\/325
|
|switch|p2a: Infernape|Infernape, M|293\/293
|move|p1a: Hydreigon|Dark Pulse|p2a: Infernape
|-resisted|p2a: Infernape
|-damage|p2a: Infernape|200\/293
|
|turn|23
|
|move|p2a: Infernape|Mach Punch|p1a: Hydreigon
|-supereffective|p1a: Hydreigon
|-damage|p1a: Hydreigon|0 fnt
|faint|p1a: Hydreigon
|
|c|★burnsOFF|good shit B
|
|switch|p1a: Celebi|Celebi|125\/341
|turn|24
|c|★burnsOFF|ayyy
|c|★burnsOFF|gg liberal
|c|★LiberalLucario|;_;
|
|switch|p2a: Hydreigon|Hydreigon, M|247\/325
|move|p1a: Celebi|Giga Drain|p2a: Hydreigon
|-resisted|p2a: Hydreigon
|-damage|p2a: Hydreigon|169\/325
|-heal|p1a: Celebi|164\/341|[from] drain|[of] p2a: Hydreigon
|-damage|p1a: Celebi|130\/341|[from] item: Life Orb
|
|turn|25
|c|★burnsOFF|my plays were on fucking point this game
|c|★LiberalLucario|part that and
|c|★LiberalLucario|i played badly
|
|move|p2a: Hydreigon|U-turn|p1a: Celebi
|-supereffective|p1a: Celebi
|-damage|p1a: Celebi|0 fnt
|faint|p1a: Celebi
|c|★burnsOFF|Rip your ranking
|c|★LiberalLucario|i mean ill lose less this time
|
|switch|p2a: Jirachi|Jirachi|87\/341
|
|c|★LiberalLucario|i guess
|
|switch|p1a: Sharpedo|Sharpedo, F|281\/281
|turn|26
|c|★burnsOFF|deadass jak we boutta get top ten and we don't even play this tier
|c|★burnsOFF|offical tiers are a joke lol
|c|★burnsOFF|Lol
|c|★LiberalLucario|??
|
|move|p1a: Sharpedo|Protect|p1a: Sharpedo
|-singleturn|p1a: Sharpedo|Protect
|move|p2a: Jirachi|U-turn|p1a: Sharpedo
|-activate|p1a: Sharpedo|Protect
|
|-boost|p1a: Sharpedo|spe|1|[from] ability: Speed Boost
|turn|27
|c|★LiberalLucario|i mean making standard teams
|c|★LiberalLucario|ought to get you wins
|c|★burnsOFF|Call us iLight @ UU
|
|move|p1a: Sharpedo|Protect|p1a: Sharpedo
|-singleturn|p1a: Sharpedo|Protect
|move|p2a: Jirachi|U-turn|p1a: Sharpedo
|-activate|p1a: Sharpedo|Protect
|
|-boost|p1a: Sharpedo|spe|1|[from] ability: Speed Boost
|turn|28
|c|★burnsOFF|I mean like i don't even UU and this team does well
|c|★burnsOFF|i don't see how it's standard
|c|★LiberalLucario|its standard
|c|★LiberalLucario|trust me
|
|detailschange|p1a: Sharpedo|Sharpedo-Mega, F
|-mega|p1a: Sharpedo|Sharpedo|Sharpedonite
|move|p1a: Sharpedo|Crunch|p2a: Jirachi
|-supereffective|p2a: Jirachi
|-damage|p2a: Jirachi|0 fnt
|faint|p2a: Jirachi
|
|
|switch|p2a: Infernape|Infernape, M|200\/293
|turn|29
|c|★burnsOFF|well shit like flying monotype is to standard UU teams it gets wins
|c|★burnsOFF|inb4 min hit
|c|★burnsOFF|Nahhh
|
|move|p2a: Infernape|Mach Punch|p1a: Sharpedo
|-supereffective|p1a: Sharpedo
|-damage|p1a: Sharpedo|0 fnt
|faint|p1a: Sharpedo
|
|win|burnsOFF
|raw|Ladder updating...
|raw|LiberalLucario's rating: 1638 &rarr; <strong>1607<\/strong><br \/>(-31 for losing)
|raw|burnsOFF's rating: 1439 &rarr; <strong>1469<\/strong><br \/>(+30 for winning)
|c|★burnsOFF|lets fucking go dude
|c|★LiberalLucario|gfdi
|c|★burnsOFF|Gawn