|join|BURNSOFF
|join|MeHerman
|player|p1|BURNSOFF|2
|player|p2|MeHerman|144
|gametype|singles
|gen|6
|tier|UU
|rated
|rule|Sleep Clause Mod: Limit one foe put to sleep
|rule|Species Clause: Limit one of each Pokémon
|rule|OHKO Clause: OHKO moves are banned
|rule|Moody Clause: Moody is banned
|rule|Evasion Moves Clause: Evasion moves are banned
|rule|Endless Battle Clause: Forcing endless battles is banned
|rule|HP Percentage Mod: HP is shown in percentages
|clearpoke
|poke|p1|Nidoqueen, F
|poke|p1|Starmie
|poke|p1|Infernape, M
|poke|p1|Jirachi
|poke|p1|Hydreigon, F
|poke|p1|Ampharos, F
|poke|p2|Roserade, F
|poke|p2|Suicune
|poke|p2|Jirachi
|poke|p2|Krookodile, M
|poke|p2|Tentacruel, F
|poke|p2|Trevenant, M
|rule|Swagger Clause: Swagger is banned
|rule|Baton Pass Clause: Limit one Pokémon knowing Baton Pass
|teampreview
|c|★BURNSOFF|boy this seems very bulky and gay
|
|start
|switch|p1a: Nidoqueen|Nidoqueen, F|353\/353
|switch|p2a: Roserade|Roserade, F|323\/323
|turn|1
|
|move|p1a: Nidoqueen|Stealth Rock|p2a: Roserade
|-sidestart|p2: MeHerman|move: Stealth Rock
|move|p2a: Roserade|Spikes|p1a: Nidoqueen
|-sidestart|p1: BURNSOFF|Spikes
|
|turn|2
|
|move|p1a: Nidoqueen|Ice Beam|p2a: Roserade
|-supereffective|p2a: Roserade
|-damage|p2a: Roserade|68\/323
|move|p2a: Roserade|Leech Seed|p1a: Nidoqueen
|-start|p1a: Nidoqueen|move: Leech Seed
|
|-heal|p2a: Roserade|88\/323|[from] item: Black Sludge
|-damage|p1a: Nidoqueen|309\/353|[from] Leech Seed|[of] p2a: Roserade
|-heal|p2a: Roserade|132\/323|[silent]
|turn|3
|c|★BURNSOFF|more like bulky and fun
|
|switch|p2a: Jirachi|Jirachi|404\/404
|-damage|p2a: Jirachi|379\/404|[from] Stealth Rock
|move|p1a: Nidoqueen|Earth Power|p2a: Jirachi
|-supereffective|p2a: Jirachi
|-damage|p2a: Jirachi|72\/404
|
|-heal|p2a: Jirachi|97\/404|[from] item: Leftovers
|-damage|p1a: Nidoqueen|265\/353|[from] Leech Seed|[of] p2a: Jirachi
|-heal|p2a: Jirachi|141\/404|[silent]
|turn|4
|
|switch|p1a: Jirachi|Jirachi|341\/341
|-damage|p1a: Jirachi|299\/341|[from] Spikes
|move|p2a: Jirachi|Protect|p2a: Jirachi
|-fail|p2a: Jirachi
|
|-heal|p2a: Jirachi|166\/404|[from] item: Leftovers
|turn|5
|
|move|p2a: Jirachi|Protect|p2a: Jirachi
|-singleturn|p2a: Jirachi|Protect
|move|p1a: Jirachi|U-turn|p2a: Jirachi
|-activate|p2a: Jirachi|Protect
|
|-heal|p2a: Jirachi|191\/404|[from] item: Leftovers
|turn|6
|
|move|p1a: Jirachi|U-turn|p2a: Jirachi
|-damage|p2a: Jirachi|121\/404
|
|switch|p1a: Nidoqueen|Nidoqueen, F|265\/353
|-damage|p1a: Nidoqueen|221\/353|[from] Spikes
|move|p2a: Jirachi|Stealth Rock|p1a: Nidoqueen
|-sidestart|p1: BURNSOFF|move: Stealth Rock
|
|-heal|p2a: Jirachi|146\/404|[from] item: Leftovers
|turn|7
|
|move|p2a: Jirachi|Iron Head|p1a: Nidoqueen
|-damage|p1a: Nidoqueen|124\/353
|cant|p1a: Nidoqueen|flinch
|
|-heal|p2a: Jirachi|171\/404|[from] item: Leftovers
|turn|8
|
|move|p2a: Jirachi|Iron Head|p1a: Nidoqueen
|-damage|p1a: Nidoqueen|15\/353
|cant|p1a: Nidoqueen|flinch
|
|-heal|p2a: Jirachi|196\/404|[from] item: Leftovers
|turn|9
|
|switch|p1a: Hydreigon|Hydreigon, F|325\/325
|-damage|p1a: Hydreigon|285\/325|[from] Stealth Rock
|move|p2a: Jirachi|Protect|p2a: Jirachi
|-fail|p2a: Jirachi
|
|-heal|p2a: Jirachi|221\/404|[from] item: Leftovers
|turn|10
|
|move|p2a: Jirachi|Protect|p2a: Jirachi
|-singleturn|p2a: Jirachi|Protect
|move|p1a: Hydreigon|Dark Pulse|p2a: Jirachi
|-activate|p2a: Jirachi|Protect
|
|-heal|p2a: Jirachi|246\/404|[from] item: Leftovers
|turn|11
|
|move|p1a: Hydreigon|Dark Pulse|p2a: Jirachi
|-crit|p2a: Jirachi
|-supereffective|p2a: Jirachi
|-damage|p2a: Jirachi|0 fnt
|faint|p2a: Jirachi
|
|
|switch|p2a: Tentacruel|Tentacruel, F|364\/364
|-damage|p2a: Tentacruel|319\/364|[from] Stealth Rock
|turn|12
|c|★BURNSOFF|fuck me
|
|switch|p1a: Starmie|Starmie|261\/261
|-damage|p1a: Starmie|229\/261|[from] Stealth Rock
|-damage|p1a: Starmie|197\/261|[from] Spikes
|move|p2a: Tentacruel|Rapid Spin|p1a: Starmie
|-damage|p1a: Starmie|185\/261
|-sideend|p2: MeHerman|Stealth Rock|[from] move: Rapid Spin|[of] p2a: Tentacruel
|
|-heal|p2a: Tentacruel|341\/364|[from] item: Black Sludge
|turn|13
|
|switch|p2a: Trevenant|Trevenant, M|374\/374
|move|p1a: Starmie|Rapid Spin|p2a: Trevenant
|-immune|p2a: Trevenant|[msg]
|
|turn|14
|
|switch|p1a: Hydreigon|Hydreigon, F|285\/325
|-damage|p1a: Hydreigon|245\/325|[from] Stealth Rock
|move|p2a: Trevenant|Horn Leech|p1a: Hydreigon
|-resisted|p1a: Hydreigon
|-damage|p1a: Hydreigon|172\/325
|
|turn|15
|
|switch|p2a: Roserade|Roserade, F|132\/323
|move|p1a: Hydreigon|U-turn|p2a: Roserade
|-damage|p2a: Roserade|73\/323
|
|switch|p1a: Starmie|Starmie|185\/261
|-damage|p1a: Starmie|153\/261|[from] Spikes
|-damage|p1a: Starmie|121\/261|[from] Stealth Rock
|
|-heal|p2a: Roserade|93\/323|[from] item: Black Sludge
|turn|16
|
|switch|p2a: Trevenant|Trevenant, M|374\/374
|move|p1a: Starmie|Ice Beam|p2a: Trevenant
|-supereffective|p2a: Trevenant
|-damage|p2a: Trevenant|80\/374
|-damage|p1a: Starmie|95\/261|[from] item: Life Orb
|-enditem|p2a: Trevenant|Starf Berry|[eat]
|-boost|p2a: Trevenant|spa|2|[from] item: Starf Berry
|
|-item|p2a: Trevenant|Starf Berry|[from] ability: Harvest
|-enditem|p2a: Trevenant|Starf Berry|[eat]
|-boost|p2a: Trevenant|spe|2|[from] item: Starf Berry
|turn|17
|c|★BURNSOFF|What
|
|switch|p1a: Nidoqueen|Nidoqueen, F|15\/353
|-damage|p1a: Nidoqueen|0 fnt|[from] Spikes
|faint|p1a: Nidoqueen
|move|p2a: Trevenant|Horn Leech|p1: Nidoqueen|[notarget]
|-notarget
|
|-item|p2a: Trevenant|Starf Berry|[from] ability: Harvest
|
|switch|p1a: Hydreigon|Hydreigon, F|172\/325
|-enditem|p2a: Trevenant|Starf Berry|[eat]
|-boost|p2a: Trevenant|def|2|[from] item: Starf Berry
|-damage|p1a: Hydreigon|132\/325|[from] Stealth Rock
|turn|18
|
|switch|p2a: Roserade|Roserade, F|93\/323
|move|p1a: Hydreigon|Dark Pulse|p2a: Roserade
|-damage|p2a: Roserade|0 fnt
|faint|p2a: Roserade
|
|
|switch|p2a: Krookodile|Krookodile, M|331\/331
|turn|19
|
|move|p1a: Hydreigon|Dark Pulse|p2a: Krookodile
|-resisted|p2a: Krookodile
|-damage|p2a: Krookodile|235\/331
|move|p2a: Krookodile|Aerial Ace|p1a: Hydreigon
|-damage|p1a: Hydreigon|45\/325
|
|turn|20
|
|switch|p1a: Jirachi|Jirachi|299\/341
|-damage|p1a: Jirachi|278\/341|[from] Stealth Rock
|-damage|p1a: Jirachi|236\/341|[from] Spikes
|move|p2a: Krookodile|Aerial Ace|p1a: Jirachi
|-resisted|p1a: Jirachi
|-damage|p1a: Jirachi|198\/341
|
|turn|21
|
|switch|p2a: Suicune|Suicune|404\/404
|-ability|p2a: Suicune|Pressure
|move|p1a: Jirachi|Healing Wish|p1a: Jirachi
|faint|p1a: Jirachi
|
|
|switch|p1a: Hydreigon|Hydreigon, F|45\/325
|-heal|p1a: Hydreigon|325\/325|[from] move: Healing Wish
|-damage|p1a: Hydreigon|285\/325|[from] Stealth Rock
|turn|22
|c|★BURNSOFF|what the fuckity fuck
|c|★BURNSOFF|aerial ace krook
|
|move|p1a: Hydreigon|U-turn|p2a: Suicune
|-damage|p2a: Suicune|364\/404
|c|★BURNSOFF|I don't even know
|
|switch|p1a: Ampharos|Ampharos, F|384\/384
|-damage|p1a: Ampharos|336\/384|[from] Spikes
|-damage|p1a: Ampharos|288\/384|[from] Stealth Rock
|move|p2a: Suicune|Calm Mind|p2a: Suicune
|-boost|p2a: Suicune|spa|1
|-boost|p2a: Suicune|spd|1
|
|-heal|p2a: Suicune|389\/404|[from] item: Leftovers
|turn|23
|
|detailschange|p1a: Ampharos|Ampharos-Mega, F
|-mega|p1a: Ampharos|Ampharos|Ampharosite
|-ability|p1a: Ampharos|Mold Breaker
|move|p2a: Suicune|Calm Mind|p2a: Suicune
|-boost|p2a: Suicune|spa|1
|-boost|p2a: Suicune|spd|1
|move|p1a: Ampharos|Thunderbolt|p2a: Suicune
|-supereffective|p2a: Suicune
|-damage|p2a: Suicune|195\/404
|
|-heal|p2a: Suicune|220\/404|[from] item: Leftovers
|turn|24
|
|switch|p2a: Krookodile|Krookodile, M|235\/331
|move|p1a: Ampharos|Thunderbolt|p2a: Krookodile
|-immune|p2a: Krookodile|[msg]
|
|turn|25
|
|switch|p1a: Hydreigon|Hydreigon, F|285\/325
|-damage|p1a: Hydreigon|245\/325|[from] Stealth Rock
|move|p2a: Krookodile|Earthquake|p1a: Hydreigon
|-immune|p1a: Hydreigon|[msg]
|
|turn|26
|
|switch|p2a: Trevenant|Trevenant, M|80\/374
|move|p1a: Hydreigon|U-turn|p2a: Trevenant
|-damage|p2a: Trevenant|1\/374
|c|★BURNSOFF|sq;ledawfgrbv
|
|switch|p1a: Starmie|Starmie|95\/261
|-damage|p1a: Starmie|63\/261|[from] Stealth Rock
|-damage|p1a: Starmie|31\/261|[from] Spikes
|
|-item|p2a: Trevenant|Starf Berry|[from] ability: Harvest
|-enditem|p2a: Trevenant|Starf Berry|[eat]
|-boost|p2a: Trevenant|spd|2|[from] item: Starf Berry
|turn|27
|
|move|p2a: Trevenant|Protect|p2a: Trevenant
|-singleturn|p2a: Trevenant|Protect
|move|p1a: Starmie|Ice Beam|p2a: Trevenant
|-activate|p2a: Trevenant|Protect
|
|-item|p2a: Trevenant|Starf Berry|[from] ability: Harvest
|-enditem|p2a: Trevenant|Starf Berry|[eat]
|-boost|p2a: Trevenant|spa|2|[from] item: Starf Berry
|turn|28
|c|★BURNSOFF|This set is literally aids
|
|move|p2a: Trevenant|Protect|p2a: Trevenant
|-fail|p2a: Trevenant
|move|p1a: Starmie|Ice Beam|p2a: Trevenant
|-supereffective|p2a: Trevenant
|-damage|p2a: Trevenant|0 fnt
|-damage|p1a: Starmie|5\/261|[from] item: Life Orb
|faint|p2a: Trevenant
|
|
|switch|p2a: Krookodile|Krookodile, M|235\/331
|turn|29
|
|move|p2a: Krookodile|Knock Off|p1a: Starmie
|-supereffective|p1a: Starmie
|-damage|p1a: Starmie|0 fnt
|-enditem|p1a: Starmie|Life Orb|[from] move: Knock Off|[of] p2a: Krookodile
|faint|p1a: Starmie
|-boost|p2a: Krookodile|atk|1|[from] ability: Moxie
|
|
|switch|p1a: Hydreigon|Hydreigon, F|245\/325
|-damage|p1a: Hydreigon|205\/325|[from] Stealth Rock
|turn|30
|
|switch|p2a: Suicune|Suicune|220\/404
|-ability|p2a: Suicune|Pressure
|move|p1a: Hydreigon|U-turn|p2a: Suicune
|-damage|p2a: Suicune|180\/404
|
|switch|p1a: Ampharos|Ampharos-Mega, F|288\/384
|-damage|p1a: Ampharos|240\/384|[from] Stealth Rock
|-damage|p1a: Ampharos|192\/384|[from] Spikes
|-ability|p1a: Ampharos|Mold Breaker
|
|-heal|p2a: Suicune|205\/404|[from] item: Leftovers
|turn|31
|
|move|p2a: Suicune|Scald|p1a: Ampharos
|-resisted|p1a: Ampharos
|-damage|p1a: Ampharos|155\/384
|move|p1a: Ampharos|Dragon Pulse|p2a: Suicune
|-damage|p2a: Suicune|36\/404
|
|-heal|p2a: Suicune|61\/404|[from] item: Leftovers
|turn|32
|
|move|p2a: Suicune|Scald|p1a: Ampharos
|-resisted|p1a: Ampharos
|-damage|p1a: Ampharos|112\/384
|move|p1a: Ampharos|Dragon Pulse|p2a: Suicune
|-damage|p2a: Suicune|0 fnt
|faint|p2a: Suicune
|
|
|switch|p2a: Krookodile|Krookodile, M|235\/331
|turn|33
|
|move|p2a: Krookodile|Knock Off|p1a: Ampharos
|-damage|p1a: Ampharos|0 fnt
|faint|p1a: Ampharos
|-boost|p2a: Krookodile|atk|1|[from] ability: Moxie
|
|c|★BURNSOFF|wait wtf
|c|★BURNSOFF|jak
|c|★BURNSOFF|what was pack banned for
|c|★BURNSOFF|He banned everyone
|c|★BURNSOFF|in eric's room
|
|switch|p1a: Hydreigon|Hydreigon, F|205\/325
|-damage|p1a: Hydreigon|165\/325|[from] Stealth Rock
|turn|34
|
|move|p1a: Hydreigon|U-turn|p2a: Krookodile
|-supereffective|p2a: Krookodile
|-damage|p2a: Krookodile|87\/331
|c|★BURNSOFF|nooooo
|c|★BURNSOFF|ok we are ok
|
|switch|p1a: Infernape|Infernape, M|293\/293
|-damage|p1a: Infernape|257\/293|[from] Stealth Rock
|-damage|p1a: Infernape|221\/293|[from] Spikes
|move|p2a: Krookodile|Knock Off|p1a: Infernape
|-resisted|p1a: Infernape
|-damage|p1a: Infernape|55\/293
|-enditem|p1a: Infernape|Choice Band|[from] move: Knock Off|[of] p2a: Krookodile
|
|turn|35
|
|move|p1a: Infernape|Mach Punch|p2a: Krookodile
|-supereffective|p2a: Krookodile
|-damage|p2a: Krookodile|0 fnt
|faint|p2a: Krookodile
|
|c|★BURNSOFF|u scare me sometimes tbh jak
|c|★BURNSOFF|lol
|c|★BURNSOFF|why
|
|switch|p2a: Tentacruel|Tentacruel, F|341\/364
|turn|36
|c|★BURNSOFF|that last game
|c|★BURNSOFF|where
|c|★BURNSOFF|u
|c|★BURNSOFF|flare blitzd
|c|★BURNSOFF|oh
|
|move|p2a: Tentacruel|Protect|p2a: Tentacruel
|-singleturn|p2a: Tentacruel|Protect
|move|p1a: Infernape|Thunder Punch|p2a: Tentacruel
|-activate|p2a: Tentacruel|Protect
|
|-heal|p2a: Tentacruel|363\/364|[from] item: Black Sludge
|turn|37
|
|move|p1a: Infernape|Thunder Punch|p2a: Tentacruel
|-supereffective|p2a: Tentacruel
|-damage|p2a: Tentacruel|163\/364
|-status|p2a: Tentacruel|par
|move|p2a: Tentacruel|Scald|p1a: Infernape
|-supereffective|p1a: Infernape
|-damage|p1a: Infernape|0 fnt
|faint|p1a: Infernape
|
|-heal|p2a: Tentacruel|185\/364 par|[from] item: Black Sludge
|
|switch|p1a: Hydreigon|Hydreigon, F|165\/325
|-damage|p1a: Hydreigon|125\/325|[from] Stealth Rock
|turn|38
|
|move|p2a: Tentacruel|Protect|p2a: Tentacruel
|-singleturn|p2a: Tentacruel|Protect
|move|p1a: Hydreigon|Draco Meteor|p2a: Tentacruel
|-activate|p2a: Tentacruel|Protect
|
|-heal|p2a: Tentacruel|207\/364 par|[from] item: Black Sludge
|turn|39
|
|move|p1a: Hydreigon|Draco Meteor|p2a: Tentacruel
|-damage|p2a: Tentacruel|41\/364 par
|-unboost|p1a: Hydreigon|spa|2
|move|p2a: Tentacruel|Scald|p1a: Hydreigon
|-resisted|p1a: Hydreigon
|-damage|p1a: Hydreigon|80\/325
|
|-heal|p2a: Tentacruel|63\/364 par|[from] item: Black Sludge
|turn|40
|
|move|p2a: Tentacruel|Protect|p2a: Tentacruel
|-singleturn|p2a: Tentacruel|Protect
|move|p1a: Hydreigon|Draco Meteor|p2a: Tentacruel
|-activate|p2a: Tentacruel|Protect
|
|-heal|p2a: Tentacruel|85\/364 par|[from] item: Black Sludge
|turn|41
|
|move|p1a: Hydreigon|Draco Meteor|p2a: Tentacruel
|-damage|p2a: Tentacruel|0 fnt
|-unboost|p1a: Hydreigon|spa|2
|faint|p2a: Tentacruel
|
|win|BURNSOFF
|raw|Ladder updating...
|raw|BURNSOFF's rating: 1316 &rarr; <strong>1336<\/strong><br \/>(+20 for winning)
|raw|MeHerman's rating: 1316 &rarr; <strong>1296<\/strong><br \/>(-20 for losing)
|leave|MeHerman