|join|htpkro
|join|Ryuk97
|player|p1|htpkro|17
|player|p2|Ryuk97|99
|gametype|singles
|gen|6
|tier|OU
|rated
|clearpoke
|poke|p1|Charizard, F
|poke|p1|Raikou
|poke|p1|Keldeo
|poke|p1|Talonflame, F
|poke|p1|Latias, F
|poke|p1|Ferrothorn, F
|poke|p2|Azelf
|poke|p2|Landorus-Therian, M
|poke|p2|Thundurus, M
|poke|p2|Keldeo
|poke|p2|Manectric, F
|poke|p2|Scizor, F
|rule|Swagger Clause: Swagger is banned
|rule|Baton Pass Clause: Limit one Pokémon knowing Baton Pass
|rule|Sleep Clause Mod: Limit one foe put to sleep
|rule|Species Clause: Limit one of each Pokémon
|rule|OHKO Clause: OHKO moves are banned
|rule|Moody Clause: Moody is banned
|rule|Evasion Moves Clause: Evasion moves are banned
|rule|Endless Battle Clause: Forcing endless battles is banned
|rule|HP Percentage Mod: HP is shown in percentages
|teampreview
|
|start
|switch|p1a: Raikou|Raikou|322\/322
|switch|p2a: Azelf|Azelf|291\/291
|-ability|p1a: Raikou|Pressure
|turn|1
|
|move|p1a: Raikou|Volt Switch|p2a: Azelf
|-damage|p2a: Azelf|135\/291
|
|switch|p1a: Keldeo|Keldeo|322\/322
|move|p2a: Azelf|Stealth Rock|p1a: Keldeo
|-sidestart|p1: htpkro|move: Stealth Rock
|
|turn|2
|
|switch|p1a: Ferrothorn|Ferrothorn, F|352\/352
|-damage|p1a: Ferrothorn|330\/352|[from] Stealth Rock
|move|p2a: Azelf|Explosion|p1a: Ferrothorn
|-resisted|p1a: Ferrothorn
|-damage|p1a: Ferrothorn|233\/352
|faint|p2a: Azelf
|
|-heal|p1a: Ferrothorn|255\/352|[from] item: Leftovers
|
|switch|p2a: Manectric|Manectric, F|281\/281
|turn|3
|
|detailschange|p2a: Manectric|Manectric-Mega, F
|message|Manectric has Mega Evolved into Mega Manectric!
|-ability|p2a: Manectric|Intimidate|[of] p1a: Ferrothorn
|-unboost|p1a: Ferrothorn|atk|1
|move|p1a: Ferrothorn|Protect|p1a: Ferrothorn
|-singleturn|p1a: Ferrothorn|Protect
|move|p2a: Manectric|Volt Switch|p1a: Ferrothorn
|-activate|p1a: Ferrothorn|Protect
|
|-heal|p1a: Ferrothorn|277\/352|[from] item: Leftovers
|turn|4
|
|switch|p1a: Latias|Latias, F|319\/319
|-damage|p1a: Latias|280\/319|[from] Stealth Rock
|move|p2a: Manectric|Overheat|p1a: Latias
|-resisted|p1a: Latias
|-damage|p1a: Latias|219\/319
|-unboost|p2a: Manectric|spa|2
|
|turn|5
|
|switch|p2a: Thundurus|Thundurus, M|299\/299
|move|p1a: Latias|Defog|p2a: Thundurus
|-unboost|p2a: Thundurus|evasion|1
|-boost|p2a: Thundurus|atk|2|[from] ability: Defiant
|-sideend|p1: htpkro|Stealth Rock|[from] move: Defog|[of] p1a: Latias
|
|turn|6
|
|move|p2a: Thundurus|Knock Off|p1a: Latias
|-supereffective|p1a: Latias
|-damage|p1a: Latias|0 fnt
|-enditem|p1a: Latias|Life Orb|[from] move: Knock Off|[of] p2a: Thundurus
|-damage|p2a: Thundurus|270\/299|[from] item: Life Orb
|faint|p1a: Latias
|
|
|switch|p1a: Raikou|Raikou|322\/322
|-ability|p1a: Raikou|Pressure
|turn|7
|
|move|p1a: Raikou|Thunderbolt|p2a: Thundurus
|-damage|p2a: Thundurus|63\/299
|move|p2a: Thundurus|Superpower|p1a: Raikou
|-damage|p1a: Raikou|0 fnt
|-unboost|p2a: Thundurus|atk|1
|-unboost|p2a: Thundurus|def|1
|-damage|p2a: Thundurus|34\/299|[from] item: Life Orb
|faint|p1a: Raikou
|
|
|switch|p1a: Talonflame|Talonflame, F|297\/297
|turn|8
|
|move|p1a: Talonflame|Brave Bird|p2a: Thundurus
|-resisted|p2a: Thundurus
|-damage|p2a: Thundurus|0 fnt
|-damage|p1a: Talonflame|286\/297|[from] recoil|[of] p2a: Thundurus
|faint|p2a: Thundurus
|
|
|switch|p2a: Manectric|Manectric-Mega, F|281\/281
|-ability|p2a: Manectric|Intimidate|[of] p1a: Talonflame
|-unboost|p1a: Talonflame|atk|1
|turn|9
|
|switch|p1a: Ferrothorn|Ferrothorn, F|277\/352
|move|p2a: Manectric|Thunderbolt|p1a: Ferrothorn
|-resisted|p1a: Ferrothorn
|-damage|p1a: Ferrothorn|210\/352
|
|-heal|p1a: Ferrothorn|232\/352|[from] item: Leftovers
|turn|10
|
|move|p1a: Ferrothorn|Protect|p1a: Ferrothorn
|-singleturn|p1a: Ferrothorn|Protect
|move|p2a: Manectric|Overheat|p1a: Ferrothorn
|-activate|p1a: Ferrothorn|Protect
|
|-heal|p1a: Ferrothorn|254\/352|[from] item: Leftovers
|turn|11
|
|move|p2a: Manectric|Volt Switch|p1a: Ferrothorn
|-resisted|p1a: Ferrothorn
|-damage|p1a: Ferrothorn|203\/352
|
|switch|p2a: Keldeo|Keldeo|322\/322
|move|p1a: Ferrothorn|Stealth Rock|p2a: Keldeo
|-sidestart|p2: Ryuk97|move: Stealth Rock
|
|-heal|p1a: Ferrothorn|225\/352|[from] item: Leftovers
|turn|12
|
|move|p1a: Ferrothorn|Protect|p1a: Ferrothorn
|-singleturn|p1a: Ferrothorn|Protect
|move|p2a: Keldeo|Secret Sword|p1a: Ferrothorn
|-activate|p1a: Ferrothorn|Protect
|
|-heal|p1a: Ferrothorn|247\/352|[from] item: Leftovers
|turn|13
|
|switch|p1a: Charizard|Charizard, F|333\/333
|move|p2a: Keldeo|Secret Sword|p1a: Charizard
|-resisted|p1a: Charizard
|-damage|p1a: Charizard|200\/333
|
|turn|14
|
|switch|p2a: Landorus-Therian|Landorus-Therian, M|319\/319
|-damage|p2a: Landorus-Therian|280\/319|[from] Stealth Rock
|-ability|p2a: Landorus-Therian|Intimidate|[of] p1a: Charizard
|-unboost|p1a: Charizard|atk|1
|detailschange|p1a: Charizard|Charizard-Mega-X, F
|message|Charizard has Mega Evolved into Mega Charizard!
|move|p1a: Charizard|Dragon Claw|p2a: Landorus-Therian
|-damage|p2a: Landorus-Therian|126\/319
|
|turn|15
|
|switch|p1a: Talonflame|Talonflame, F|286\/297
|move|p2a: Landorus-Therian|Stone Edge|p1a: Talonflame|[miss]
|-miss|p2a: Landorus-Therian|p1a: Talonflame
|
|turn|16
|
|switch|p2a: Scizor|Scizor, F|343\/343
|-damage|p2a: Scizor|301\/343|[from] Stealth Rock
|move|p1a: Talonflame|Brave Bird|p2a: Scizor
|-damage|p2a: Scizor|63\/343
|-damage|p1a: Talonflame|207\/297|[from] recoil|[of] p2a: Scizor
|
|turn|17
|
|move|p1a: Talonflame|Brave Bird|p2a: Scizor
|-damage|p2a: Scizor|0 fnt
|-damage|p1a: Talonflame|186\/297|[from] recoil|[of] p2a: Scizor
|faint|p2a: Scizor
|
|
|switch|p2a: Manectric|Manectric-Mega, F|281\/281
|-damage|p2a: Manectric|246\/281|[from] Stealth Rock
|-ability|p2a: Manectric|Intimidate|[of] p1a: Talonflame
|-unboost|p1a: Talonflame|atk|1
|turn|18
|
|switch|p1a: Charizard|Charizard-Mega-X, F|200\/333
|move|p2a: Manectric|Thunderbolt|p1a: Charizard
|-resisted|p1a: Charizard
|-damage|p1a: Charizard|104\/333
|
|turn|19
|
|move|p2a: Manectric|Volt Switch|p1a: Charizard
|-resisted|p1a: Charizard
|-damage|p1a: Charizard|27\/333
|
|switch|p2a: Landorus-Therian|Landorus-Therian, M|126\/319
|-damage|p2a: Landorus-Therian|87\/319|[from] Stealth Rock
|-ability|p2a: Landorus-Therian|Intimidate|[of] p1a: Charizard
|-unboost|p1a: Charizard|atk|1
|move|p1a: Charizard|Dragon Claw|p2a: Landorus-Therian
|-damage|p2a: Landorus-Therian|0 fnt
|faint|p2a: Landorus-Therian
|
|
|switch|p2a: Manectric|Manectric-Mega, F|246\/281
|-damage|p2a: Manectric|211\/281|[from] Stealth Rock
|-ability|p2a: Manectric|Intimidate|[of] p1a: Charizard
|-unboost|p1a: Charizard|atk|1
|turn|20
|
|move|p2a: Manectric|Thunderbolt|p1a: Charizard
|-resisted|p1a: Charizard
|-damage|p1a: Charizard|0 fnt
|faint|p1a: Charizard
|
|
|switch|p1a: Ferrothorn|Ferrothorn, F|247\/352
|turn|21
|
|move|p2a: Manectric|Overheat|p1a: Ferrothorn
|-supereffective|p1a: Ferrothorn
|-damage|p1a: Ferrothorn|0 fnt
|-unboost|p2a: Manectric|spa|2
|faint|p1a: Ferrothorn
|
|
|switch|p1a: Keldeo|Keldeo|322\/322
|turn|22
|
|switch|p2a: Keldeo|Keldeo|322\/322
|-damage|p2a: Keldeo|302\/322|[from] Stealth Rock
|move|p1a: Keldeo|Secret Sword|p2a: Keldeo
|-damage|p2a: Keldeo|70\/322
|
|turn|23
|
|move|p2a: Keldeo|Secret Sword|p1a: Keldeo
|-damage|p1a: Keldeo|93\/322
|move|p1a: Keldeo|Secret Sword|p2a: Keldeo
|-crit|p2a: Keldeo
|-damage|p2a: Keldeo|0 fnt
|faint|p2a: Keldeo
|
|
|switch|p2a: Manectric|Manectric-Mega, F|211\/281
|-damage|p2a: Manectric|176\/281|[from] Stealth Rock
|-ability|p2a: Manectric|Intimidate|[of] p1a: Keldeo
|-unboost|p1a: Keldeo|atk|1
|turn|24
|
|move|p2a: Manectric|Thunderbolt|p1a: Keldeo
|-crit|p1a: Keldeo
|-supereffective|p1a: Keldeo
|-damage|p1a: Keldeo|0 fnt
|faint|p1a: Keldeo
|
|
|switch|p1a: Talonflame|Talonflame, F|186\/297
|turn|25
|
|move|p1a: Talonflame|Brave Bird|p2a: Manectric
|-resisted|p2a: Manectric
|-damage|p2a: Manectric|32\/281
|-damage|p1a: Talonflame|138\/297|[from] recoil|[of] p2a: Manectric
|move|p2a: Manectric|Thunderbolt|p1a: Talonflame
|-supereffective|p1a: Talonflame
|-damage|p1a: Talonflame|0 fnt
|faint|p1a: Talonflame
|
|win|Ryuk97
|raw|Ladder updating...
|raw|htpkro's rating: 1666 &rarr; <strong>1645<\/strong><br \/>(-21 for losing)
|raw|Ryuk97's rating: 1654 &rarr; <strong>1675<\/strong><br \/>(+21 for winning)