|join|San0suke
|join|Ryuk97
|player|p1|San0suke|1
|player|p2|Ryuk97|99
|gametype|singles
|gen|6
|tier|OU
|rated
|clearpoke
|poke|p1|Altaria, M
|poke|p1|Heatran, M
|poke|p1|Breloom, F
|poke|p1|Clefable, M
|poke|p1|Garchomp, F, shiny
|poke|p1|Greninja, M, shiny
|poke|p2|Charizard, M
|poke|p2|Skarmory, F
|poke|p2|Latias, F
|poke|p2|Shaymin
|poke|p2|Conkeldurr, F
|poke|p2|Heatran, M
|rule|Swagger Clause: Swagger is banned
|rule|Baton Pass Clause: Limit one Pokémon knowing Baton Pass
|rule|Sleep Clause Mod: Limit one foe put to sleep
|rule|Species Clause: Limit one of each Pokémon
|rule|OHKO Clause: OHKO moves are banned
|rule|Moody Clause: Moody is banned
|rule|Evasion Moves Clause: Evasion moves are banned
|rule|Endless Battle Clause: Forcing endless battles is banned
|rule|HP Percentage Mod: HP is shown in percentages
|teampreview
|
|start
|switch|p1a: Toudou|Breloom, F|261\/261
|switch|p2a: Shaymin|Shaymin|341\/341
|turn|1
|
|move|p2a: Shaymin|Air Slash|p1a: Toudou
|-supereffective|p1a: Toudou
|-enditem|p1a: Toudou|Focus Sash
|-damage|p1a: Toudou|1\/261
|-damage|p2a: Shaymin|307\/341|[from] item: Life Orb
|move|p1a: Toudou|Rock Tomb|p2a: Shaymin
|-damage|p2a: Shaymin|185\/341
|-unboost|p2a: Shaymin|spe|1
|
|turn|2
|
|move|p1a: Toudou|Bullet Seed|p2a: Shaymin
|-resisted|p2a: Shaymin
|-damage|p2a: Shaymin|150\/341
|-resisted|p2a: Shaymin
|-damage|p2a: Shaymin|117\/341
|-resisted|p2a: Shaymin
|-damage|p2a: Shaymin|78\/341
|-hitcount|p2a: Shaymin|3
|move|p2a: Shaymin|Air Slash|p1a: Toudou
|-supereffective|p1a: Toudou
|-damage|p1a: Toudou|0 fnt
|-damage|p2a: Shaymin|44\/341|[from] item: Life Orb
|faint|p1a: Toudou
|
|
|switch|p1a: Shinkai|Garchomp, F, shiny|357\/357
|turn|3
|join|Tcm442
|
|move|p1a: Shinkai|Substitute|p1a: Shinkai
|-start|p1a: Shinkai|Substitute
|-damage|p1a: Shinkai|268\/357
|move|p2a: Shaymin|Rest|p2a: Shaymin
|-status|p2a: Shaymin|slp
|-heal|p2a: Shaymin|341\/341 slp|[silent]
|-status|p2a: Shaymin|slp|[from] move: Rest
|
|turn|4
|
|switch|p2a: Skarmory|Skarmory, F|334\/334
|move|p1a: Shinkai|Swords Dance|p1a: Shinkai
|-boost|p1a: Shinkai|atk|2
|
|turn|5
|
|move|p1a: Shinkai|Dragon Claw|p2a: Skarmory
|-resisted|p2a: Skarmory
|-damage|p2a: Skarmory|245\/334
|move|p2a: Skarmory|Whirlwind|p1a: Shinkai
|drag|p1a: Fukutomi|Heatran, M|323\/323
|-item|p1a: Fukutomi|Air Balloon
|
|-heal|p2a: Skarmory|265\/334|[from] item: Leftovers
|turn|6
|
|switch|p2a: Charizard|Charizard, M|333\/333
|move|p1a: Fukutomi|Stealth Rock|p2a: Charizard
|-sidestart|p2: Ryuk97|move: Stealth Rock
|
|turn|7
|
|detailschange|p2a: Charizard|Charizard-Mega-X, M
|message|Charizard has Mega Evolved into Mega Charizard!
|move|p1a: Fukutomi|Fire Blast|p2a: Charizard
|-crit|p2a: Charizard
|-resisted|p2a: Charizard
|-damage|p2a: Charizard|249\/333
|move|p2a: Charizard|Dragon Claw|p1a: Fukutomi
|-resisted|p1a: Fukutomi
|-damage|p1a: Fukutomi|218\/323
|-enditem|p1a: Fukutomi|Air Balloon
|
|turn|8
|
|move|p1a: Fukutomi|Earth Power|p2a: Charizard
|-supereffective|p2a: Charizard
|-damage|p2a: Charizard|0 fnt
|faint|p2a: Charizard
|
|
|switch|p2a: Shaymin|Shaymin|341\/341
|-damage|p2a: Shaymin|299\/341|[from] Stealth Rock
|turn|9
|
|switch|p1a: Arakita|Altaria, M|291\/291
|-ability|p1a: Arakita|Cloud Nine
|move|p2a: Shaymin|Earth Power|p1a: Arakita
|-immune|p1a: Arakita|[msg]
|
|turn|10
|
|switch|p2a: Heatran|Heatran, M|323\/323
|-damage|p2a: Heatran|283\/323|[from] Stealth Rock
|detailschange|p1a: Arakita|Altaria-Mega, M
|message|Altaria has Mega Evolved into Mega Altaria!
|move|p1a: Arakita|Dragon Dance|p1a: Arakita
|-boost|p1a: Arakita|atk|1
|-boost|p1a: Arakita|spe|1
|
|turn|11
|
|move|p2a: Heatran|Hidden Power|p1a: Arakita
|-supereffective|p1a: Arakita
|-damage|p1a: Arakita|159\/291
|move|p1a: Arakita|Earthquake|p2a: Heatran
|-supereffective|p2a: Heatran
|-damage|p2a: Heatran|0 fnt
|faint|p2a: Heatran
|
|
|switch|p2a: Skarmory|Skarmory, F|265\/334
|-damage|p2a: Skarmory|224\/334|[from] Stealth Rock
|turn|12
|
|move|p1a: Arakita|Fire Blast|p2a: Skarmory
|-supereffective|p2a: Skarmory
|-damage|p2a: Skarmory|0 fnt
|faint|p2a: Skarmory
|
|c|★San0suke|gg
|-message|Ryuk97 forfeited.
|
|win|San0suke
|raw|Ladder updating...
|leave|Ryuk97
|player|p2
|raw|San0suke's rating: 1528 &rarr; <strong>1552<\/strong><br \/>(+24 for winning)
|raw|Ryuk97's rating: 1593 &rarr; <strong>1569<\/strong><br \/>(-24 for losing)
|leave|Tcm442