|join|lil manaphy
|join|Ryuk97
|player|p1|lil manaphy|8
|player|p2|Ryuk97|99
|gametype|singles
|gen|6
|tier|OU
|rated
|clearpoke
|poke|p1|Lopunny, F
|poke|p1|Rotom-Wash
|poke|p1|Gothitelle, M
|poke|p1|Mandibuzz, F
|poke|p1|Heatran, M
|poke|p1|Celebi
|poke|p2|Metagross
|poke|p2|Garchomp, M
|poke|p2|Rotom-Wash
|poke|p2|Ferrothorn, F
|poke|p2|Weavile, F
|poke|p2|Latias, F
|rule|Swagger Clause: Swagger is banned
|rule|Baton Pass Clause: Limit one Pokémon knowing Baton Pass
|rule|Sleep Clause Mod: Limit one foe put to sleep
|rule|Species Clause: Limit one of each Pokémon
|rule|OHKO Clause: OHKO moves are banned
|rule|Moody Clause: Moody is banned
|rule|Evasion Moves Clause: Evasion moves are banned
|rule|Endless Battle Clause: Forcing endless battles is banned
|rule|HP Percentage Mod: HP is shown in percentages
|teampreview
|
|start
|switch|p1a: Lopunny|Lopunny, F|271\/271
|switch|p2a: Metagross|Metagross|301\/301
|turn|1
|
|detailschange|p1a: Lopunny|Lopunny-Mega, F
|message|Lopunny has Mega Evolved into Mega Lopunny!
|detailschange|p2a: Metagross|Metagross-Mega
|message|Metagross has Mega Evolved into Mega Metagross!
|move|p1a: Lopunny|Fake Out|p2a: Metagross
|-resisted|p2a: Metagross
|-damage|p2a: Metagross|277\/301
|cant|p2a: Metagross|flinch
|
|turn|2
|
|switch|p1a: Mandibuzz|Mandibuzz, F|424\/424
|switch|p2a: Rotom-Wash|Rotom-Wash|303\/303
|
|turn|3
|
|switch|p1a: Celebi|Celebi|404\/404
|move|p2a: Rotom-Wash|Will-O-Wisp|p1a: Celebi
|-status|p1a: Celebi|brn
|
|-damage|p1a: Celebi|354\/404 brn|[from] brn
|turn|4
|
|switch|p2a: Metagross|Metagross-Mega|277\/301
|move|p1a: Celebi|Giga Drain|p2a: Metagross
|-resisted|p2a: Metagross
|-damage|p2a: Metagross|239\/301
|-heal|p1a: Celebi|373\/404 brn|[from] drain|[of] p2a: Metagross
|
|-heal|p1a: Celebi|398\/404 brn|[from] item: Leftovers
|-damage|p1a: Celebi|348\/404 brn|[from] brn
|turn|5
|
|switch|p1a: Mandibuzz|Mandibuzz, F|424\/424
|move|p2a: Metagross|Meteor Mash|p1a: Mandibuzz|[miss]
|-miss|p2a: Metagross|p1a: Mandibuzz
|
|turn|6
|
|switch|p2a: Rotom-Wash|Rotom-Wash|303\/303
|move|p1a: Mandibuzz|Foul Play|p2a: Rotom-Wash
|-damage|p2a: Rotom-Wash|252\/303
|
|-heal|p2a: Rotom-Wash|270\/303|[from] item: Leftovers
|turn|7
|
|switch|p1a: Celebi|Celebi|348\/404
|move|p2a: Rotom-Wash|Volt Switch|p1a: Celebi
|-resisted|p1a: Celebi
|-damage|p1a: Celebi|316\/404
|
|switch|p2a: Weavile|Weavile, F|282\/282
|-ability|p2a: Weavile|Pressure
|
|-heal|p1a: Celebi|341\/404|[from] item: Leftovers
|turn|8
|
|switch|p1a: Rotom-Wash|Rotom-Wash|303\/303
|move|p2a: Weavile|Knock Off|p1a: Rotom-Wash
|-damage|p1a: Rotom-Wash|151\/303
|-enditem|p1a: Rotom-Wash|Leftovers|[from] move: Knock Off|[of] p2a: Weavile
|-damage|p2a: Weavile|254\/282|[from] item: Life Orb
|
|turn|9
|
|switch|p2a: Latias|Latias, F|319\/319
|move|p1a: Rotom-Wash|Pain Split|p2a: Latias
|-sethp|p2a: Latias|235\/319|p1a: Rotom-Wash|235\/303|[from] move: Pain Split
|
|turn|10
|
|switch|p2a: Garchomp|Garchomp, M|358\/358
|switch|p1a: Heatran|Heatran, M|386\/386
|
|turn|11
|
|switch|p1a: Mandibuzz|Mandibuzz, F|424\/424
|move|p2a: Garchomp|Earthquake|p1a: Mandibuzz
|-immune|p1a: Mandibuzz|[msg]
|
|turn|12
|
|switch|p2a: Rotom-Wash|Rotom-Wash|270\/303
|move|p1a: Mandibuzz|Foul Play|p2a: Rotom-Wash
|-damage|p2a: Rotom-Wash|215\/303
|
|-heal|p2a: Rotom-Wash|233\/303|[from] item: Leftovers
|turn|13
|
|switch|p1a: Celebi|Celebi|341\/404
|move|p2a: Rotom-Wash|Volt Switch|p1a: Celebi
|-resisted|p1a: Celebi
|-damage|p1a: Celebi|311\/404
|
|switch|p2a: Weavile|Weavile, F|254\/282
|-ability|p2a: Weavile|Pressure
|
|-heal|p1a: Celebi|336\/404|[from] item: Leftovers
|turn|14
|
|switch|p1a: Rotom-Wash|Rotom-Wash|235\/303
|move|p2a: Weavile|Knock Off|p1a: Rotom-Wash
|-damage|p1a: Rotom-Wash|128\/303
|-damage|p2a: Weavile|226\/282|[from] item: Life Orb
|
|turn|15
|
|switch|p2a: Latias|Latias, F|235\/319
|move|p1a: Rotom-Wash|Pain Split|p2a: Latias
|-sethp|p2a: Latias|181\/319|p1a: Rotom-Wash|181\/303|[from] move: Pain Split
|
|turn|16
|
|switch|p1a: Heatran|Heatran, M|386\/386
|move|p2a: Latias|Draco Meteor|p1a: Heatran
|-resisted|p1a: Heatran
|-damage|p1a: Heatran|296\/386
|-unboost|p2a: Latias|spa|2
|-damage|p2a: Latias|150\/319|[from] item: Life Orb
|
|-heal|p1a: Heatran|320\/386|[from] item: Leftovers
|turn|17
|
|move|p2a: Latias|Roost|p2a: Latias
|-heal|p2a: Latias|310\/319
|move|p1a: Heatran|Stealth Rock|p2a: Latias
|-sidestart|p2: Ryuk97|move: Stealth Rock
|
|-heal|p1a: Heatran|344\/386|[from] item: Leftovers
|turn|18
|
|move|p2a: Latias|Defog|p1a: Heatran
|-unboost|p1a: Heatran|evasion|1
|-sideend|p2: Ryuk97|Stealth Rock|[from] move: Defog|[of] p2a: Latias
|move|p1a: Heatran|Toxic|p2a: Latias
|-status|p2a: Latias|tox
|
|-heal|p1a: Heatran|368\/386|[from] item: Leftovers
|-damage|p2a: Latias|291\/319 tox|[from] psn
|turn|19
|
|switch|p2a: Rotom-Wash|Rotom-Wash|233\/303
|move|p1a: Heatran|Stealth Rock|p2a: Rotom-Wash
|-sidestart|p2: Ryuk97|move: Stealth Rock
|
|-heal|p2a: Rotom-Wash|251\/303|[from] item: Leftovers
|-heal|p1a: Heatran|386\/386|[from] item: Leftovers
|turn|20
|
|switch|p1a: Celebi|Celebi|336\/404
|move|p2a: Rotom-Wash|Hydro Pump|p1a: Celebi
|-resisted|p1a: Celebi
|-damage|p1a: Celebi|289\/404
|
|-heal|p1a: Celebi|314\/404|[from] item: Leftovers
|-heal|p2a: Rotom-Wash|269\/303|[from] item: Leftovers
|turn|21
|
|switch|p2a: Latias|Latias, F|291\/319 tox
|-damage|p2a: Latias|252\/319 tox|[from] Stealth Rock
|move|p1a: Celebi|Baton Pass|p1a: Celebi
|
|switch|p1a: Lopunny|Lopunny-Mega, F|271\/271
|
|-damage|p2a: Latias|233\/319 tox|[from] psn
|turn|22
|
|move|p1a: Lopunny|Fake Out|p2a: Latias
|-damage|p2a: Latias|152\/319 tox
|cant|p2a: Latias|flinch
|
|-damage|p2a: Latias|114\/319 tox|[from] psn
|turn|23
|
|switch|p2a: Metagross|Metagross-Mega|239\/301
|-damage|p2a: Metagross|221\/301|[from] Stealth Rock
|move|p1a: Lopunny|Return|p2a: Metagross
|-resisted|p2a: Metagross
|-damage|p2a: Metagross|157\/301
|
|turn|24
|
|move|p1a: Lopunny|High Jump Kick|p2a: Metagross
|-damage|p2a: Metagross|0 fnt
|faint|p2a: Metagross
|
|
|switch|p2a: Garchomp|Garchomp, M|358\/358
|-damage|p2a: Garchomp|336\/358|[from] Stealth Rock
|turn|25
|
|switch|p1a: Mandibuzz|Mandibuzz, F|424\/424
|move|p2a: Garchomp|Outrage|p1a: Mandibuzz
|-damage|p1a: Mandibuzz|267\/424
|
|-heal|p1a: Mandibuzz|293\/424|[from] item: Leftovers
|turn|26
|
|move|p2a: Garchomp|Outrage|p1a: Mandibuzz
|-damage|p1a: Mandibuzz|133\/424
|move|p1a: Mandibuzz|Roost|p1a: Mandibuzz
|-heal|p1a: Mandibuzz|345\/424
|
|-heal|p1a: Mandibuzz|371\/424|[from] item: Leftovers
|turn|27
|-message|Ryuk97 forfeited.
|leave|Ryuk97
|
|win|lil manaphy
|raw|Ladder updating...
|player|p2