|join|crazybones
|join|Ryuk97
|player|p1|crazybones|211
|player|p2|Ryuk97|99
|gametype|singles
|gen|6
|tier|OU
|rated
|clearpoke
|poke|p1|Victini
|poke|p1|Staraptor, M, shiny
|poke|p1|Scolipede, M, shiny
|poke|p1|Latias, F, shiny
|poke|p1|Infernape, M, shiny
|poke|p1|Azumarill, F
|poke|p2|Diggersby, M
|poke|p2|Raikou
|poke|p2|Scizor, M
|poke|p2|Alakazam, M
|poke|p2|Slowbro, M
|poke|p2|Terrakion
|rule|Swagger Clause: Swagger is banned
|rule|Baton Pass Clause: Limit one Pokémon knowing Baton Pass
|rule|Sleep Clause Mod: Limit one foe put to sleep
|rule|Species Clause: Limit one of each Pokémon
|rule|OHKO Clause: OHKO moves are banned
|rule|Moody Clause: Moody is banned
|rule|Evasion Moves Clause: Evasion moves are banned
|rule|Endless Battle Clause: Forcing endless battles is banned
|rule|HP Percentage Mod: HP is shown in percentages
|teampreview
|
|start
|switch|p1a: Infernape|Infernape, M, shiny|355\/355
|switch|p2a: Terrakion|Terrakion|323\/323
|turn|1
|
|move|p1a: Infernape|Fake Out|p2a: Terrakion
|-resisted|p2a: Terrakion
|-damage|p2a: Terrakion|304\/323
|cant|p2a: Terrakion|flinch
|
|turn|2
|
|move|p1a: Infernape|Taunt|p2a: Terrakion
|-start|p2a: Terrakion|move: Taunt
|cant|p2a: Terrakion|move: Taunt|Stealth Rock
|
|turn|3
|
|switch|p2a: Slowbro|Slowbro, M|394\/394
|move|p1a: Infernape|Stealth Rock|p2a: Slowbro
|-sidestart|p2: Ryuk97|move: Stealth Rock
|
|turn|4
|
|move|p1a: Infernape|Fake Out|p2a: Slowbro
|-hint|Fake Out only works on your first turn out.
|-fail|p2a: Slowbro
|move|p2a: Slowbro|Scald|p1a: Infernape
|-supereffective|p1a: Infernape
|-damage|p1a: Infernape|121\/355
|
|turn|5
|
|move|p1a: Infernape|Overheat|p2a: Slowbro
|-resisted|p2a: Slowbro
|-damage|p2a: Slowbro|307\/394
|-unboost|p1a: Infernape|spa|2
|move|p2a: Slowbro|Scald|p1a: Infernape
|-crit|p1a: Infernape
|-supereffective|p1a: Infernape
|-damage|p1a: Infernape|0 fnt
|faint|p1a: Infernape
|
|-heal|p2a: Slowbro|331\/394|[from] item: Leftovers
|
|switch|p1a: Victini|Victini|404\/404
|turn|6
|
|move|p1a: Victini|Final Gambit|p2a: Slowbro
|-damage|p2a: Slowbro|0 fnt
|faint|p1a: Victini
|faint|p2a: Slowbro
|
|
|switch|p2a: Terrakion|Terrakion|304\/323
|switch|p1a: Staraptor|Staraptor, M, shiny|374\/374
|-ability|p1a: Staraptor|Intimidate|[of] p2a: Terrakion
|-unboost|p2a: Terrakion|atk|1
|-damage|p2a: Terrakion|284\/323|[from] Stealth Rock
|turn|7
|
|move|p1a: Staraptor|Final Gambit|p2a: Terrakion
|-damage|p2a: Terrakion|0 fnt
|faint|p1a: Staraptor
|faint|p2a: Terrakion
|
|
|switch|p1a: Scolipede|Scolipede, M, shiny|315\/315
|switch|p2a: Diggersby|Diggersby, M|311\/311
|-damage|p2a: Diggersby|292\/311|[from] Stealth Rock
|turn|8
|
|move|p1a: Scolipede|Protect|p1a: Scolipede
|-singleturn|p1a: Scolipede|Protect
|move|p2a: Diggersby|Return|p1a: Scolipede
|-activate|p1a: Scolipede|Protect
|
|-boost|p1a: Scolipede|spe|1|[from] ability: Speed Boost
|turn|9
|
|move|p1a: Scolipede|Iron Defense|p1a: Scolipede
|-boost|p1a: Scolipede|def|2
|move|p2a: Diggersby|Return|p1a: Scolipede
|-damage|p1a: Scolipede|193\/315
|-damage|p2a: Diggersby|261\/311|[from] item: Life Orb
|
|-boost|p1a: Scolipede|spe|1|[from] ability: Speed Boost
|turn|10
|
|move|p1a: Scolipede|Iron Defense|p1a: Scolipede
|-boost|p1a: Scolipede|def|2
|move|p2a: Diggersby|Swords Dance|p2a: Diggersby
|-boost|p2a: Diggersby|atk|2
|
|-boost|p1a: Scolipede|spe|1|[from] ability: Speed Boost
|turn|11
|
|move|p1a: Scolipede|Baton Pass|p1a: Scolipede
|
|switch|p1a: Latias|Latias, F, shiny|364\/364
|move|p2a: Diggersby|Return|p1a: Latias
|-damage|p1a: Latias|138\/364
|-damage|p2a: Diggersby|230\/311|[from] item: Life Orb
|
|turn|12
|
|detailschange|p1a: Latias|Latias-Mega, F, shiny
|-mega|p1a: Latias|Latias|Latiasite
|move|p2a: Diggersby|Quick Attack|p1a: Latias
|-damage|p1a: Latias|64\/364
|-damage|p2a: Diggersby|199\/311|[from] item: Life Orb
|move|p1a: Latias|Stored Power|p2a: Diggersby
|-damage|p2a: Diggersby|0 fnt
|faint|p2a: Diggersby
|
|
|switch|p2a: Scizor|Scizor, M|343\/343
|-damage|p2a: Scizor|301\/343|[from] Stealth Rock
|turn|13
|
|move|p2a: Scizor|Bullet Punch|p1a: Latias
|-damage|p1a: Latias|10\/364
|move|p1a: Latias|Roost|p1a: Latias
|-heal|p1a: Latias|192\/364
|
|turn|14
|-message|Ryuk97 forfeited.
|leave|Ryuk97
|
|win|crazybones
|raw|Ladder updating...
|player|p2
|raw|crazybones's rating: 1627 &rarr; <strong>1647<\/strong><br \/>(+20 for winning)
|raw|Ryuk97's rating: 1636 &rarr; <strong>1616<\/strong><br \/>(-20 for losing)