|join|supmayne
|join|Uniliger
|player|p1|supmayne|2
|player|p2|Uniliger|15
|gametype|singles
|gen|6
|tier|OU
|rated
|clearpoke
|poke|p1|Skarmory, M
|poke|p1|Heatran, M
|poke|p1|Garchomp, F
|poke|p1|Slowbro, M
|poke|p1|Chansey, F
|poke|p1|Gengar, M
|poke|p2|Glalie, M
|poke|p2|Arcanine, M
|poke|p2|Gengar, F
|poke|p2|Forretress, M
|poke|p2|Gliscor, F
|poke|p2|Greninja, M
|rule|Swagger Clause: Swagger is banned
|rule|Baton Pass Clause: Limit one Pokémon knowing Baton Pass
|rule|Sleep Clause Mod: Limit one foe put to sleep
|rule|Species Clause: Limit one of each Pokémon
|rule|OHKO Clause: OHKO moves are banned
|rule|Moody Clause: Moody is banned
|rule|Evasion Moves Clause: Evasion moves are banned
|rule|Endless Battle Clause: Forcing endless battles is banned
|rule|HP Percentage Mod: HP is shown in percentages
|teampreview
|
|start
|switch|p1a: Skarmory|Skarmory, M|334\/334
|switch|p2a: Glalie|Glalie, M|315\/315
|turn|1
|
|detailschange|p2a: Glalie|Glalie-Mega, M
|message|Glalie has Mega Evolved into Mega Glalie!
|move|p2a: Glalie|Body Slam|p1a: Skarmory
|-damage|p1a: Skarmory|237\/334
|-damage|p2a: Glalie|263\/315|[from] item: Rocky Helmet|[of] p1a: Skarmory
|move|p1a: Skarmory|Spikes|p2a: Glalie
|-sidestart|p2: Uniliger|Spikes
|
|turn|2
|
|switch|p2a: Arcanine|Arcanine, M|384\/384
|-damage|p2a: Arcanine|336\/384|[from] Spikes
|move|p1a: Skarmory|Spikes|p2a: Arcanine
|-sidestart|p2: Uniliger|Spikes
|
|turn|3
|
|switch|p1a: Heatran|Heatran, M|386\/386
|move|p2a: Arcanine|Wild Charge|p1a: Heatran
|-damage|p1a: Heatran|255\/386
|-damage|p2a: Arcanine|303\/384|[from] recoil|[of] p1a: Heatran
|-damage|p2a: Arcanine|265\/384|[from] item: Life Orb
|
|-heal|p1a: Heatran|279\/386|[from] item: Leftovers
|turn|4
|
|switch|p2a: Gliscor|Gliscor, F|354\/354
|move|p1a: Heatran|Toxic|p2a: Gliscor
|-status|p2a: Gliscor|tox
|
|-heal|p1a: Heatran|303\/386|[from] item: Leftovers
|turn|5
|
|move|p2a: Gliscor|Substitute|p2a: Gliscor
|-start|p2a: Gliscor|Substitute
|-damage|p2a: Gliscor|266\/354 tox
|move|p1a: Heatran|Stealth Rock|p2a: Gliscor
|-sidestart|p2: Uniliger|move: Stealth Rock
|
|-heal|p1a: Heatran|327\/386|[from] item: Leftovers
|-heal|p2a: Gliscor|310\/354 tox|[from] ability: Poison Heal
|turn|6
|
|move|p2a: Gliscor|Earthquake|p1a: Heatran
|-supereffective|p1a: Heatran
|-damage|p1a: Heatran|0 fnt
|faint|p1a: Heatran
|
|-heal|p2a: Gliscor|354\/354 tox|[from] ability: Poison Heal
|
|switch|p1a: Skarmory|Skarmory, M|237\/334
|turn|7
|
|move|p2a: Gliscor|Substitute|p2a: Gliscor
|-fail|p2a: Gliscor|move: Substitute
|move|p1a: Skarmory|Roost|p1a: Skarmory
|-heal|p1a: Skarmory|334\/334
|
|turn|8
|
|move|p2a: Gliscor|Baton Pass|p2a: Gliscor
|
|switch|p2a: Greninja|Greninja, M|300\/300
|-damage|p2a: Greninja|250\/300|[from] Spikes
|-damage|p2a: Greninja|213\/300|[from] Stealth Rock
|move|p1a: Skarmory|Whirlwind|p2a: Greninja
|drag|p2a: Glalie|Glalie-Mega, M|263\/315
|-damage|p2a: Glalie|185\/315|[from] Stealth Rock
|-damage|p2a: Glalie|133\/315|[from] Spikes
|
|turn|9
|
|move|p2a: Glalie|Explosion|p1a: Skarmory
|-damage|p1a: Skarmory|9\/334
|faint|p2a: Glalie
|move|p1a: Skarmory|Spikes|p2: Glalie
|-sidestart|p2: Uniliger|Spikes
|
|
|switch|p2a: Arcanine|Arcanine, M|265\/384
|-damage|p2a: Arcanine|169\/384|[from] Spikes
|-damage|p2a: Arcanine|73\/384|[from] Stealth Rock
|turn|10
|
|switch|p1a: Slowbro|Slowbro, M|394\/394
|move|p2a: Arcanine|Extreme Speed|p1a: Slowbro
|-damage|p1a: Slowbro|313\/394
|-damage|p2a: Arcanine|35\/384|[from] item: Life Orb
|
|turn|11
|
|detailschange|p1a: Slowbro|Slowbro-Mega, M
|message|Slowbro has Mega Evolved into Mega Slowbro!
|move|p2a: Arcanine|Wild Charge|p1a: Slowbro
|-supereffective|p1a: Slowbro
|-damage|p1a: Slowbro|193\/394
|-damage|p2a: Arcanine|5\/384|[from] recoil|[of] p1a: Slowbro
|-damage|p2a: Arcanine|0 fnt|[from] item: Life Orb
|faint|p2a: Arcanine
|move|p1a: Slowbro|Calm Mind|p1a: Slowbro
|-boost|p1a: Slowbro|spa|1
|-boost|p1a: Slowbro|spd|1
|
|
|switch|p2a: Gliscor|Gliscor, F|354\/354 tox
|-damage|p2a: Gliscor|310\/354 tox|[from] Stealth Rock
|turn|12
|
|move|p2a: Gliscor|Toxic|p1a: Slowbro|[miss]
|-miss|p2a: Gliscor|p1a: Slowbro
|move|p1a: Slowbro|Scald|p2a: Gliscor
|-supereffective|p2a: Gliscor
|-damage|p2a: Gliscor|0 fnt
|faint|p2a: Gliscor
|
|c|★Uniliger|fuck
|
|switch|p2a: Greninja|Greninja, M|213\/300
|-damage|p2a: Greninja|176\/300|[from] Stealth Rock
|-damage|p2a: Greninja|101\/300|[from] Spikes
|turn|13
|c|★supmayne|didnt matter either way..
|c|★Uniliger|yes it wouldve
|c|★Uniliger|like alot
|c|★supmayne|nope.
|
|switch|p1a: Chansey|Chansey, F|704\/704
|move|p2a: Greninja|Scald|p1a: Chansey
|-start|p2a: Greninja|typechange|Water|[from] Protean
|-damage|p1a: Chansey|626\/704
|-status|p1a: Chansey|brn
|
|-damage|p1a: Chansey|538\/704 brn|[from] brn
|turn|14
|
|switch|p2a: Forretress|Forretress, M|354\/354
|-damage|p2a: Forretress|266\/354|[from] Spikes
|-damage|p2a: Forretress|222\/354|[from] Stealth Rock
|move|p1a: Chansey|Seismic Toss|p2a: Forretress
|-damage|p2a: Forretress|122\/354
|-damage|p1a: Chansey|421\/704 brn|[from] item: Rocky Helmet|[of] p2a: Forretress
|
|-damage|p1a: Chansey|333\/704 brn|[from] brn
|turn|15
|
|move|p1a: Chansey|Soft-Boiled|p1a: Chansey
|-heal|p1a: Chansey|685\/704 brn
|move|p2a: Forretress|Gyro Ball|p1a: Chansey
|-damage|p1a: Chansey|615\/704 brn
|
|-damage|p1a: Chansey|527\/704 brn|[from] brn
|turn|16
|
|move|p1a: Chansey|Seismic Toss|p2a: Forretress
|-damage|p2a: Forretress|22\/354
|-damage|p1a: Chansey|410\/704 brn|[from] item: Rocky Helmet|[of] p2a: Forretress
|move|p2a: Forretress|Rapid Spin|p1a: Chansey
|-crit|p1a: Chansey
|-damage|p1a: Chansey|381\/704 brn
|-sideend|p2: Uniliger|Spikes|[from] move: Rapid Spin|[of] p2a: Forretress
|-sideend|p2: Uniliger|Stealth Rock|[from] move: Rapid Spin|[of] p2a: Forretress
|
|-damage|p1a: Chansey|293\/704 brn|[from] brn
|turn|17
|
|switch|p2a: Gengar|Gengar, F|262\/262
|move|p1a: Chansey|Seismic Toss|p2a: Gengar
|-immune|p2a: Gengar|[msg]
|
|-damage|p1a: Chansey|205\/704 brn|[from] brn
|turn|18
|
|move|p2a: Gengar|Substitute|p2a: Gengar
|-start|p2a: Gengar|Substitute
|-damage|p2a: Gengar|197\/262
|move|p1a: Chansey|Soft-Boiled|p1a: Chansey
|-heal|p1a: Chansey|557\/704 brn
|
|-damage|p1a: Chansey|469\/704 brn|[from] brn
|turn|19
|
|move|p2a: Gengar|Sludge Bomb|p1a: Chansey
|-crit|p1a: Chansey
|-damage|p1a: Chansey|255\/704 brn
|-damage|p2a: Gengar|171\/262|[from] item: Life Orb
|move|p1a: Chansey|Soft-Boiled|p1a: Chansey
|-heal|p1a: Chansey|607\/704 brn
|
|-damage|p1a: Chansey|519\/704 brn|[from] brn
|turn|20
|
|move|p2a: Gengar|Sludge Bomb|p1a: Chansey
|-damage|p1a: Chansey|390\/704 brn
|-damage|p2a: Gengar|145\/262|[from] item: Life Orb
|move|p1a: Chansey|Aromatherapy|p1a: Chansey
|-cureteam|p1a: Chansey|[from] move: Aromatherapy
|
|turn|21
|
|move|p2a: Gengar|Pain Split|p1a: Chansey
|-sethp|p1a: Chansey|267\/704|p2a: Gengar|262\/262|[from] move: Pain Split
|move|p1a: Chansey|Soft-Boiled|p1a: Chansey
|-heal|p1a: Chansey|619\/704
|
|turn|22
|
|switch|p1a: Skarmory|Skarmory, M|9\/334
|move|p2a: Gengar|Pain Split|p1a: Skarmory
|-sethp|p1a: Skarmory|135\/334|p2a: Gengar|135\/262|[from] move: Pain Split
|
|turn|23
|
|move|p2a: Gengar|Hex|p1a: Skarmory
|-damage|p1a: Skarmory|0 fnt
|-damage|p2a: Gengar|109\/262|[from] item: Life Orb
|faint|p1a: Skarmory
|
|
|switch|p1a: Garchomp|Garchomp, F|358\/358
|turn|24
|
|move|p1a: Garchomp|Outrage|p2a: Gengar
|-end|p2a: Gengar|Substitute
|move|p2a: Gengar|Sludge Bomb|p1a: Garchomp
|-resisted|p1a: Garchomp
|-damage|p1a: Garchomp|229\/358
|-damage|p2a: Gengar|83\/262|[from] item: Life Orb
|
|turn|25
|
|switch|p2a: Forretress|Forretress, M|22\/354
|move|p1a: Garchomp|Outrage|p2a: Forretress
|-resisted|p2a: Forretress
|-damage|p2a: Forretress|0 fnt
|-damage|p1a: Garchomp|170\/358|[from] item: Rocky Helmet|[of] p2a: Forretress
|faint|p2a: Forretress
|
|-end|p1a: Garchomp|rampage
|-start|p1a: Garchomp|confusion
|
|switch|p2a: Greninja|Greninja, M|101\/300
|turn|26
|c|★supmayne|i have rest on slowbro..wouldnt have amtter
|c|★Uniliger|one hex wouldve killed before rest
|c|★Uniliger|i was gonna switch
|c|★Uniliger|right after
|
|switch|p1a: Chansey|Chansey, F|619\/704
|move|p2a: Greninja|Dark Pulse|p1a: Chansey
|-start|p2a: Greninja|typechange|Dark|[from] Protean
|-damage|p1a: Chansey|544\/704
|
|turn|27
|
|switch|p2a: Gengar|Gengar, F|83\/262
|move|p1a: Chansey|Seismic Toss|p2a: Gengar
|-immune|p2a: Gengar|[msg]
|
|turn|28
|
|switch|p1a: Garchomp|Garchomp, F|170\/358
|move|p2a: Gengar|Substitute|p2a: Gengar
|-start|p2a: Gengar|Substitute
|-damage|p2a: Gengar|18\/262
|
|turn|29
|
|move|p1a: Garchomp|Outrage|p2a: Gengar
|-end|p2a: Gengar|Substitute
|move|p2a: Gengar|Pain Split|p1a: Garchomp
|-sethp|p1a: Garchomp|94\/358|p2a: Gengar|94\/262|[from] move: Pain Split
|
|turn|30
|
|switch|p2a: Greninja|Greninja, M|101\/300
|move|p1a: Garchomp|Outrage|p2a: Greninja
|-damage|p2a: Greninja|0 fnt
|faint|p2a: Greninja
|
|-end|p1a: Garchomp|rampage
|-start|p1a: Garchomp|confusion
|
|switch|p2a: Gengar|Gengar, F|94\/262
|turn|31
|
|switch|p1a: Slowbro|Slowbro-Mega, M|193\/394
|move|p2a: Gengar|Substitute|p2a: Gengar
|-start|p2a: Gengar|Substitute
|-damage|p2a: Gengar|29\/262
|
|turn|32
|
|move|p2a: Gengar|Pain Split|p1a: Slowbro
|-sethp|p1a: Slowbro|111\/394|p2a: Gengar|111\/262|[from] move: Pain Split
|move|p1a: Slowbro|Rest|p1a: Slowbro
|-status|p1a: Slowbro|slp
|-heal|p1a: Slowbro|394\/394 slp|[silent]
|-status|p1a: Slowbro|slp|[from] move: Rest
|
|turn|33
|
|move|p2a: Gengar|Hex|p1a: Slowbro
|-supereffective|p1a: Slowbro
|-damage|p1a: Slowbro|0 fnt
|-damage|p2a: Gengar|85\/262|[from] item: Life Orb
|faint|p1a: Slowbro
|
|c|★Uniliger|LOL
|
|switch|p1a: Gengar|Gengar, M|324\/324
|turn|34
|c|★Uniliger|im still gonna lose but see what i mean
|
|move|p2a: Gengar|Hex|p1a: Gengar
|-supereffective|p1a: Gengar
|-damage|p1a: Gengar|0 fnt
|-damage|p2a: Gengar|59\/262|[from] item: Life Orb
|faint|p1a: Gengar
|
|
|switch|p1a: Garchomp|Garchomp, F|94\/358
|turn|35
|
|move|p1a: Garchomp|Outrage|p2a: Gengar
|-end|p2a: Gengar|Substitute
|move|p2a: Gengar|Sludge Bomb|p1a: Garchomp
|-resisted|p1a: Garchomp
|-damage|p1a: Garchomp|0 fnt
|-damage|p2a: Gengar|33\/262|[from] item: Life Orb
|faint|p1a: Garchomp
|
|-message|supmayne forfeited.
|
|win|Uniliger
|raw|Ladder updating...
|leave|supmayne
|player|p1