|join|fzappa
|join|LT7A level 56
|player|p1|fzappa|1
|player|p2|LT7A level 56|7
|gametype|singles
|gen|6
|tier|OU
|rated
|clearpoke
|poke|p1|Landorus, M
|poke|p1|Rotom-Heat
|poke|p1|Gardevoir, M
|poke|p1|Magnezone
|poke|p1|Terrakion
|poke|p1|Roserade, M
|poke|p2|Azumarill, M
|poke|p2|Landorus-Therian, M
|poke|p2|Magnezone
|poke|p2|Pinsir, M
|poke|p2|Latios, M
|poke|p2|Terrakion
|rule|Swagger Clause: Swagger is banned
|rule|Baton Pass Clause: Limit one Pokémon knowing Baton Pass
|rule|Sleep Clause Mod: Limit one foe put to sleep
|rule|Species Clause: Limit one of each Pokémon
|rule|OHKO Clause: OHKO moves are banned
|rule|Moody Clause: Moody is banned
|rule|Evasion Moves Clause: Evasion moves are banned
|rule|Endless Battle Clause: Forcing endless battles is banned
|rule|HP Percentage Mod: HP is shown in percentages
|teampreview
|
|start
|switch|p1a: Terrakion|Terrakion|323\/323
|switch|p2a: Landorus-Therian|Landorus-Therian, M|320\/320
|-ability|p2a: Landorus-Therian|Intimidate|[of] p1a: Terrakion
|-unboost|p1a: Terrakion|atk|1
|turn|1
|
|move|p2a: Landorus-Therian|Earthquake|p1a: Terrakion
|-supereffective|p1a: Terrakion
|-enditem|p1a: Terrakion|Focus Sash
|-damage|p1a: Terrakion|1\/323
|move|p1a: Terrakion|Stealth Rock|p2a: Landorus-Therian
|-sidestart|p2: LT7A level 56|move: Stealth Rock
|
|turn|2
|
|switch|p2a: Azumarill|Azumarill, M|404\/404
|-damage|p2a: Azumarill|354\/404|[from] Stealth Rock
|switch|p1a: Rotom-Heat|Rotom-Heat|304\/304
|
|turn|3
|
|move|p1a: Rotom-Heat|Volt Switch|p2a: Azumarill
|-supereffective|p2a: Azumarill
|-damage|p2a: Azumarill|144\/404
|
|switch|p1a: Roserade|Roserade, M|324\/324
|move|p2a: Azumarill|Knock Off|p1a: Roserade
|-damage|p1a: Roserade|43\/324
|-enditem|p1a: Roserade|Black Sludge|[from] move: Knock Off|[of] p2a: Azumarill
|
|turn|4
|
|switch|p2a: Magnezone|Magnezone|282\/282
|-damage|p2a: Magnezone|265\/282|[from] Stealth Rock
|move|p1a: Roserade|Toxic Spikes|p2a: Magnezone
|-sidestart|p2: LT7A level 56|move: Toxic Spikes
|
|-heal|p2a: Magnezone|282\/282|[from] item: Leftovers
|turn|5
|
|move|p2a: Magnezone|Substitute|p2a: Magnezone
|-start|p2a: Magnezone|Substitute
|-damage|p2a: Magnezone|212\/282
|move|p1a: Roserade|Sleep Powder|p2a: Magnezone
|
|-heal|p2a: Magnezone|229\/282|[from] item: Leftovers
|turn|6
|
|switch|p1a: Rotom-Heat|Rotom-Heat|304\/304
|move|p2a: Magnezone|Charge Beam|p1a: Rotom-Heat
|-resisted|p1a: Rotom-Heat
|-damage|p1a: Rotom-Heat|268\/304
|
|-heal|p2a: Magnezone|246\/282|[from] item: Leftovers
|-heal|p1a: Rotom-Heat|287\/304|[from] item: Leftovers
|turn|7
|
|move|p2a: Magnezone|Charge Beam|p1a: Rotom-Heat
|-resisted|p1a: Rotom-Heat
|-damage|p1a: Rotom-Heat|248\/304
|-boost|p2a: Magnezone|spa|1
|move|p1a: Rotom-Heat|Overheat|p2a: Magnezone
|-supereffective|p2a: Magnezone
|-end|p2a: Magnezone|Substitute
|-unboost|p1a: Rotom-Heat|spa|2
|
|-heal|p2a: Magnezone|263\/282|[from] item: Leftovers
|-heal|p1a: Rotom-Heat|267\/304|[from] item: Leftovers
|turn|8
|
|move|p2a: Magnezone|Substitute|p2a: Magnezone
|-start|p2a: Magnezone|Substitute
|-damage|p2a: Magnezone|193\/282
|move|p1a: Rotom-Heat|Volt Switch|p2a: Magnezone
|-resisted|p2a: Magnezone
|-activate|p2a: Magnezone|Substitute|[damage]
|
|switch|p1a: Magnezone|Magnezone|282\/282
|
|-heal|p2a: Magnezone|210\/282|[from] item: Leftovers
|turn|9
|
|move|p1a: Magnezone|Hidden Power|p2a: Magnezone
|-supereffective|p2a: Magnezone
|-end|p2a: Magnezone|Substitute
|move|p2a: Magnezone|Hidden Power|p1a: Magnezone
|-supereffective|p1a: Magnezone
|-damage|p1a: Magnezone|54\/282
|
|-heal|p2a: Magnezone|227\/282|[from] item: Leftovers
|turn|10
|
|move|p1a: Magnezone|Hidden Power|p2a: Magnezone
|-supereffective|p2a: Magnezone
|-damage|p2a: Magnezone|83\/282
|move|p2a: Magnezone|Hidden Power|p1a: Magnezone
|-supereffective|p1a: Magnezone
|-damage|p1a: Magnezone|0 fnt
|faint|p1a: Magnezone
|
|-heal|p2a: Magnezone|100\/282|[from] item: Leftovers
|
|switch|p1a: Landorus|Landorus, M|319\/319
|turn|11
|
|switch|p2a: Latios|Latios, M|302\/302
|-damage|p2a: Latios|265\/302|[from] Stealth Rock
|move|p1a: Landorus|Knock Off|p2a: Latios
|-supereffective|p2a: Latios
|-damage|p2a: Latios|0 fnt
|-enditem|p2a: Latios|Life Orb|[from] move: Knock Off|[of] p1a: Landorus
|-damage|p1a: Landorus|288\/319|[from] item: Life Orb
|faint|p2a: Latios
|
|
|switch|p2a: Azumarill|Azumarill, M|144\/404
|-status|p2a: Azumarill|psn
|-damage|p2a: Azumarill|94\/404 psn|[from] Stealth Rock
|turn|12
|
|switch|p1a: Roserade|Roserade, M|43\/324
|move|p2a: Azumarill|Aqua Jet|p1a: Roserade
|-resisted|p1a: Roserade
|-damage|p1a: Roserade|0 fnt
|faint|p1a: Roserade
|
|-damage|p2a: Azumarill|44\/404 psn|[from] psn
|
|switch|p1a: Terrakion|Terrakion|1\/323
|turn|13
|
|move|p2a: Azumarill|Aqua Jet|p1a: Terrakion
|-supereffective|p1a: Terrakion
|-damage|p1a: Terrakion|0 fnt
|faint|p1a: Terrakion
|
|-damage|p2a: Azumarill|0 fnt|[from] psn
|faint|p2a: Azumarill
|
|switch|p2a: Terrakion|Terrakion|324\/324
|-damage|p2a: Terrakion|304\/324|[from] Stealth Rock
|-status|p2a: Terrakion|psn
|switch|p1a: Gardevoir|Gardevoir, M|277\/277
|-ability|p1a: Gardevoir|Justified|[from] ability: Trace|[of] p2a: Terrakion
|turn|14
|
|detailschange|p1a: Gardevoir|Gardevoir-Mega, M
|message|Gardevoir has Mega Evolved into Mega Gardevoir!
|move|p2a: Terrakion|Stone Edge|p1a: Gardevoir
|-damage|p1a: Gardevoir|27\/277
|move|p1a: Gardevoir|Hyper Voice|p2a: Terrakion
|-supereffective|p2a: Terrakion
|-damage|p2a: Terrakion|0 fnt
|faint|p2a: Terrakion
|
|
|switch|p2a: Landorus-Therian|Landorus-Therian, M|320\/320
|-damage|p2a: Landorus-Therian|280\/320|[from] Stealth Rock
|-ability|p2a: Landorus-Therian|Intimidate|[of] p1a: Gardevoir
|-unboost|p1a: Gardevoir|atk|1
|turn|15
|
|move|p2a: Landorus-Therian|U-turn|p1a: Gardevoir
|-damage|p1a: Gardevoir|0 fnt
|faint|p1a: Gardevoir
|
|switch|p2a: Magnezone|Magnezone|100\/282
|-damage|p2a: Magnezone|83\/282|[from] Stealth Rock
|
|-heal|p2a: Magnezone|100\/282|[from] item: Leftovers
|
|switch|p1a: Landorus|Landorus, M|288\/319
|turn|16
|
|move|p1a: Landorus|Earth Power|p2a: Magnezone
|-supereffective|p2a: Magnezone
|-damage|p2a: Magnezone|0 fnt
|-damage|p1a: Landorus|257\/319|[from] item: Life Orb
|faint|p2a: Magnezone
|
|
|switch|p2a: Pinsir|Pinsir, M|272\/272
|-damage|p2a: Pinsir|204\/272|[from] Stealth Rock
|-status|p2a: Pinsir|psn
|turn|17
|c|★fzappa|oops wrong ability
|
|switch|p1a: Rotom-Heat|Rotom-Heat|267\/304
|detailschange|p2a: Pinsir|Pinsir-Mega, M
|message|Pinsir has Mega Evolved into Mega Pinsir!
|move|p2a: Pinsir|Quick Attack|p1a: Rotom-Heat
|-resisted|p1a: Rotom-Heat
|-damage|p1a: Rotom-Heat|230\/304
|
|-heal|p1a: Rotom-Heat|249\/304|[from] item: Leftovers
|-damage|p2a: Pinsir|170\/272 psn|[from] psn
|turn|18
|
|move|p2a: Pinsir|Close Combat|p1a: Rotom-Heat
|-damage|p1a: Rotom-Heat|136\/304
|-unboost|p2a: Pinsir|def|1
|-unboost|p2a: Pinsir|spd|1
|move|p1a: Rotom-Heat|Overheat|p2a: Pinsir
|-supereffective|p2a: Pinsir
|-damage|p2a: Pinsir|0 fnt
|-unboost|p1a: Rotom-Heat|spa|2
|faint|p2a: Pinsir
|
|-heal|p1a: Rotom-Heat|155\/304|[from] item: Leftovers
|
|switch|p2a: Landorus-Therian|Landorus-Therian, M|280\/320
|-damage|p2a: Landorus-Therian|240\/320|[from] Stealth Rock
|-ability|p2a: Landorus-Therian|Intimidate|[of] p1a: Rotom-Heat
|-unboost|p1a: Rotom-Heat|atk|1
|turn|19
|
|move|p2a: Landorus-Therian|Stone Edge|p1a: Rotom-Heat|[miss]
|-miss|p2a: Landorus-Therian|p1a: Rotom-Heat
|move|p1a: Rotom-Heat|Pain Split|p2a: Landorus-Therian
|-sethp|p2a: Landorus-Therian|197\/320|p1a: Rotom-Heat|197\/304|[from] move: Pain Split
|
|-heal|p1a: Rotom-Heat|216\/304|[from] item: Leftovers
|turn|20
|
|move|p2a: Landorus-Therian|Stone Edge|p1a: Rotom-Heat
|-supereffective|p1a: Rotom-Heat
|-damage|p1a: Rotom-Heat|0 fnt
|faint|p1a: Rotom-Heat
|
|
|switch|p1a: Landorus|Landorus, M|257\/319
|turn|21
|
|move|p2a: Landorus-Therian|Stone Edge|p1a: Landorus
|-damage|p1a: Landorus|101\/319
|move|p1a: Landorus|Psychic|p2a: Landorus-Therian
|-damage|p2a: Landorus-Therian|27\/320
|-damage|p1a: Landorus|70\/319|[from] item: Life Orb
|
|turn|22
|
|move|p2a: Landorus-Therian|Stone Edge|p1a: Landorus
|-damage|p1a: Landorus|0 fnt
|faint|p1a: Landorus
|
|win|LT7A level 56
|raw|Ladder updating...
|raw|fzappa's rating: 1760 &rarr; <strong>1729<\/strong><br \/>(-31 for losing)
|raw|LT7A level 56's rating: 1536 &rarr; <strong>1567<\/strong><br \/>(+31 for winning)