|join|lil manaphy
|join|fzappa
|player|p1|lil manaphy|8
|player|p2|fzappa|1
|gametype|singles
|gen|6
|tier|OU
|rated
|clearpoke
|poke|p1|Lopunny, M
|poke|p1|Rotom-Wash
|poke|p1|Gothitelle, F
|poke|p1|Mandibuzz, F
|poke|p1|Heatran, F
|poke|p1|Celebi
|poke|p2|Diancie
|poke|p2|Gothitelle, F
|poke|p2|Gliscor, F
|poke|p2|Klefki, F
|poke|p2|Goodra, F
|poke|p2|Ferrothorn, M
|rule|Swagger Clause: Swagger is banned
|rule|Baton Pass Clause: Limit one Pokémon knowing Baton Pass
|rule|Sleep Clause Mod: Limit one foe put to sleep
|rule|Species Clause: Limit one of each Pokémon
|rule|OHKO Clause: OHKO moves are banned
|rule|Moody Clause: Moody is banned
|rule|Evasion Moves Clause: Evasion moves are banned
|rule|Endless Battle Clause: Forcing endless battles is banned
|rule|HP Percentage Mod: HP is shown in percentages
|teampreview
|
|start
|switch|p1a: Rotom-Wash|Rotom-Wash|303\/303
|switch|p2a: Gliscor|Gliscor, F|352\/352
|turn|1
|
|move|p2a: Gliscor|Protect|p2a: Gliscor
|-singleturn|p2a: Gliscor|Protect
|move|p1a: Rotom-Wash|Hydro Pump|p2a: Gliscor
|-activate|p2a: Gliscor|Protect
|
|-status|p2a: Gliscor|tox|[from] item: Toxic Orb
|turn|2
|
|move|p2a: Gliscor|Substitute|p2a: Gliscor
|-start|p2a: Gliscor|Substitute
|-damage|p2a: Gliscor|264\/352 tox
|move|p1a: Rotom-Wash|Hydro Pump|p2a: Gliscor|[miss]
|-miss|p1a: Rotom-Wash|p2a: Gliscor
|
|-heal|p2a: Gliscor|308\/352 tox|[from] ability: Poison Heal
|turn|3
|
|switch|p1a: Celebi|Celebi|404\/404
|move|p2a: Gliscor|Toxic|p1a: Celebi
|-status|p1a: Celebi|tox
|
|-heal|p2a: Gliscor|352\/352 tox|[from] ability: Poison Heal
|-damage|p1a: Celebi|379\/404 tox|[from] psn
|turn|4
|
|move|p2a: Gliscor|Earthquake|p1a: Celebi
|-resisted|p1a: Celebi
|-damage|p1a: Celebi|326\/404 tox
|move|p1a: Celebi|Perish Song|p1a: Celebi
|-fieldactivate|move: Perish Song
|
|-start|p2a: Gliscor|perish3
|-start|p1a: Celebi|perish3
|-heal|p1a: Celebi|351\/404 tox|[from] item: Leftovers
|-damage|p1a: Celebi|301\/404 tox|[from] psn
|turn|5
|
|move|p2a: Gliscor|Toxic|p1a: Celebi
|-fail|p1a: Celebi|tox
|move|p1a: Celebi|Baton Pass|p1a: Celebi
|
|switch|p1a: Gothitelle|Gothitelle, F|301\/301
|
|-start|p1a: Gothitelle|perish2
|-start|p2a: Gliscor|perish2
|turn|6
|
|move|p1a: Gothitelle|Calm Mind|p1a: Gothitelle
|-boost|p1a: Gothitelle|spa|1
|-boost|p1a: Gothitelle|spd|1
|move|p2a: Gliscor|Toxic|p1a: Gothitelle
|-status|p1a: Gothitelle|tox
|
|-start|p1a: Gothitelle|perish1
|-start|p2a: Gliscor|perish1
|-damage|p1a: Gothitelle|283\/301 tox|[from] psn
|turn|7
|
|switch|p1a: Celebi|Celebi|301\/404
|move|p2a: Gliscor|Toxic|p1a: Celebi
|-status|p1a: Celebi|tox
|
|-start|p2a: Gliscor|perish0
|-heal|p1a: Celebi|326\/404 tox|[from] item: Leftovers
|-damage|p1a: Celebi|301\/404 tox|[from] psn
|faint|p2a: Gliscor
|
|switch|p2a: Diancie|Diancie|241\/241
|turn|8
|
|switch|p2a: Goodra|Goodra, F|381\/381
|move|p1a: Celebi|Giga Drain|p2a: Goodra
|-boost|p2a: Goodra|atk|1|[from] ability: Sap Sipper
|
|-heal|p1a: Celebi|326\/404 tox|[from] item: Leftovers
|-damage|p1a: Celebi|276\/404 tox|[from] psn
|turn|9
|
|move|p1a: Celebi|Baton Pass|p1a: Celebi
|
|switch|p1a: Rotom-Wash|Rotom-Wash|303\/303
|move|p2a: Goodra|Sludge Bomb|p1a: Rotom-Wash
|-damage|p1a: Rotom-Wash|208\/303
|
|-heal|p1a: Rotom-Wash|226\/303|[from] item: Leftovers
|turn|10
|
|move|p1a: Rotom-Wash|Will-O-Wisp|p2a: Goodra
|-status|p2a: Goodra|brn
|move|p2a: Goodra|Draco Meteor|p1a: Rotom-Wash
|-damage|p1a: Rotom-Wash|19\/303
|-unboost|p2a: Goodra|spa|2
|
|-heal|p1a: Rotom-Wash|37\/303|[from] item: Leftovers
|-damage|p2a: Goodra|334\/381 brn|[from] brn
|turn|11
|
|switch|p2a: Gothitelle|Gothitelle, F|282\/282
|move|p1a: Rotom-Wash|Pain Split|p2a: Gothitelle
|-sethp|p2a: Gothitelle|159\/282|p1a: Rotom-Wash|159\/303|[from] move: Pain Split
|
|-heal|p1a: Rotom-Wash|177\/303|[from] item: Leftovers
|turn|12
|
|move|p2a: Gothitelle|Psychic|p1a: Rotom-Wash
|-crit|p1a: Rotom-Wash
|-damage|p1a: Rotom-Wash|0 fnt
|faint|p1a: Rotom-Wash
|
|
|switch|p1a: Heatran|Heatran, F|386\/386
|turn|13
|
|switch|p2a: Diancie|Diancie|241\/241
|move|p1a: Heatran|Stealth Rock|p2a: Diancie
|-sidestart|p2: fzappa|move: Stealth Rock
|
|turn|14
|
|switch|p1a: Celebi|Celebi|276\/404
|detailschange|p2a: Diancie|Diancie-Mega
|message|Diancie has Mega Evolved into Mega Diancie!
|move|p2a: Diancie|Moonblast|p1a: Celebi
|-damage|p1a: Celebi|122\/404
|
|-heal|p1a: Celebi|147\/404|[from] item: Leftovers
|turn|15
|
|move|p2a: Diancie|Moonblast|p1a: Celebi
|-damage|p1a: Celebi|0 fnt
|faint|p1a: Celebi
|
|
|switch|p1a: Gothitelle|Gothitelle, F|283\/301 tox
|turn|16
|
|move|p1a: Gothitelle|Psychic|p2a: Diancie
|-damage|p2a: Diancie|127\/241
|move|p2a: Diancie|Diamond Storm|p1a: Gothitelle
|-damage|p1a: Gothitelle|103\/301 tox
|
|-damage|p1a: Gothitelle|85\/301 tox|[from] psn
|turn|17
|
|move|p1a: Gothitelle|Psychic|p2a: Diancie
|-damage|p2a: Diancie|10\/241
|move|p2a: Diancie|Moonblast|p1a: Gothitelle
|-damage|p1a: Gothitelle|0 fnt
|faint|p1a: Gothitelle
|
|
|switch|p1a: Lopunny|Lopunny, M|271\/271
|turn|18
|
|detailschange|p1a: Lopunny|Lopunny-Mega, M
|message|Lopunny has Mega Evolved into Mega Lopunny!
|move|p1a: Lopunny|Fake Out|p2a: Diancie
|-resisted|p2a: Diancie
|-damage|p2a: Diancie|0 fnt
|faint|p2a: Diancie
|
|
|switch|p2a: Klefki|Klefki, F|318\/318
|-damage|p2a: Klefki|299\/318|[from] Stealth Rock
|turn|19
|
|switch|p1a: Heatran|Heatran, F|386\/386
|move|p2a: Klefki|Spikes|p1a: Heatran
|-sidestart|p1: lil manaphy|Spikes
|
|-heal|p2a: Klefki|318\/318|[from] item: Leftovers
|turn|20
|
|switch|p2a: Goodra|Goodra, F|334\/381 brn
|-damage|p2a: Goodra|287\/381 brn|[from] Stealth Rock
|move|p1a: Heatran|Lava Plume|p2a: Goodra
|-resisted|p2a: Goodra
|-damage|p2a: Goodra|258\/381 brn
|
|-damage|p2a: Goodra|211\/381 brn|[from] brn
|turn|21
|
|move|p1a: Heatran|Protect|p1a: Heatran
|-singleturn|p1a: Heatran|Protect
|move|p2a: Goodra|Earthquake|p1a: Heatran
|-activate|p1a: Heatran|Protect
|
|-damage|p2a: Goodra|164\/381 brn|[from] brn
|turn|22
|
|switch|p1a: Mandibuzz|Mandibuzz, F|424\/424
|move|p2a: Goodra|Earthquake|p1a: Mandibuzz
|-immune|p1a: Mandibuzz|[msg]
|
|-damage|p2a: Goodra|117\/381 brn|[from] brn
|turn|23
|
|switch|p2a: Klefki|Klefki, F|318\/318
|-damage|p2a: Klefki|299\/318|[from] Stealth Rock
|move|p1a: Mandibuzz|Foul Play|p2a: Klefki
|-resisted|p2a: Klefki
|-damage|p2a: Klefki|264\/318
|
|-heal|p2a: Klefki|283\/318|[from] item: Leftovers
|turn|24
|
|switch|p1a: Heatran|Heatran, F|386\/386
|-damage|p1a: Heatran|338\/386|[from] Spikes
|move|p2a: Klefki|Spikes|p1a: Heatran
|-sidestart|p1: lil manaphy|Spikes
|
|-heal|p1a: Heatran|362\/386|[from] item: Leftovers
|-heal|p2a: Klefki|302\/318|[from] item: Leftovers
|turn|25
|
|move|p2a: Klefki|Thunder Wave|p1a: Heatran
|-status|p1a: Heatran|par
|move|p1a: Heatran|Lava Plume|p2a: Klefki
|-supereffective|p2a: Klefki
|-damage|p2a: Klefki|60\/318
|-status|p2a: Klefki|brn
|
|-heal|p2a: Klefki|79\/318 brn|[from] item: Leftovers
|-heal|p1a: Heatran|386\/386 par|[from] item: Leftovers
|-damage|p2a: Klefki|40\/318 brn|[from] brn
|turn|26
|
|move|p2a: Klefki|Spikes|p1a: Heatran
|-sidestart|p1: lil manaphy|Spikes
|move|p1a: Heatran|Lava Plume|p2a: Klefki
|-supereffective|p2a: Klefki
|-damage|p2a: Klefki|0 fnt
|faint|p2a: Klefki
|
|
|switch|p2a: Gothitelle|Gothitelle, F|159\/282
|-damage|p2a: Gothitelle|124\/282|[from] Stealth Rock
|turn|27
|
|move|p2a: Gothitelle|Trick|p1a: Heatran
|-activate|p2a: Gothitelle|move: Trick|[of] p1a: Heatran
|-item|p1a: Heatran|Choice Specs|[from] move: Trick
|-item|p2a: Gothitelle|Leftovers|[from] move: Trick
|move|p1a: Heatran|Lava Plume|p2a: Gothitelle
|-damage|p2a: Gothitelle|0 fnt
|faint|p2a: Gothitelle
|
|
|switch|p2a: Goodra|Goodra, F|117\/381 brn
|-damage|p2a: Goodra|70\/381 brn|[from] Stealth Rock
|turn|28
|
|switch|p2a: Ferrothorn|Ferrothorn, M|352\/352
|-damage|p2a: Ferrothorn|330\/352|[from] Stealth Rock
|switch|p1a: Mandibuzz|Mandibuzz, F|424\/424
|
|turn|29
|
|move|p1a: Mandibuzz|Taunt|p2a: Ferrothorn
|-start|p2a: Ferrothorn|move: Taunt
|cant|p2a: Ferrothorn|move: Taunt|Leech Seed
|
|turn|30
|-message|fzappa forfeited.
|
|win|lil manaphy
|raw|Ladder updating...
|leave|fzappa
|player|p2