|join|mynX~
|join|fzappa
|player|p1|mynX~|102
|player|p2|fzappa|2
|gametype|singles
|gen|6
|tier|OU
|rated
|clearpoke
|poke|p1|Scolipede, M
|poke|p1|Espeon, F
|poke|p1|Latios, M
|poke|p1|Greninja, M
|poke|p1|Charizard, F
|poke|p1|Wobbuffet, M
|poke|p2|Landorus-Therian, M
|poke|p2|Bisharp, M
|poke|p2|Gardevoir, M
|poke|p2|Magnezone
|poke|p2|Terrakion
|poke|p2|Roserade, M
|rule|Swagger Clause: Swagger is banned
|rule|Baton Pass Clause: Limit one Pokémon knowing Baton Pass
|rule|Sleep Clause Mod: Limit one foe put to sleep
|rule|Species Clause: Limit one of each Pokémon
|rule|OHKO Clause: OHKO moves are banned
|rule|Moody Clause: Moody is banned
|rule|Evasion Moves Clause: Evasion moves are banned
|rule|Endless Battle Clause: Forcing endless battles is banned
|rule|HP Percentage Mod: HP is shown in percentages
|teampreview
|
|start
|switch|p1a: Latios|Latios, M|364\/364
|switch|p2a: Roserade|Roserade, M|324\/324
|turn|1
|
|move|p1a: Latios|Reflect|p1a: Latios
|-sidestart|p1: mynX~|Reflect
|move|p2a: Roserade|Toxic Spikes|p1a: Latios
|-sidestart|p1: mynX~|move: Toxic Spikes
|
|turn|2
|
|switch|p2a: Bisharp|Bisharp, M|272\/272
|move|p1a: Latios|Light Screen|p1a: Latios
|-sidestart|p1: mynX~|move: Light Screen
|
|turn|3
|
|move|p1a: Latios|Memento|p2a: Bisharp
|-unboost|p2a: Bisharp|atk|2
|-boost|p2a: Bisharp|atk|2|[from] ability: Defiant
|-unboost|p2a: Bisharp|spa|2
|-boost|p2a: Bisharp|atk|2|[from] ability: Defiant
|faint|p1a: Latios
|move|p2a: Bisharp|Pursuit|p1: Latios|[notarget]
|-notarget
|
|
|switch|p1a: Scolipede|Scolipede, M|323\/323
|-sideend|p1: mynX~|move: Toxic Spikes|[of] p1a: Scolipede
|turn|4
|
|move|p1a: Scolipede|Iron Defense|p1a: Scolipede
|-boost|p1a: Scolipede|def|2
|move|p2a: Bisharp|Iron Head|p1a: Scolipede
|-damage|p1a: Scolipede|268\/323
|
|-boost|p1a: Scolipede|spe|1|[from] ability: Speed Boost
|turn|5
|c|★mynX~|OH FUCK LOL WOOPS XD
|c|★mynX~|OH MY GOD LOL
|
|move|p1a: Scolipede|Iron Defense|p1a: Scolipede
|-boost|p1a: Scolipede|def|2
|move|p2a: Bisharp|Iron Head|p1a: Scolipede
|-damage|p1a: Scolipede|232\/323
|
|-boost|p1a: Scolipede|spe|1|[from] ability: Speed Boost
|turn|6
|
|move|p1a: Scolipede|Iron Defense|p1a: Scolipede
|-boost|p1a: Scolipede|def|2
|move|p2a: Bisharp|Knock Off|p1a: Scolipede
|-damage|p1a: Scolipede|197\/323
|-enditem|p1a: Scolipede|Mental Herb|[from] move: Knock Off|[of] p2a: Bisharp
|
|-boost|p1a: Scolipede|spe|1|[from] ability: Speed Boost
|turn|7
|
|switch|p2a: Gardevoir|Gardevoir, M|277\/277
|-ability|p2a: Gardevoir|Speed Boost|[from] ability: Trace|[of] p1a: Scolipede
|move|p1a: Scolipede|Substitute|p1a: Scolipede
|-start|p1a: Scolipede|Substitute
|-damage|p1a: Scolipede|117\/323
|
|-boost|p1a: Scolipede|spe|1|[from] ability: Speed Boost
|turn|8
|
|detailschange|p2a: Gardevoir|Gardevoir-Mega, M
|message|Gardevoir has Mega Evolved into Mega Gardevoir!
|move|p1a: Scolipede|Baton Pass|p1a: Scolipede
|
|switch|p1a: Charizard|Charizard, F|359\/359
|move|p2a: Gardevoir|Hyper Voice|p1a: Charizard
|-resisted|p1a: Charizard
|-damage|p1a: Charizard|289\/359
|
|-sideend|p1: mynX~|Reflect
|turn|9
|
|detailschange|p1a: Charizard|Charizard-Mega-X, F
|message|Charizard has Mega Evolved into Mega Charizard!
|move|p1a: Charizard|Swords Dance|p1a: Charizard
|-boost|p1a: Charizard|atk|2
|move|p2a: Gardevoir|Taunt|p1a: Charizard
|-start|p1a: Charizard|move: Taunt
|
|-sideend|p1: mynX~|move: Light Screen
|turn|10
|
|move|p1a: Charizard|Flare Blitz|p2a: Gardevoir
|-damage|p2a: Gardevoir|0 fnt
|-damage|p1a: Charizard|198\/359|[from] recoil|[of] p2a: Gardevoir
|faint|p2a: Gardevoir
|
|
|switch|p2a: Terrakion|Terrakion|323\/323
|turn|11
|
|move|p1a: Charizard|Dragon Claw|p2a: Terrakion
|-enditem|p2a: Terrakion|Focus Sash
|-damage|p2a: Terrakion|1\/323
|move|p2a: Terrakion|Close Combat|p1a: Charizard
|-activate|p1a: Charizard|Substitute|[damage]
|-unboost|p2a: Terrakion|def|1
|-unboost|p2a: Terrakion|spd|1
|
|turn|12
|
|move|p1a: Charizard|Dragon Claw|p2a: Terrakion
|-damage|p2a: Terrakion|0 fnt
|faint|p2a: Terrakion
|
|-end|p1a: Charizard|move: Taunt
|
|switch|p2a: Bisharp|Bisharp, M|272\/272
|turn|13
|
|move|p2a: Bisharp|Sucker Punch|p1a: Charizard
|-fail|p1a: Charizard
|move|p1a: Charizard|Roost|p1a: Charizard
|-heal|p1a: Charizard|359\/359
|
|turn|14
|
|move|p2a: Bisharp|Sucker Punch|p1a: Charizard
|-end|p1a: Charizard|Substitute
|move|p1a: Charizard|Flare Blitz|p2a: Bisharp
|-supereffective|p2a: Bisharp
|-enditem|p2a: Bisharp|Focus Sash
|-damage|p2a: Bisharp|1\/272
|-damage|p1a: Charizard|270\/359|[from] recoil|[of] p2a: Bisharp
|
|turn|15
|
|move|p1a: Charizard|Swords Dance|p1a: Charizard
|-boost|p1a: Charizard|atk|2
|move|p2a: Bisharp|Knock Off|p1a: Charizard
|-damage|p1a: Charizard|240\/359
|
|turn|16
|
|move|p1a: Charizard|Roost|p1a: Charizard
|-heal|p1a: Charizard|359\/359
|move|p2a: Bisharp|Knock Off|p1a: Charizard
|-damage|p1a: Charizard|328\/359
|
|turn|17
|
|switch|p2a: Landorus-Therian|Landorus-Therian, M|333\/333
|-ability|p2a: Landorus-Therian|Intimidate|[of] p1a: Charizard
|-unboost|p1a: Charizard|atk|1
|move|p1a: Charizard|Dragon Claw|p2a: Landorus-Therian
|-damage|p2a: Landorus-Therian|0 fnt
|faint|p2a: Landorus-Therian
|
|-message|fzappa forfeited.
|
|win|mynX~
|raw|Ladder updating...
|leave|fzappa
|player|p2
|raw|mynX~'s rating: 1652 &rarr; <strong>1674<\/strong><br \/>(+22 for winning)
|raw|fzappa's rating: 1687 &rarr; <strong>1665<\/strong><br \/>(-22 for losing)