|join|OkDaveGo
|join|fzappa
|player|p1|OkDaveGo|196
|player|p2|fzappa|2
|gametype|singles
|gen|6
|tier|OU
|rated
|clearpoke
|poke|p1|Conkeldurr, M
|poke|p1|Magnezone
|poke|p1|Tyranitar, M
|poke|p1|Volcarona, F
|poke|p1|Skarmory, F
|poke|p1|Garchomp, M
|poke|p2|Heracross, F
|poke|p2|Forretress, F
|poke|p2|Entei, shiny
|poke|p2|Manaphy
|poke|p2|Rotom-Wash
|poke|p2|Staraptor, F
|rule|Swagger Clause: Swagger is banned
|rule|Baton Pass Clause: Limit one Pokémon knowing Baton Pass
|rule|Sleep Clause Mod: Limit one foe put to sleep
|rule|Species Clause: Limit one of each Pokémon
|rule|OHKO Clause: OHKO moves are banned
|rule|Moody Clause: Moody is banned
|rule|Evasion Moves Clause: Evasion moves are banned
|rule|Endless Battle Clause: Forcing endless battles is banned
|rule|HP Percentage Mod: HP is shown in percentages
|teampreview
|
|start
|switch|p1a: Conkeldurr|Conkeldurr, M|414\/414
|switch|p2a: NoSpinRoughSkin|Forretress, F|354\/354
|turn|1
|
|switch|p1a: Volcarona|Volcarona, F|371\/371
|move|p2a: NoSpinRoughSkin|Stealth Rock|p1a: Volcarona
|-sidestart|p1: OkDaveGo|move: Stealth Rock
|
|turn|2
|
|move|p1a: Volcarona|Quiver Dance|p1a: Volcarona
|-boost|p1a: Volcarona|spa|1
|-boost|p1a: Volcarona|spd|1
|-boost|p1a: Volcarona|spe|1
|move|p2a: NoSpinRoughSkin|Toxic Spikes|p1a: Volcarona
|-sidestart|p1: OkDaveGo|move: Toxic Spikes
|
|turn|3
|
|switch|p2a: SwitchInLandoT|Entei, shiny|411\/411
|-ability|p2a: SwitchInLandoT|Pressure
|move|p1a: Volcarona|Fiery Dance|p2a: SwitchInLandoT
|-resisted|p2a: SwitchInLandoT
|-damage|p2a: SwitchInLandoT|294\/411
|-boost|p1a: Volcarona|spa|1
|
|turn|4
|
|move|p1a: Volcarona|Fiery Dance|p2a: SwitchInLandoT
|-resisted|p2a: SwitchInLandoT
|-damage|p2a: SwitchInLandoT|131\/411
|move|p2a: SwitchInLandoT|Sacred Fire|p1a: Volcarona
|-damage|p1a: Volcarona|110\/371
|
|-heal|p1a: Volcarona|133\/371|[from] item: Leftovers
|turn|5
|
|move|p1a: Volcarona|Fiery Dance|p2a: SwitchInLandoT
|-resisted|p2a: SwitchInLandoT
|-damage|p2a: SwitchInLandoT|0 fnt
|-boost|p1a: Volcarona|spa|1
|faint|p2a: SwitchInLandoT
|
|-heal|p1a: Volcarona|156\/371|[from] item: Leftovers
|
|switch|p2a: NoSpinRoughSkin|Forretress, F|354\/354
|turn|6
|
|move|p1a: Volcarona|Fiery Dance|p2a: NoSpinRoughSkin
|-crit|p2a: NoSpinRoughSkin
|-supereffective|p2a: NoSpinRoughSkin
|-activate|p2a: NoSpinRoughSkin|Sturdy
|-damage|p2a: NoSpinRoughSkin|1\/354
|-boost|p1a: Volcarona|spa|1
|-enditem|p2a: NoSpinRoughSkin|Red Card|[of] p1a: Volcarona
|drag|p1a: Magnezone|Magnezone|324\/324
|-damage|p1a: Magnezone|304\/324|[from] Stealth Rock
|move|p2a: NoSpinRoughSkin|Toxic Spikes|p1a: Magnezone
|-sidestart|p1: OkDaveGo|move: Toxic Spikes
|
|turn|7
|
|move|p1a: Magnezone|Volt Switch|p2a: NoSpinRoughSkin
|-damage|p2a: NoSpinRoughSkin|0 fnt
|faint|p2a: NoSpinRoughSkin
|
|switch|p1a: Skarmory|Skarmory, F|334\/334
|-damage|p1a: Skarmory|293\/334|[from] Stealth Rock
|
|
|switch|p2a: Rotom-Wash|Rotom-Wash|241\/241
|turn|8
|
|switch|p1a: Conkeldurr|Conkeldurr, M|414\/414
|-damage|p1a: Conkeldurr|389\/414|[from] Stealth Rock
|-status|p1a: Conkeldurr|tox
|move|p2a: Rotom-Wash|Volt Switch|p1a: Conkeldurr
|-damage|p1a: Conkeldurr|281\/414 tox
|
|switch|p2a: SwitchInLandoT|Heracross, F|310\/310
|
|-damage|p1a: Conkeldurr|256\/414 tox|[from] psn
|turn|9
|
|switch|p1a: Skarmory|Skarmory, F|293\/334
|-damage|p1a: Skarmory|252\/334|[from] Stealth Rock
|detailschange|p2a: SwitchInLandoT|Heracross-Mega, F
|message|Heracross has Mega Evolved into Mega Heracross!
|move|p2a: SwitchInLandoT|Close Combat|p1a: Skarmory
|-damage|p1a: Skarmory|68\/334
|-damage|p2a: SwitchInLandoT|259\/310|[from] item: Rocky Helmet|[of] p1a: Skarmory
|-unboost|p2a: SwitchInLandoT|def|1
|-unboost|p2a: SwitchInLandoT|spd|1
|
|turn|10
|
|move|p2a: SwitchInLandoT|Rock Blast|p1a: Skarmory
|-damage|p1a: Skarmory|45\/334
|-damage|p1a: Skarmory|20\/334
|-damage|p1a: Skarmory|0 fnt
|-hitcount|p1a: Skarmory|3
|faint|p1a: Skarmory
|
|
|switch|p1a: Garchomp|Garchomp, M|358\/358
|-status|p1a: Garchomp|tox
|-damage|p1a: Garchomp|336\/358 tox|[from] Stealth Rock
|turn|11
|
|move|p1a: Garchomp|Outrage|p2a: SwitchInLandoT
|-damage|p2a: SwitchInLandoT|0 fnt
|faint|p2a: SwitchInLandoT
|
|-damage|p1a: Garchomp|314\/358 tox|[from] psn
|
|switch|p2a: Don'tMindMe|Manaphy|404\/404
|turn|12
|
|move|p1a: Garchomp|Outrage|p2a: Don'tMindMe
|-damage|p2a: Don'tMindMe|251\/404
|move|p2a: Don'tMindMe|Scald|p1a: Garchomp
|-damage|p1a: Garchomp|214\/358 tox
|
|-heal|p2a: Don'tMindMe|276\/404|[from] item: Leftovers
|-damage|p1a: Garchomp|170\/358 tox|[from] psn
|turn|13
|
|move|p1a: Garchomp|Outrage|p2a: Don'tMindMe
|-damage|p2a: Don'tMindMe|114\/404
|move|p2a: Don'tMindMe|Scald|p1a: Garchomp
|-damage|p1a: Garchomp|67\/358 tox
|
|-end|p1a: Garchomp|rampage
|-start|p1a: Garchomp|confusion
|-heal|p2a: Don'tMindMe|139\/404|[from] item: Leftovers
|-damage|p1a: Garchomp|1\/358 tox|[from] psn
|turn|14
|
|-activate|p1a: Garchomp|confusion
|-damage|p1a: Garchomp|0 fnt|[from] confusion
|faint|p1a: Garchomp
|move|p2a: Don'tMindMe|Rest|p2a: Don'tMindMe
|-status|p2a: Don'tMindMe|slp
|-heal|p2a: Don'tMindMe|404\/404 slp|[silent]
|-status|p2a: Don'tMindMe|slp|[from] move: Rest
|
|
|switch|p1a: Magnezone|Magnezone|304\/324
|-damage|p1a: Magnezone|284\/324|[from] Stealth Rock
|turn|15
|
|switch|p2a: Rotom-Wash|Rotom-Wash|241\/241
|move|p1a: Magnezone|Thunderbolt|p2a: Rotom-Wash
|-damage|p2a: Rotom-Wash|0 fnt
|faint|p2a: Rotom-Wash
|
|
|switch|p2a: SwitchInLandoT|Staraptor, F|312\/312
|turn|16
|
|switch|p1a: Volcarona|Volcarona, F|156\/371
|-status|p1a: Volcarona|tox
|-damage|p1a: Volcarona|0 fnt|[from] Stealth Rock
|faint|p1a: Volcarona
|move|p2a: SwitchInLandoT|Close Combat|p1: Volcarona|[notarget]
|-notarget
|
|
|switch|p1a: Conkeldurr|Conkeldurr, M|256\/414 tox
|-damage|p1a: Conkeldurr|231\/414 tox|[from] Stealth Rock
|turn|17
|
|switch|p2a: Don'tMindMe|Manaphy|404\/404 slp
|move|p1a: Conkeldurr|Ice Punch|p2a: Don'tMindMe
|-resisted|p2a: Don'tMindMe
|-damage|p2a: Don'tMindMe|348\/404 slp
|
|-heal|p2a: Don'tMindMe|373\/404 slp|[from] item: Leftovers
|-damage|p1a: Conkeldurr|206\/414 tox|[from] psn
|turn|18
|
|switch|p1a: Magnezone|Magnezone|284\/324
|-damage|p1a: Magnezone|264\/324|[from] Stealth Rock
|cant|p2a: Don'tMindMe|slp
|
|-heal|p2a: Don'tMindMe|398\/404 slp|[from] item: Leftovers
|turn|19
|
|cant|p2a: Don'tMindMe|slp
|move|p1a: Magnezone|Thunderbolt|p2a: Don'tMindMe
|-supereffective|p2a: Don'tMindMe
|-damage|p2a: Don'tMindMe|0 fnt
|faint|p2a: Don'tMindMe
|
|
|switch|p2a: SwitchInLandoT|Staraptor, F|312\/312
|turn|20
|
|move|p2a: SwitchInLandoT|Close Combat|p1a: Magnezone
|-supereffective|p1a: Magnezone
|-damage|p1a: Magnezone|16\/324
|-unboost|p2a: SwitchInLandoT|def|1
|-unboost|p2a: SwitchInLandoT|spd|1
|move|p1a: Magnezone|Thunderbolt|p2a: SwitchInLandoT
|-supereffective|p2a: SwitchInLandoT
|-damage|p2a: SwitchInLandoT|0 fnt
|faint|p2a: SwitchInLandoT
|
|win|OkDaveGo
|raw|Ladder updating...
|raw|OkDaveGo's rating: 1599 &rarr; <strong>1621<\/strong><br \/>(+22 for winning)
|raw|fzappa's rating: 1626 &rarr; <strong>1605<\/strong><br \/>(-21 for losing)