|join|fzappa
|join|TheMCYTrainer
|player|p1|fzappa|265
|player|p2|TheMCYTrainer|2
|gametype|singles
|gen|6
|tier|OU
|rated
|clearpoke
|poke|p1|Entei, shiny
|poke|p1|Breloom, M
|poke|p1|Starmie
|poke|p1|Honchkrow, F
|poke|p1|Mew
|poke|p1|Cloyster, M
|poke|p2|Manectric, F
|poke|p2|Latios, M
|poke|p2|Landorus-Therian, M
|poke|p2|Keldeo-Resolute
|poke|p2|Clefable, F
|poke|p2|Heatran, M
|rule|Swagger Clause: Swagger is banned
|rule|Baton Pass Clause: Limit one Pokémon knowing Baton Pass
|rule|Sleep Clause Mod: Limit one foe put to sleep
|rule|Species Clause: Limit one of each Pokémon
|rule|OHKO Clause: OHKO moves are banned
|rule|Moody Clause: Moody is banned
|rule|Evasion Moves Clause: Evasion moves are banned
|rule|Endless Battle Clause: Forcing endless battles is banned
|rule|HP Percentage Mod: HP is shown in percentages
|teampreview
|
|start
|switch|p1a: Breloom|Breloom, M|261\/261
|switch|p2a: Manectric|Manectric, F|281\/281
|turn|1
|
|detailschange|p2a: Manectric|Manectric-Mega, F
|-mega|p2a: Manectric|Manectric|Manectite
|-ability|p2a: Manectric|Intimidate|[of] p1a: Breloom
|-unboost|p1a: Breloom|atk|1
|move|p1a: Breloom|Spore|p2a: Manectric
|-status|p2a: Manectric|slp
|cant|p2a: Manectric|slp
|
|turn|2
|
|switch|p1a: Entei|Entei, shiny|387\/387
|-ability|p1a: Entei|Pressure
|-curestatus|p2a: Manectric|slp
|move|p2a: Manectric|Volt Switch|p1a: Entei
|-damage|p1a: Entei|216\/387
|c|★TheMCYTrainer|scarf loom
|
|switch|p2a: Keldeo-Resolute|Keldeo-Resolute|322\/322
|
|turn|3
|
|switch|p1a: Starmie|Starmie|261\/261
|move|p2a: Keldeo-Resolute|Scald|p1a: Starmie
|-resisted|p1a: Starmie
|-damage|p1a: Starmie|142\/261
|-status|p1a: Starmie|brn
|
|-damage|p1a: Starmie|110\/261 brn|[from] brn
|turn|4
|
|switch|p2a: Clefable|Clefable, F|394\/394
|move|p1a: Starmie|Hydro Pump|p2a: Clefable
|-damage|p2a: Clefable|100\/394
|-damage|p1a: Starmie|84\/261 brn|[from] item: Life Orb
|
|-heal|p2a: Clefable|124\/394|[from] item: Leftovers
|-damage|p1a: Starmie|52\/261 brn|[from] brn
|turn|5
|
|move|p1a: Starmie|Hydro Pump|p2a: Clefable
|-crit|p2a: Clefable
|-damage|p2a: Clefable|0 fnt
|-damage|p1a: Starmie|26\/261 brn|[from] item: Life Orb
|faint|p2a: Clefable
|
|-damage|p1a: Starmie|0 fnt|[from] brn
|faint|p1a: Starmie
|
|switch|p2a: Manectric|Manectric-Mega, F|281\/281
|switch|p1a: Breloom|Breloom, M|261\/261
|-ability|p2a: Manectric|Intimidate|[of] p1a: Breloom
|-unboost|p1a: Breloom|atk|1
|turn|6
|
|move|p2a: Manectric|Volt Switch|p1a: Breloom
|-resisted|p1a: Breloom
|-damage|p1a: Breloom|161\/261
|
|switch|p2a: Landorus-Therian|Landorus-Therian, M|320\/320
|-ability|p2a: Landorus-Therian|Intimidate|[of] p1a: Breloom
|-unboost|p1a: Breloom|atk|1
|move|p1a: Breloom|Spore|p2a: Landorus-Therian
|-status|p2a: Landorus-Therian|slp
|
|turn|7
|
|switch|p1a: Cloyster|Cloyster, M|263\/263
|cant|p2a: Landorus-Therian|slp
|
|turn|8
|
|cant|p2a: Landorus-Therian|slp
|move|p1a: Cloyster|Shell Smash|p1a: Cloyster
|-boost|p1a: Cloyster|atk|2
|-boost|p1a: Cloyster|spa|2
|-boost|p1a: Cloyster|spe|2
|-unboost|p1a: Cloyster|def|1
|-unboost|p1a: Cloyster|spd|1
|
|turn|9
|
|-curestatus|p2a: Landorus-Therian|slp
|move|p2a: Landorus-Therian|Earthquake|p1a: Cloyster
|-damage|p1a: Cloyster|101\/263
|move|p1a: Cloyster|Icicle Spear|p2a: Landorus-Therian
|-supereffective|p2a: Landorus-Therian
|-damage|p2a: Landorus-Therian|0 fnt
|-hitcount|p2a: Landorus-Therian|1
|faint|p2a: Landorus-Therian
|
|
|switch|p2a: Keldeo-Resolute|Keldeo-Resolute|322\/322
|turn|10
|
|move|p1a: Cloyster|Icicle Spear|p2a: Keldeo-Resolute
|-resisted|p2a: Keldeo-Resolute
|-damage|p2a: Keldeo-Resolute|281\/322
|-resisted|p2a: Keldeo-Resolute
|-damage|p2a: Keldeo-Resolute|244\/322
|-resisted|p2a: Keldeo-Resolute
|-damage|p2a: Keldeo-Resolute|207\/322
|-resisted|p2a: Keldeo-Resolute
|-damage|p2a: Keldeo-Resolute|165\/322
|-resisted|p2a: Keldeo-Resolute
|-damage|p2a: Keldeo-Resolute|123\/322
|-hitcount|p2a: Keldeo-Resolute|5
|move|p2a: Keldeo-Resolute|Scald|p1a: Cloyster
|-resisted|p1a: Cloyster
|-damage|p1a: Cloyster|0 fnt
|faint|p1a: Cloyster
|
|
|switch|p1a: Mew|Mew|404\/404
|turn|11
|
|move|p2a: Keldeo-Resolute|Scald|p1a: Mew
|-damage|p1a: Mew|191\/404
|move|p1a: Mew|Thunder Wave|p2a: Keldeo-Resolute
|-status|p2a: Keldeo-Resolute|par
|
|turn|12
|
|move|p1a: Mew|Stealth Rock|p2a: Keldeo-Resolute
|-sidestart|p2: TheMCYTrainer|move: Stealth Rock
|move|p2a: Keldeo-Resolute|Scald|p1a: Mew
|-crit|p1a: Mew
|-damage|p1a: Mew|0 fnt
|faint|p1a: Mew
|
|
|switch|p1a: Honchkrow|Honchkrow, F|341\/341
|turn|13
|
|switch|p2a: Heatran|Heatran, M|386\/386
|-damage|p2a: Heatran|338\/386|[from] Stealth Rock
|move|p1a: Honchkrow|Substitute|p1a: Honchkrow
|-start|p1a: Honchkrow|Substitute
|-damage|p1a: Honchkrow|256\/341
|
|-heal|p1a: Honchkrow|277\/341|[from] item: Leftovers
|-heal|p2a: Heatran|362\/386|[from] item: Leftovers
|turn|14
|
|move|p1a: Honchkrow|Sucker Punch|p2a: Heatran
|-fail|p2a: Heatran
|move|p2a: Heatran|Roar|p1a: Honchkrow
|drag|p1a: Entei|Entei, shiny|216\/387
|-ability|p1a: Entei|Pressure
|
|-heal|p2a: Heatran|386\/386|[from] item: Leftovers
|turn|15
|
|move|p1a: Entei|Substitute|p1a: Entei
|-start|p1a: Entei|Substitute
|-damage|p1a: Entei|120\/387
|move|p2a: Heatran|Stealth Rock|p1a: Entei
|-sidestart|p1: fzappa|move: Stealth Rock
|
|turn|16
|
|move|p1a: Entei|Bulldoze|p2a: Heatran
|-supereffective|p2a: Heatran
|-damage|p2a: Heatran|98\/386
|-unboost|p2a: Heatran|spe|1
|move|p2a: Heatran|Roar|p1a: Entei
|drag|p1a: Honchkrow|Honchkrow, F|277\/341
|-damage|p1a: Honchkrow|192\/341|[from] Stealth Rock
|
|-heal|p1a: Honchkrow|213\/341|[from] item: Leftovers
|-heal|p2a: Heatran|122\/386|[from] item: Leftovers
|turn|17
|
|move|p1a: Honchkrow|Superpower|p2a: Heatran
|-supereffective|p2a: Heatran
|-damage|p2a: Heatran|0 fnt
|-unboost|p1a: Honchkrow|atk|1
|-unboost|p1a: Honchkrow|def|1
|faint|p2a: Heatran
|-boost|p1a: Honchkrow|atk|1|[from] ability: Moxie
|
|-heal|p1a: Honchkrow|234\/341|[from] item: Leftovers
|
|switch|p2a: Manectric|Manectric-Mega, F|281\/281
|-damage|p2a: Manectric|246\/281|[from] Stealth Rock
|-ability|p2a: Manectric|Intimidate|[of] p1a: Honchkrow
|-unboost|p1a: Honchkrow|atk|1
|turn|18
|
|switch|p1a: Breloom|Breloom, M|161\/261
|-damage|p1a: Breloom|145\/261|[from] Stealth Rock
|move|p2a: Manectric|Thunderbolt|p1a: Breloom
|-resisted|p1a: Breloom
|-damage|p1a: Breloom|26\/261
|
|turn|19
|
|move|p2a: Manectric|Thunderbolt|p1a: Breloom
|-resisted|p1a: Breloom
|-damage|p1a: Breloom|0 fnt
|faint|p1a: Breloom
|
|
|switch|p1a: Entei|Entei, shiny|120\/387
|-damage|p1a: Entei|24\/387|[from] Stealth Rock
|-ability|p1a: Entei|Pressure
|turn|20
|
|move|p1a: Entei|Extreme Speed|p2a: Manectric
|-damage|p2a: Manectric|132\/281
|move|p2a: Manectric|Volt Switch|p1a: Entei
|-damage|p1a: Entei|0 fnt
|faint|p1a: Entei
|
|switch|p2a: Keldeo-Resolute|Keldeo-Resolute|123\/322 par
|-damage|p2a: Keldeo-Resolute|103\/322 par|[from] Stealth Rock
|
|
|switch|p1a: Honchkrow|Honchkrow, F|234\/341
|-damage|p1a: Honchkrow|149\/341|[from] Stealth Rock
|turn|21
|
|move|p1a: Honchkrow|Brave Bird|p2a: Keldeo-Resolute
|-supereffective|p2a: Keldeo-Resolute
|-damage|p2a: Keldeo-Resolute|0 fnt
|-damage|p1a: Honchkrow|115\/341|[from] recoil|[of] p2a: Keldeo-Resolute
|faint|p2a: Keldeo-Resolute
|-boost|p1a: Honchkrow|atk|1|[from] ability: Moxie
|
|-heal|p1a: Honchkrow|136\/341|[from] item: Leftovers
|
|switch|p2a: Latios|Latios, M|302\/302
|-damage|p2a: Latios|265\/302|[from] Stealth Rock
|turn|22
|
|move|p1a: Honchkrow|Sucker Punch|p2a: Latios
|-fail|p2a: Latios
|move|p2a: Latios|Defog|p1a: Honchkrow
|-unboost|p1a: Honchkrow|evasion|1
|-sideend|p1: fzappa|Stealth Rock|[from] move: Defog|[of] p1a: Honchkrow
|-sideend|p2: TheMCYTrainer|Stealth Rock|[from] move: Defog|[of] p2a: Latios
|
|-heal|p1a: Honchkrow|157\/341|[from] item: Leftovers
|turn|23
|
|switch|p2a: Manectric|Manectric-Mega, F|132\/281
|-ability|p2a: Manectric|Intimidate|[of] p1a: Honchkrow
|-unboost|p1a: Honchkrow|atk|1
|move|p1a: Honchkrow|Sucker Punch|p2a: Manectric
|-fail|p2a: Manectric
|
|-heal|p1a: Honchkrow|178\/341|[from] item: Leftovers
|turn|24
|
|switch|p2a: Latios|Latios, M|265\/302
|move|p1a: Honchkrow|Sucker Punch|p2a: Latios
|-fail|p2a: Latios
|
|-heal|p1a: Honchkrow|199\/341|[from] item: Leftovers
|turn|25
|
|switch|p2a: Manectric|Manectric-Mega, F|132\/281
|-ability|p2a: Manectric|Intimidate|[of] p1a: Honchkrow
|-unboost|p1a: Honchkrow|atk|1
|move|p1a: Honchkrow|Substitute|p1a: Honchkrow
|-start|p1a: Honchkrow|Substitute
|-damage|p1a: Honchkrow|114\/341
|
|-heal|p1a: Honchkrow|135\/341|[from] item: Leftovers
|turn|26
|
|move|p1a: Honchkrow|Sucker Punch|p2a: Manectric
|-damage|p2a: Manectric|3\/281
|move|p2a: Manectric|Volt Switch|p1a: Honchkrow
|-supereffective|p1a: Honchkrow
|-end|p1a: Honchkrow|Substitute
|
|switch|p2a: Latios|Latios, M|265\/302
|
|-heal|p1a: Honchkrow|156\/341|[from] item: Leftovers
|turn|27
|
|move|p2a: Latios|Surf|p1a: Honchkrow
|-damage|p1a: Honchkrow|0 fnt
|-damage|p2a: Latios|235\/302|[from] item: Life Orb
|faint|p1a: Honchkrow
|
|win|TheMCYTrainer
|raw|Ladder updating...
|raw|fzappa's rating: 1618 &rarr; <strong>1592<\/strong><br \/>(-26 for losing)
|raw|TheMCYTrainer's rating: 1512 &rarr; <strong>1538<\/strong><br \/>(+26 for winning)
|c|★TheMCYTrainer|gg