|join|Crazy-Saibot
|join|Blackfenix19
|player|p1|Crazy-Saibot|1
|player|p2|Blackfenix19|170
|gametype|singles
|gen|6
|tier|OU
|rated
|clearpoke
|poke|p1|Garchomp, M
|poke|p1|Zygarde
|poke|p1|Latios, M
|poke|p1|Goodra, M
|poke|p1|Noivern, F
|poke|p1|Dragonite, M
|poke|p2|Luxray, M
|poke|p2|Talonflame, F
|poke|p2|Excadrill, M
|poke|p2|Gardevoir, M
|poke|p2|Zangoose, M
|poke|p2|Volcarona, F
|rule|Swagger Clause: Swagger is banned
|rule|Baton Pass Clause: Limit one Pokémon knowing Baton Pass
|rule|Sleep Clause Mod: Limit one foe put to sleep
|rule|Species Clause: Limit one of each Pokémon
|rule|OHKO Clause: OHKO moves are banned
|rule|Moody Clause: Moody is banned
|rule|Evasion Moves Clause: Evasion moves are banned
|rule|Endless Battle Clause: Forcing endless battles is banned
|rule|HP Percentage Mod: HP is shown in percentages
|teampreview
|
|start
|switch|p1a: Garchomp|Garchomp, M|357\/357
|switch|p2a: Luxray|Luxray, M|301\/301
|turn|1
|
|detailschange|p1a: Garchomp|Garchomp-Mega, M
|message|Garchomp has Mega Evolved into Mega Garchomp!
|move|p1a: Garchomp|Swords Dance|p1a: Garchomp
|-boost|p1a: Garchomp|atk|2
|move|p2a: Luxray|Ice Fang|p1a: Garchomp
|-supereffective|p1a: Garchomp
|-damage|p1a: Garchomp|69\/357
|-status|p1a: Garchomp|frz
|
|turn|2
|
|switch|p1a: Dragonite|Dragonite, M|386\/386
|move|p2a: Luxray|Ice Fang|p1a: Dragonite
|-crit|p1a: Dragonite
|-supereffective|p1a: Dragonite
|-damage|p1a: Dragonite|176\/386
|-enditem|p1a: Dragonite|Weakness Policy
|-boost|p1a: Dragonite|atk|2|[from] item: Weakness Policy
|-boost|p1a: Dragonite|spa|2|[from] item: Weakness Policy
|
|turn|3
|
|move|p2a: Luxray|Ice Fang|p1a: Dragonite
|-crit|p1a: Dragonite
|-supereffective|p1a: Dragonite
|-damage|p1a: Dragonite|0 fnt
|faint|p1a: Dragonite
|
|-message|Crazy-Saibot forfeited.
|
|win|Blackfenix19
|raw|Ladder updating...
|leave|Crazy-Saibot
|player|p1
|raw|Crazy-Saibot's rating: 1231 &rarr; <strong>1210<\/strong><br \/>(-21 for losing)
|raw|Blackfenix19's rating: 1280 &rarr; <strong>1301<\/strong><br \/>(+21 for winning)