|join|Mitchh.C
|join|Blackfenix19
|player|p1|Mitchh.C|265
|player|p2|Blackfenix19|1
|gametype|singles
|gen|6
|tier|OU
|rated
|clearpoke
|poke|p1|Landorus-Therian, M
|poke|p1|Keldeo
|poke|p1|Scizor, M
|poke|p1|Alakazam, F
|poke|p1|Heatran, F
|poke|p1|Quagsire, M
|poke|p2|Gliscor, M
|poke|p2|Metagross
|poke|p2|Gyarados, M
|poke|p2|Pinsir, F
|poke|p2|Sylveon, M
|poke|p2|Alakazam, M
|rule|Swagger Clause: Swagger is banned
|rule|Baton Pass Clause: Limit one Pokémon knowing Baton Pass
|rule|Sleep Clause Mod: Limit one foe put to sleep
|rule|Species Clause: Limit one of each Pokémon
|rule|OHKO Clause: OHKO moves are banned
|rule|Moody Clause: Moody is banned
|rule|Evasion Moves Clause: Evasion moves are banned
|rule|Endless Battle Clause: Forcing endless battles is banned
|rule|HP Percentage Mod: HP is shown in percentages
|teampreview
|
|start
|switch|p1a: Landorus-Therian|Landorus-Therian, M|320\/320
|switch|p2a: Gyarados|Gyarados, M|394\/394
|-ability|p1a: Landorus-Therian|Intimidate|[of] p2a: Gyarados
|-unboost|p2a: Gyarados|atk|1
|-ability|p2a: Gyarados|Intimidate|[of] p1a: Landorus-Therian
|-unboost|p1a: Landorus-Therian|atk|1
|turn|1
|
|switch|p1a: Quagsire|Quagsire, M|394\/394
|move|p2a: Gyarados|Scald|p1a: Quagsire
|-damage|p1a: Quagsire|206\/394
|-status|p1a: Quagsire|brn
|-damage|p2a: Gyarados|355\/394|[from] item: Life Orb
|
|-heal|p1a: Quagsire|230\/394 brn|[from] item: Leftovers
|-damage|p1a: Quagsire|181\/394 brn|[from] brn
|turn|2
|
|switch|p1a: Keldeo|Keldeo|323\/323
|move|p2a: Gyarados|Scald|p1a: Keldeo
|-resisted|p1a: Keldeo
|-damage|p1a: Keldeo|253\/323
|-damage|p2a: Gyarados|316\/394|[from] item: Life Orb
|
|turn|3
|
|move|p1a: Keldeo|Hydro Pump|p2a: Gyarados
|-resisted|p2a: Gyarados
|-damage|p2a: Gyarados|165\/394
|move|p2a: Gyarados|Thunder|p1a: Keldeo
|-supereffective|p1a: Keldeo
|-damage|p1a: Keldeo|1\/323
|-damage|p2a: Gyarados|126\/394|[from] item: Life Orb
|
|turn|4
|
|switch|p2a: Sylveon|Sylveon, M|394\/394
|move|p1a: Keldeo|Hydro Pump|p2a: Sylveon|[miss]
|-miss|p1a: Keldeo|p2a: Sylveon
|
|turn|5
|
|switch|p1a: Scizor|Scizor, M|344\/344
|move|p2a: Sylveon|Hyper Voice|p1a: Scizor
|-resisted|p1a: Scizor
|-damage|p1a: Scizor|249\/344
|
|turn|6
|
|move|p1a: Scizor|Knock Off|p2a: Sylveon
|-resisted|p2a: Sylveon
|-damage|p2a: Sylveon|308\/394
|-enditem|p2a: Sylveon|Leftovers|[from] move: Knock Off|[of] p1a: Scizor
|move|p2a: Sylveon|Hyper Voice|p1a: Scizor
|-resisted|p1a: Scizor
|-damage|p1a: Scizor|165\/344
|
|turn|7
|
|switch|p1a: Heatran|Heatran, F|386\/386
|switch|p2a: Gyarados|Gyarados, M|126\/394
|-ability|p2a: Gyarados|Intimidate|[of] p1a: Heatran
|-unboost|p1a: Heatran|atk|1
|
|turn|8
|
|move|p2a: Gyarados|Scald|p1a: Heatran
|-supereffective|p1a: Heatran
|-damage|p1a: Heatran|204\/386
|-damage|p2a: Gyarados|87\/394|[from] item: Life Orb
|move|p1a: Heatran|Stealth Rock|p2a: Gyarados
|-sidestart|p2: Blackfenix19|move: Stealth Rock
|
|-heal|p1a: Heatran|228\/386|[from] item: Leftovers
|turn|9
|
|switch|p1a: Alakazam|Alakazam, F|252\/252
|move|p2a: Gyarados|Scald|p1a: Alakazam
|-damage|p1a: Alakazam|116\/252
|-damage|p2a: Gyarados|48\/394|[from] item: Life Orb
|
|turn|10
|
|switch|p2a: Sylveon|Sylveon, M|308\/394
|-damage|p2a: Sylveon|259\/394|[from] Stealth Rock
|detailschange|p1a: Alakazam|Alakazam-Mega, F
|message|Alakazam has Mega Evolved into Mega Alakazam!
|-ability|p1a: Alakazam|Pixilate|[from] ability: Trace|[of] p2a: Sylveon
|move|p1a: Alakazam|Psychic|p2a: Sylveon
|-damage|p2a: Sylveon|93\/394
|
|turn|11
|
|move|p1a: Alakazam|Psychic|p2a: Sylveon
|-damage|p2a: Sylveon|0 fnt
|faint|p2a: Sylveon
|
|
|switch|p2a: Pinsir|Pinsir, F|271\/271
|-damage|p2a: Pinsir|204\/271|[from] Stealth Rock
|turn|12
|
|switch|p1a: Landorus-Therian|Landorus-Therian, M|320\/320
|-ability|p1a: Landorus-Therian|Intimidate|[of] p2a: Pinsir
|-unboost|p2a: Pinsir|atk|1
|detailschange|p2a: Pinsir|Pinsir-Mega, F
|message|Pinsir has Mega Evolved into Mega Pinsir!
|move|p2a: Pinsir|Quick Attack|p1a: Landorus-Therian
|-damage|p1a: Landorus-Therian|233\/320
|
|turn|13
|
|move|p1a: Landorus-Therian|Rock Slide|p2a: Pinsir
|-supereffective|p2a: Pinsir
|-damage|p2a: Pinsir|0 fnt
|faint|p2a: Pinsir
|
|
|switch|p2a: Metagross|Metagross|364\/364
|-damage|p2a: Metagross|342\/364|[from] Stealth Rock
|turn|14
|
|switch|p1a: Quagsire|Quagsire, M|181\/394 brn
|move|p2a: Metagross|Agility|p2a: Metagross
|-boost|p2a: Metagross|spe|2
|
|-heal|p1a: Quagsire|205\/394 brn|[from] item: Leftovers
|-damage|p1a: Quagsire|156\/394 brn|[from] brn
|turn|15
|
|move|p2a: Metagross|Zen Headbutt|p1a: Quagsire
|-damage|p1a: Quagsire|33\/394 brn
|move|p1a: Quagsire|Recover|p1a: Quagsire
|-heal|p1a: Quagsire|230\/394 brn
|
|-heal|p1a: Quagsire|254\/394 brn|[from] item: Leftovers
|-damage|p1a: Quagsire|205\/394 brn|[from] brn
|turn|16
|
|move|p2a: Metagross|Zen Headbutt|p1a: Quagsire
|-damage|p1a: Quagsire|79\/394 brn
|cant|p1a: Quagsire|flinch
|
|-heal|p1a: Quagsire|103\/394 brn|[from] item: Leftovers
|-damage|p1a: Quagsire|54\/394 brn|[from] brn
|turn|17
|
|move|p2a: Metagross|Earthquake|p1a: Quagsire
|-damage|p1a: Quagsire|0 fnt
|faint|p1a: Quagsire
|
|
|switch|p1a: Landorus-Therian|Landorus-Therian, M|233\/320
|-ability|p1a: Landorus-Therian|Intimidate|[of] p2a: Metagross
|-fail|p2a: Metagross|unboost|[from] ability: Clear Body|[of] p2a: Metagross
|turn|18
|
|move|p1a: Landorus-Therian|Earthquake|p2a: Metagross
|-supereffective|p2a: Metagross
|-damage|p2a: Metagross|58\/364
|-enditem|p2a: Metagross|Weakness Policy
|-boost|p2a: Metagross|atk|2|[from] item: Weakness Policy
|-boost|p2a: Metagross|spa|2|[from] item: Weakness Policy
|move|p2a: Metagross|Meteor Mash|p1a: Landorus-Therian
|-damage|p1a: Landorus-Therian|0 fnt
|faint|p1a: Landorus-Therian
|
|
|switch|p1a: Scizor|Scizor, M|165\/344
|turn|19
|
|move|p1a: Scizor|Bullet Punch|p2a: Metagross
|-resisted|p2a: Metagross
|-damage|p2a: Metagross|0 fnt
|faint|p2a: Metagross
|
|
|switch|p2a: Gyarados|Gyarados, M|48\/394
|-damage|p2a: Gyarados|0 fnt|[from] Stealth Rock
|faint|p2a: Gyarados
|
|switch|p2a: Gliscor|Gliscor, M|348\/348
|-damage|p2a: Gliscor|305\/348|[from] Stealth Rock
|turn|20
|
|switch|p1a: Heatran|Heatran, F|228\/386
|move|p2a: Gliscor|Swords Dance|p2a: Gliscor
|-boost|p2a: Gliscor|atk|2
|
|-heal|p1a: Heatran|252\/386|[from] item: Leftovers
|-status|p2a: Gliscor|tox|[from] item: Toxic Orb
|turn|21
|
|move|p2a: Gliscor|Earthquake|p1a: Heatran
|-supereffective|p1a: Heatran
|-damage|p1a: Heatran|0 fnt
|faint|p1a: Heatran
|
|-heal|p2a: Gliscor|348\/348 tox|[from] ability: Poison Heal
|
|switch|p1a: Keldeo|Keldeo|1\/323
|turn|22
|
|move|p1a: Keldeo|Scald|p2a: Gliscor
|-crit|p2a: Gliscor
|-supereffective|p2a: Gliscor
|-damage|p2a: Gliscor|0 fnt
|faint|p2a: Gliscor
|
|
|switch|p2a: Alakazam|Alakazam, M|251\/251
|turn|23
|
|move|p2a: Alakazam|Psychic|p1a: Keldeo
|-supereffective|p1a: Keldeo
|-damage|p1a: Keldeo|0 fnt
|faint|p1a: Keldeo
|
|
|switch|p1a: Scizor|Scizor, M|165\/344
|turn|24
|
|move|p1a: Scizor|Bullet Punch|p2a: Alakazam
|-enditem|p2a: Alakazam|Focus Sash
|-damage|p2a: Alakazam|1\/251
|move|p2a: Alakazam|Focus Blast|p1a: Scizor
|-damage|p1a: Scizor|0 fnt
|faint|p1a: Scizor
|
|
|switch|p1a: Alakazam|Alakazam-Mega, F|116\/252
|-ability|p1a: Alakazam|Magic Guard|[from] ability: Trace|[of] p2a: Alakazam
|turn|25
|leave|Mitchh.C
|player|p1
|c|★Blackfenix19|!data mega alakazam
|c|~|\/data-pokemon Alakazam-Mega

|c|★Blackfenix19|!data alakazam
|c|~|\/data-pokemon Alakazam

|join|Mitchh.C
|player|p1|Mitchh.C|265
|
|move|p1a: Alakazam|Dazzling Gleam|p2a: Alakazam
|-damage|p2a: Alakazam|0 fnt
|faint|p2a: Alakazam
|
|win|Mitchh.C
|raw|Ladder updating...
|raw|Mitchh.C's rating: 1555 &rarr; <strong>1572<\/strong><br \/>(+17 for winning)
|raw|Blackfenix19's rating: 1511 &rarr; <strong>1494<\/strong><br \/>(-17 for losing)