|join|ScepTyler
|join|Blackfenix19
|player|p1|ScepTyler|252
|player|p2|Blackfenix19|1
|gametype|singles
|gen|6
|tier|OU
|rated
|clearpoke
|poke|p1|Charizard, M
|poke|p1|Gliscor, M
|poke|p1|Rotom-Wash
|poke|p1|Shaymin
|poke|p1|Excadrill, F
|poke|p1|Sylveon, F
|poke|p2|Gliscor, F
|poke|p2|Metagross
|poke|p2|Heliolisk, M
|poke|p2|Pinsir, M
|poke|p2|Sylveon, M
|poke|p2|Alakazam, M
|rule|Swagger Clause: Swagger is banned
|rule|Baton Pass Clause: Limit one Pokémon knowing Baton Pass
|rule|Sleep Clause Mod: Limit one foe put to sleep
|rule|Species Clause: Limit one of each Pokémon
|rule|OHKO Clause: OHKO moves are banned
|rule|Moody Clause: Moody is banned
|rule|Evasion Moves Clause: Evasion moves are banned
|rule|Endless Battle Clause: Forcing endless battles is banned
|rule|HP Percentage Mod: HP is shown in percentages
|teampreview
|
|start
|switch|p1a: Gliscor|Gliscor, M|354\/354
|switch|p2a: Heliolisk|Heliolisk, M|265\/265
|turn|1
|
|move|p1a: Gliscor|Protect|p1a: Gliscor
|-singleturn|p1a: Gliscor|Protect
|move|p2a: Heliolisk|Surf|p1a: Gliscor
|-activate|p1a: Gliscor|Protect
|
|-status|p1a: Gliscor|tox|[from] item: Toxic Orb
|turn|2
|
|switch|p1a: Rotom-Wash|Rotom-Wash|304\/304
|move|p2a: Heliolisk|Surf|p1a: Rotom-Wash
|-resisted|p1a: Rotom-Wash
|-damage|p1a: Rotom-Wash|261\/304
|-damage|p2a: Heliolisk|239\/265|[from] item: Life Orb
|
|-heal|p1a: Rotom-Wash|280\/304|[from] item: Leftovers
|turn|3
|
|move|p2a: Heliolisk|Thunderbolt|p1a: Rotom-Wash
|-damage|p1a: Rotom-Wash|147\/304
|-damage|p2a: Heliolisk|213\/265|[from] item: Life Orb
|move|p1a: Rotom-Wash|Will-O-Wisp|p2a: Heliolisk
|-status|p2a: Heliolisk|brn
|
|-heal|p1a: Rotom-Wash|166\/304|[from] item: Leftovers
|-damage|p2a: Heliolisk|180\/265 brn|[from] brn
|turn|4
|
|move|p2a: Heliolisk|Thunderbolt|p1a: Rotom-Wash
|-damage|p1a: Rotom-Wash|49\/304
|-damage|p2a: Heliolisk|154\/265 brn|[from] item: Life Orb
|move|p1a: Rotom-Wash|Volt Switch|p2a: Heliolisk
|-resisted|p2a: Heliolisk
|-damage|p2a: Heliolisk|109\/265 brn
|
|switch|p1a: Excadrill|Excadrill, F|362\/362
|-ability|p1a: Excadrill|Mold Breaker
|
|-damage|p2a: Heliolisk|76\/265 brn|[from] brn
|turn|5
|
|move|p1a: Excadrill|Iron Head|p2a: Heliolisk
|-resisted|p2a: Heliolisk
|-damage|p2a: Heliolisk|0 fnt
|faint|p2a: Heliolisk
|
|
|switch|p2a: Pinsir|Pinsir, M|271\/271
|turn|6
|
|switch|p1a: Rotom-Wash|Rotom-Wash|49\/304
|detailschange|p2a: Pinsir|Pinsir-Mega, M
|message|Pinsir has Mega Evolved into Mega Pinsir!
|move|p2a: Pinsir|Swords Dance|p2a: Pinsir
|-boost|p2a: Pinsir|atk|2
|
|-heal|p1a: Rotom-Wash|68\/304|[from] item: Leftovers
|turn|7
|
|move|p2a: Pinsir|Quick Attack|p1a: Rotom-Wash
|-resisted|p1a: Rotom-Wash
|-damage|p1a: Rotom-Wash|0 fnt
|faint|p1a: Rotom-Wash
|
|
|switch|p1a: Gliscor|Gliscor, M|354\/354 tox
|turn|8
|
|move|p2a: Pinsir|Return|p1a: Gliscor
|-damage|p1a: Gliscor|0 fnt
|faint|p1a: Gliscor
|
|
|switch|p1a: Excadrill|Excadrill, F|362\/362
|-ability|p1a: Excadrill|Mold Breaker
|turn|9
|
|move|p1a: Excadrill|Rock Slide|p2a: Pinsir
|-supereffective|p2a: Pinsir
|-damage|p2a: Pinsir|0 fnt
|faint|p2a: Pinsir
|
|
|switch|p2a: Metagross|Metagross|364\/364
|turn|10
|c|★ScepTyler|i love mega pinsir, but... 
|c|★ScepTyler|my lord lmao
|
|switch|p1a: Shaymin|Shaymin|404\/404
|move|p2a: Metagross|Agility|p2a: Metagross
|-boost|p2a: Metagross|spe|2
|
|turn|11
|
|move|p2a: Metagross|Zen Headbutt|p1a: Shaymin|[miss]
|-miss|p2a: Metagross|p1a: Shaymin
|move|p1a: Shaymin|Leech Seed|p2a: Metagross
|-start|p2a: Metagross|move: Leech Seed
|
|-damage|p2a: Metagross|319\/364|[from] Leech Seed|[of] p1a: Shaymin
|turn|12
|
|switch|p1a: Excadrill|Excadrill, F|362\/362
|-ability|p1a: Excadrill|Mold Breaker
|move|p2a: Metagross|Meteor Mash|p1a: Excadrill
|-resisted|p1a: Excadrill
|-damage|p1a: Excadrill|230\/362
|
|-damage|p2a: Metagross|274\/364|[from] Leech Seed|[of] p1a: Excadrill
|-heal|p1a: Excadrill|275\/362|[silent]
|turn|13
|
|move|p1a: Excadrill|Earthquake|p2a: Metagross
|-supereffective|p2a: Metagross
|-damage|p2a: Metagross|0 fnt
|faint|p2a: Metagross
|
|
|switch|p2a: Gliscor|Gliscor, F|348\/348
|turn|14
|
|switch|p1a: Shaymin|Shaymin|404\/404
|move|p2a: Gliscor|Swords Dance|p2a: Gliscor
|-boost|p2a: Gliscor|atk|2
|
|-status|p2a: Gliscor|tox|[from] item: Toxic Orb
|turn|15
|
|move|p1a: Shaymin|Leech Seed|p2a: Gliscor
|-start|p2a: Gliscor|move: Leech Seed
|move|p2a: Gliscor|Fling|p1a: Shaymin
|-enditem|p2a: Gliscor|Toxic Orb|[from] move: Fling
|-crit|p1a: Shaymin
|-damage|p1a: Shaymin|351\/404
|-status|p1a: Shaymin|tox
|
|-heal|p1a: Shaymin|376\/404 tox|[from] item: Leftovers
|-damage|p2a: Gliscor|305\/348 tox|[from] Leech Seed|[of] p1a: Shaymin
|-heal|p1a: Shaymin|404\/404 tox|[silent]
|-damage|p1a: Shaymin|379\/404 tox|[from] psn
|-heal|p2a: Gliscor|348\/348 tox|[from] ability: Poison Heal
|turn|16
|
|move|p1a: Shaymin|Aromatherapy|p1a: Shaymin
|-cureteam|p1a: Shaymin|[from] move: Aromatherapy
|move|p2a: Gliscor|Acrobatics|p1a: Shaymin
|-supereffective|p1a: Shaymin
|-damage|p1a: Shaymin|25\/404
|
|-heal|p1a: Shaymin|50\/404|[from] item: Leftovers
|-damage|p2a: Gliscor|305\/348 tox|[from] Leech Seed|[of] p1a: Shaymin
|-heal|p1a: Shaymin|93\/404|[silent]
|-heal|p2a: Gliscor|348\/348 tox|[from] ability: Poison Heal
|turn|17
|
|move|p1a: Shaymin|Seed Flare|p2a: Gliscor
|-damage|p2a: Gliscor|186\/348 tox
|-unboost|p2a: Gliscor|spd|2
|move|p2a: Gliscor|Acrobatics|p1a: Shaymin
|-supereffective|p1a: Shaymin
|-damage|p1a: Shaymin|0 fnt
|faint|p1a: Shaymin
|
|-heal|p2a: Gliscor|229\/348 tox|[from] ability: Poison Heal
|
|switch|p1a: Excadrill|Excadrill, F|275\/362
|-ability|p1a: Excadrill|Mold Breaker
|turn|18
|
|move|p1a: Excadrill|Iron Head|p2a: Gliscor
|-damage|p2a: Gliscor|132\/348 tox
|move|p2a: Gliscor|Earthquake|p1a: Excadrill
|-supereffective|p1a: Excadrill
|-damage|p1a: Excadrill|0 fnt
|faint|p1a: Excadrill
|
|-heal|p2a: Gliscor|175\/348 tox|[from] ability: Poison Heal
|
|switch|p1a: Charizard|Charizard, M|360\/360
|turn|19
|
|detailschange|p1a: Charizard|Charizard-Mega-X, M
|message|Charizard has Mega Evolved into Mega Charizard!
|move|p1a: Charizard|Flare Blitz|p2a: Gliscor
|-damage|p2a: Gliscor|0 fnt
|-damage|p1a: Charizard|302\/360|[from] recoil|[of] p2a: Gliscor
|faint|p2a: Gliscor
|
|
|switch|p2a: Alakazam|Alakazam, M|251\/251
|turn|20
|
|move|p2a: Alakazam|Psychic|p1a: Charizard
|-damage|p1a: Charizard|116\/360
|-unboost|p1a: Charizard|spd|1
|move|p1a: Charizard|Flare Blitz|p2a: Alakazam
|-enditem|p2a: Alakazam|Focus Sash
|-damage|p2a: Alakazam|1\/251
|-damage|p1a: Charizard|33\/360|[from] recoil|[of] p2a: Alakazam
|
|turn|21
|
|move|p2a: Alakazam|Psyshock|p1a: Charizard
|-damage|p1a: Charizard|0 fnt
|faint|p1a: Charizard
|
|
|switch|p1a: Sylveon|Sylveon, F|394\/394
|turn|22
|
|move|p2a: Alakazam|Psyshock|p1a: Sylveon
|-damage|p1a: Sylveon|198\/394
|move|p1a: Sylveon|Hyper Voice|p2a: Alakazam
|-damage|p2a: Alakazam|0 fnt
|faint|p2a: Alakazam
|
|-heal|p1a: Sylveon|222\/394|[from] item: Leftovers
|
|switch|p2a: Sylveon|Sylveon, M|394\/394
|turn|23
|
|move|p2a: Sylveon|Calm Mind|p2a: Sylveon
|-boost|p2a: Sylveon|spa|1
|-boost|p2a: Sylveon|spd|1
|move|p1a: Sylveon|Wish|p1a: Sylveon
|
|-heal|p1a: Sylveon|246\/394|[from] item: Leftovers
|turn|24
|
|move|p2a: Sylveon|Calm Mind|p2a: Sylveon
|-boost|p2a: Sylveon|spa|1
|-boost|p2a: Sylveon|spd|1
|move|p1a: Sylveon|Hyper Voice|p2a: Sylveon
|-damage|p2a: Sylveon|339\/394
|
|-heal|p1a: Sylveon|394\/394|[from] move: Wish|[wisher] Sylveon
|-heal|p2a: Sylveon|363\/394|[from] item: Leftovers
|turn|25
|c|★ScepTyler|gg
|c|★Blackfenix19|gg
|c|★ScepTyler|not gonna fish for a crit
|-message|ScepTyler forfeited.
|
|win|Blackfenix19
|raw|Ladder updating...
|leave|ScepTyler
|player|p1
|raw|ScepTyler's rating: 1488 &rarr; <strong>1470<\/strong><br \/>(-18 for losing)
|raw|Blackfenix19's rating: 1515 &rarr; <strong>1534<\/strong><br \/>(+19 for winning)