|join|Blackfenix19
|join|N199ERDESTROYER
|player|p1|Blackfenix19|101
|player|p2|N199ERDESTROYER|253
|gametype|singles
|gen|6
|tier|OU
|rated
|clearpoke
|poke|p1|Skarmory, M
|poke|p1|Sharpedo, F
|poke|p1|Rotom-Wash
|poke|p1|Gliscor, M
|poke|p1|Volcarona, M
|poke|p1|Heracross, F
|poke|p2|Metagross
|poke|p2|Volcarona, M
|poke|p2|Garchomp, F
|poke|p2|Starmie
|poke|p2|Bisharp, M
|poke|p2|Talonflame, M
|rule|Swagger Clause: Swagger is banned
|rule|Baton Pass Clause: Limit one Pokémon knowing Baton Pass
|rule|Sleep Clause Mod: Limit one foe put to sleep
|rule|Species Clause: Limit one of each Pokémon
|rule|OHKO Clause: OHKO moves are banned
|rule|Moody Clause: Moody is banned
|rule|Evasion Moves Clause: Evasion moves are banned
|rule|Endless Battle Clause: Forcing endless battles is banned
|rule|HP Percentage Mod: HP is shown in percentages
|teampreview
|
|start
|switch|p1a: Sharpedo|Sharpedo, F|282\/282
|switch|p2a: Garchomp|Garchomp, F|357\/357
|turn|1
|join|CalemAgeRegression
|leave|CalemAgeRegression
|
|move|p2a: Garchomp|Stealth Rock|p1a: Sharpedo
|-sidestart|p1: Blackfenix19|move: Stealth Rock
|move|p1a: Sharpedo|Ice Fang|p2a: Garchomp
|-supereffective|p2a: Garchomp
|-damage|p2a: Garchomp|33\/357
|-damage|p1a: Sharpedo|247\/282|[from] ability: Rough Skin|[of] p2a: Garchomp
|
|-boost|p1a: Sharpedo|spe|1|[from] ability: Speed Boost
|turn|2
|
|move|p1a: Sharpedo|Crunch|p2a: Garchomp
|-damage|p2a: Garchomp|0 fnt
|-damage|p1a: Sharpedo|212\/282|[from] ability: Rough Skin|[of] p2a: Garchomp
|faint|p2a: Garchomp
|
|-boost|p1a: Sharpedo|spe|1|[from] ability: Speed Boost
|
|switch|p2a: Talonflame|Talonflame, M|297\/297
|turn|3
|
|switch|p1a: Skarmory|Skarmory, M|334\/334
|-damage|p1a: Skarmory|293\/334|[from] Stealth Rock
|move|p2a: Talonflame|Brave Bird|p1a: Skarmory
|-resisted|p1a: Skarmory
|-damage|p1a: Skarmory|241\/334
|-damage|p2a: Talonflame|248\/297|[from] item: Rocky Helmet|[of] p1a: Skarmory
|-damage|p2a: Talonflame|231\/297|[from] recoil|[of] p1a: Skarmory
|
|turn|4
|
|move|p2a: Talonflame|Swords Dance|p2a: Talonflame
|-boost|p2a: Talonflame|atk|2
|move|p1a: Skarmory|Stealth Rock|p2a: Talonflame
|-sidestart|p2: N199ERDESTROYER|move: Stealth Rock
|
|turn|5
|
|move|p2a: Talonflame|Flare Blitz|p1a: Skarmory
|-supereffective|p1a: Skarmory
|-damage|p1a: Skarmory|0 fnt
|-damage|p2a: Talonflame|182\/297|[from] item: Rocky Helmet|[of] p1a: Skarmory
|-damage|p2a: Talonflame|102\/297|[from] recoil|[of] p1a: Skarmory
|faint|p1a: Skarmory
|
|
|switch|p1a: Rotom-Wash|Rotom-Wash|304\/304
|-damage|p1a: Rotom-Wash|266\/304|[from] Stealth Rock
|turn|6
|
|move|p2a: Talonflame|Brave Bird|p1a: Rotom-Wash
|-resisted|p1a: Rotom-Wash
|-damage|p1a: Rotom-Wash|115\/304
|-damage|p2a: Talonflame|52\/297|[from] recoil|[of] p1a: Rotom-Wash
|-enditem|p1a: Rotom-Wash|Sitrus Berry|[eat]
|-heal|p1a: Rotom-Wash|191\/304|[from] item: Sitrus Berry
|move|p1a: Rotom-Wash|Volt Switch|p2a: Talonflame
|-supereffective|p2a: Talonflame
|-damage|p2a: Talonflame|0 fnt
|faint|p2a: Talonflame
|
|switch|p1a: Heracross|Heracross, F|301\/301
|-damage|p1a: Heracross|264\/301|[from] Stealth Rock
|
|
|switch|p2a: Starmie|Starmie|261\/261
|-damage|p2a: Starmie|229\/261|[from] Stealth Rock
|turn|7
|
|move|p1a: Heracross|Stone Edge|p2a: Starmie
|-damage|p2a: Starmie|97\/261
|move|p2a: Starmie|Psyshock|p1a: Heracross
|-supereffective|p1a: Heracross
|-damage|p1a: Heracross|0 fnt
|-damage|p2a: Starmie|71\/261|[from] item: Life Orb
|faint|p1a: Heracross
|
|
|switch|p1a: Volcarona|Volcarona, M|374\/374
|-damage|p1a: Volcarona|187\/374|[from] Stealth Rock
|-enditem|p1a: Volcarona|Sitrus Berry|[eat]
|-heal|p1a: Volcarona|280\/374|[from] item: Sitrus Berry
|turn|8
|
|move|p2a: Starmie|Scald|p1a: Volcarona
|-supereffective|p1a: Volcarona
|-damage|p1a: Volcarona|20\/374
|-damage|p2a: Starmie|45\/261|[from] item: Life Orb
|move|p1a: Volcarona|Quiver Dance|p1a: Volcarona
|-boost|p1a: Volcarona|spa|1
|-boost|p1a: Volcarona|spd|1
|-boost|p1a: Volcarona|spe|1
|
|turn|9
|
|move|p2a: Starmie|Scald|p1a: Volcarona
|-supereffective|p1a: Volcarona
|-damage|p1a: Volcarona|0 fnt
|-damage|p2a: Starmie|19\/261|[from] item: Life Orb
|faint|p1a: Volcarona
|
|
|switch|p1a: Rotom-Wash|Rotom-Wash|191\/304
|-damage|p1a: Rotom-Wash|153\/304|[from] Stealth Rock
|turn|10
|
|move|p2a: Starmie|Psyshock|p1a: Rotom-Wash
|-damage|p1a: Rotom-Wash|27\/304
|-damage|p2a: Starmie|0 fnt|[from] item: Life Orb
|faint|p2a: Starmie
|move|p1a: Rotom-Wash|Volt Switch|p2: Starmie|[notarget]
|-notarget
|
|
|switch|p2a: Metagross|Metagross|301\/301
|-damage|p2a: Metagross|283\/301|[from] Stealth Rock
|turn|11
|
|detailschange|p2a: Metagross|Metagross-Mega
|-mega|p2a: Metagross|Metagross|Metagrossite
|move|p2a: Metagross|Ice Punch|p1a: Rotom-Wash
|-resisted|p1a: Rotom-Wash
|-damage|p1a: Rotom-Wash|0 fnt
|faint|p1a: Rotom-Wash
|
|
|switch|p1a: Sharpedo|Sharpedo, F|212\/282
|-damage|p1a: Sharpedo|177\/282|[from] Stealth Rock
|turn|12
|
|switch|p2a: Bisharp|Bisharp, M|271\/271
|-damage|p2a: Bisharp|255\/271|[from] Stealth Rock
|move|p1a: Sharpedo|Protect|p1a: Sharpedo
|-fail|p1a: Sharpedo
|
|-boost|p1a: Sharpedo|spe|1|[from] ability: Speed Boost
|turn|13
|
|detailschange|p1a: Sharpedo|Sharpedo-Mega, F
|-mega|p1a: Sharpedo|Sharpedo|Sharpedonite
|move|p2a: Bisharp|Sucker Punch|p1a: Sharpedo
|-resisted|p1a: Sharpedo
|-damage|p1a: Sharpedo|77\/282
|move|p1a: Sharpedo|Waterfall|p2a: Bisharp
|-damage|p2a: Bisharp|95\/271
|
|turn|14
|c|★Blackfenix19|!data metagross
|c|~|\/data-pokemon Metagross

|c|★Blackfenix19|!data megametagross
|c|~|\/data-pokemon Metagross-Mega

|
|switch|p1a: Gliscor|Gliscor, M|317\/317
|-damage|p1a: Gliscor|278\/317|[from] Stealth Rock
|move|p2a: Bisharp|Sucker Punch|p1a: Gliscor
|-fail|p1a: Gliscor
|
|-status|p1a: Gliscor|tox|[from] item: Toxic Orb
|turn|15
|
|switch|p2a: Volcarona|Volcarona, M|329\/329
|-damage|p2a: Volcarona|165\/329|[from] Stealth Rock
|move|p1a: Gliscor|Swords Dance|p1a: Gliscor
|-boost|p1a: Gliscor|atk|2
|
|-heal|p1a: Gliscor|317\/317 tox|[from] ability: Poison Heal
|turn|16
|
|move|p1a: Gliscor|Acrobatics|p2a: Volcarona
|-supereffective|p2a: Volcarona
|-damage|p2a: Volcarona|0 fnt
|faint|p2a: Volcarona
|
|
|switch|p2a: Metagross|Metagross-Mega|283\/301
|-damage|p2a: Metagross|265\/301|[from] Stealth Rock
|turn|17
|
|move|p2a: Metagross|Ice Punch|p1a: Gliscor
|-supereffective|p1a: Gliscor
|-damage|p1a: Gliscor|0 fnt
|faint|p1a: Gliscor
|
|
|switch|p1a: Sharpedo|Sharpedo-Mega, F|77\/282
|-damage|p1a: Sharpedo|42\/282|[from] Stealth Rock
|turn|18
|
|move|p2a: Metagross|Earthquake|p1a: Sharpedo
|-damage|p1a: Sharpedo|0 fnt
|faint|p1a: Sharpedo
|
|win|N199ERDESTROYER
|raw|Ladder updating...
|raw|Blackfenix19's rating: 1653 &rarr; <strong>1627<\/strong><br \/>(-26 for losing)
|raw|N199ERDESTROYER's rating: 1549 &rarr; <strong>1575<\/strong><br \/>(+26 for winning)
|leave|Blackfenix19
|player|p1