|join|RustyEspur
|join|swag116
|player|p1|RustyEspur|172
|player|p2|swag116|76
|gametype|singles
|gen|6
|tier|OU
|rated
|clearpoke
|poke|p1|Gallade, M
|poke|p1|Bisharp, M
|poke|p1|Manaphy
|poke|p1|Latias, F
|poke|p1|Scizor, M
|poke|p1|Landorus-Therian, M
|poke|p2|Breloom, M, shiny
|poke|p2|Skarmory, F
|poke|p2|Heatran, M, shiny
|poke|p2|Manectric, F, shiny
|poke|p2|Latios, M, shiny
|poke|p2|Azumarill, M, shiny
|rule|Swagger Clause: Swagger is banned
|rule|Baton Pass Clause: Limit one Pokémon knowing Baton Pass
|rule|Sleep Clause Mod: Limit one foe put to sleep
|rule|Species Clause: Limit one of each Pokémon
|rule|OHKO Clause: OHKO moves are banned
|rule|Moody Clause: Moody is banned
|rule|Evasion Moves Clause: Evasion moves are banned
|rule|Endless Battle Clause: Forcing endless battles is banned
|rule|HP Percentage Mod: HP is shown in percentages
|teampreview
|
|start
|switch|p1a: Latias|Latias, F|301\/301
|switch|p2a: Manectric|Manectric, F, shiny|281\/281
|turn|1
|
|switch|p2a: Azor Ahai|Heatran, M, shiny|385\/385
|move|p1a: Latias|Draco Meteor|p2a: Azor Ahai
|-resisted|p2a: Azor Ahai
|-damage|p2a: Azor Ahai|299\/385
|-unboost|p1a: Latias|spa|2
|-damage|p1a: Latias|271\/301|[from] item: Life Orb
|
|-heal|p2a: Azor Ahai|323\/385|[from] item: Leftovers
|turn|2
|
|switch|p1a: Manaphy|Manaphy|365\/365
|move|p2a: Azor Ahai|Stealth Rock|p1a: Manaphy
|-sidestart|p1: RustyEspur|move: Stealth Rock
|
|-heal|p2a: Azor Ahai|347\/385|[from] item: Leftovers
|turn|3
|
|switch|p2a: Manectric|Manectric, F, shiny|281\/281
|move|p1a: Manaphy|Tail Glow|p1a: Manaphy
|-boost|p1a: Manaphy|spa|3
|
|turn|4
|join|BIGGSTEELIX
|
|detailschange|p2a: Manectric|Manectric-Mega, F, shiny
|-mega|p2a: Manectric|Manectric|Manectite
|-ability|p2a: Manectric|Intimidate|[of] p1a: Manaphy
|-unboost|p1a: Manaphy|atk|1
|move|p2a: Manectric|Volt Switch|p1a: Manaphy
|-supereffective|p1a: Manaphy
|-damage|p1a: Manaphy|119\/365
|
|switch|p2a: Golden Egg|Azumarill, M, shiny|400\/400
|move|p1a: Manaphy|Surf|p2a: Golden Egg
|-resisted|p2a: Golden Egg
|-damage|p2a: Golden Egg|196\/400
|-enditem|p2a: Golden Egg|Sitrus Berry|[eat]
|-heal|p2a: Golden Egg|296\/400|[from] item: Sitrus Berry
|
|-heal|p1a: Manaphy|141\/365|[from] item: Leftovers
|turn|5
|c|★RustyEspur|im reckless
|c|★RustyEspur|shit
|c|★RustyEspur|missed out on 2hko
|
|move|p1a: Manaphy|Energy Ball|p2a: Golden Egg
|-supereffective|p2a: Golden Egg
|-damage|p2a: Golden Egg|0 fnt
|faint|p2a: Golden Egg
|
|-heal|p1a: Manaphy|163\/365|[from] item: Leftovers
|
|switch|p2a: Manectric|Manectric-Mega, F, shiny|281\/281
|-ability|p2a: Manectric|Intimidate|[of] p1a: Manaphy
|-unboost|p1a: Manaphy|atk|1
|turn|6
|
|switch|p1a: Latias|Latias, F|271\/301
|-damage|p1a: Latias|234\/301|[from] Stealth Rock
|move|p2a: Manectric|Thunderbolt|p1a: Latias
|-resisted|p1a: Latias
|-damage|p1a: Latias|162\/301
|
|turn|7
|
|move|p2a: Manectric|Volt Switch|p1a: Latias
|-resisted|p1a: Latias
|-damage|p1a: Latias|113\/301
|
|switch|p2a: Azor Ahai|Heatran, M, shiny|347\/385
|move|p1a: Latias|Roost|p1a: Latias
|-heal|p1a: Latias|264\/301
|
|-heal|p2a: Azor Ahai|371\/385|[from] item: Leftovers
|turn|8
|
|switch|p1a: Manaphy|Manaphy|163\/365
|-damage|p1a: Manaphy|118\/365|[from] Stealth Rock
|move|p2a: Azor Ahai|Toxic|p1a: Manaphy
|-status|p1a: Manaphy|tox
|
|-heal|p1a: Manaphy|140\/365 tox|[from] item: Leftovers
|-heal|p2a: Azor Ahai|385\/385|[from] item: Leftovers
|-damage|p1a: Manaphy|118\/365 tox|[from] psn
|turn|9
|
|switch|p2a: Autumn Is Coming|Breloom, M, shiny|318\/318
|move|p1a: Manaphy|Ice Beam|p2a: Autumn Is Coming
|-supereffective|p2a: Autumn Is Coming
|-damage|p2a: Autumn Is Coming|38\/318
|
|-heal|p1a: Manaphy|140\/365 tox|[from] item: Leftovers
|-damage|p1a: Manaphy|96\/365 tox|[from] psn
|-status|p2a: Autumn Is Coming|tox|[from] item: Toxic Orb
|turn|10
|
|switch|p2a: Azor Ahai|Heatran, M, shiny|385\/385
|move|p1a: Manaphy|Surf|p2a: Azor Ahai
|-supereffective|p2a: Azor Ahai
|-damage|p2a: Azor Ahai|191\/385
|
|-heal|p1a: Manaphy|118\/365 tox|[from] item: Leftovers
|-heal|p2a: Azor Ahai|215\/385|[from] item: Leftovers
|-damage|p1a: Manaphy|52\/365 tox|[from] psn
|turn|11
|
|move|p2a: Azor Ahai|Protect|p2a: Azor Ahai
|-singleturn|p2a: Azor Ahai|Protect
|move|p1a: Manaphy|Surf|p2a: Azor Ahai
|-activate|p2a: Azor Ahai|Protect
|
|-heal|p1a: Manaphy|74\/365 tox|[from] item: Leftovers
|-heal|p2a: Azor Ahai|239\/385|[from] item: Leftovers
|-damage|p1a: Manaphy|0 fnt|[from] psn
|faint|p1a: Manaphy
|
|switch|p1a: Gallade|Gallade, M|277\/277
|-damage|p1a: Gallade|260\/277|[from] Stealth Rock
|turn|12
|
|switch|p2a: Skarmory|Skarmory, F|334\/334
|detailschange|p1a: Gallade|Gallade-Mega, M
|-mega|p1a: Gallade|Gallade|Galladite
|move|p1a: Gallade|Drain Punch|p2a: Skarmory
|-damage|p2a: Skarmory|241\/334
|-heal|p1a: Gallade|277\/277|[from] drain|[of] p2a: Skarmory
|
|turn|13
|
|move|p1a: Gallade|Will-O-Wisp|p2a: Skarmory
|-status|p2a: Skarmory|brn
|move|p2a: Skarmory|Roost|p2a: Skarmory
|-heal|p2a: Skarmory|334\/334 brn
|
|-damage|p2a: Skarmory|293\/334 brn|[from] brn
|turn|14
|
|move|p1a: Gallade|Swords Dance|p1a: Gallade
|-boost|p1a: Gallade|atk|2
|move|p2a: Skarmory|Brave Bird|p1a: Gallade
|-supereffective|p1a: Gallade
|-damage|p1a: Gallade|157\/277
|-damage|p2a: Skarmory|253\/334 brn|[from] recoil|[of] p1a: Gallade
|
|-damage|p2a: Skarmory|212\/334 brn|[from] brn
|turn|15
|
|move|p1a: Gallade|Drain Punch|p2a: Skarmory
|-damage|p2a: Skarmory|34\/334 brn
|-heal|p1a: Gallade|246\/277|[from] drain|[of] p2a: Skarmory
|move|p2a: Skarmory|Whirlwind|p1a: Gallade
|drag|p1a: Bisharp|Bisharp, M|271\/271
|-damage|p1a: Bisharp|255\/271|[from] Stealth Rock
|
|-damage|p2a: Skarmory|0 fnt|[from] brn
|faint|p2a: Skarmory
|
|switch|p2a: Azor Ahai|Heatran, M, shiny|239\/385
|turn|16
|
|switch|p1a: Latias|Latias, F|264\/301
|-damage|p1a: Latias|227\/301|[from] Stealth Rock
|move|p2a: Azor Ahai|Lava Plume|p1a: Latias
|-resisted|p1a: Latias
|-damage|p1a: Latias|179\/301
|-status|p1a: Latias|brn
|
|-heal|p2a: Azor Ahai|263\/385|[from] item: Leftovers
|-damage|p1a: Latias|142\/301 brn|[from] brn
|turn|17
|
|move|p1a: Latias|Roost|p1a: Latias
|-heal|p1a: Latias|293\/301 brn
|move|p2a: Azor Ahai|Lava Plume|p1a: Latias
|-resisted|p1a: Latias
|-damage|p1a: Latias|243\/301 brn
|
|-heal|p2a: Azor Ahai|287\/385|[from] item: Leftovers
|-damage|p1a: Latias|206\/301 brn|[from] brn
|turn|18
|leave|BIGGSTEELIX
|
|move|p1a: Latias|Roost|p1a: Latias
|-heal|p1a: Latias|301\/301 brn
|move|p2a: Azor Ahai|Stealth Rock|p1a: Latias
|-fail|p1a: Latias
|
|-heal|p2a: Azor Ahai|311\/385|[from] item: Leftovers
|-damage|p1a: Latias|264\/301 brn|[from] brn
|turn|19
|
|switch|p1a: Landorus-Therian|Landorus-Therian, M|382\/382
|-damage|p1a: Landorus-Therian|335\/382|[from] Stealth Rock
|-ability|p1a: Landorus-Therian|Intimidate|[of] p2a: Azor Ahai
|-unboost|p2a: Azor Ahai|atk|1
|move|p2a: Azor Ahai|Lava Plume|p1a: Landorus-Therian
|-damage|p1a: Landorus-Therian|194\/382
|
|-heal|p1a: Landorus-Therian|217\/382|[from] item: Leftovers
|-heal|p2a: Azor Ahai|335\/385|[from] item: Leftovers
|turn|20
|
|switch|p2a: Autumn Is Coming|Breloom, M, shiny|38\/318 tox
|move|p1a: Landorus-Therian|U-turn|p2a: Autumn Is Coming
|-damage|p2a: Autumn Is Coming|0 fnt
|faint|p2a: Autumn Is Coming
|
|switch|p1a: Gallade|Gallade-Mega, M|246\/277
|-damage|p1a: Gallade|229\/277|[from] Stealth Rock
|
|
|switch|p2a: Manectric|Manectric-Mega, F, shiny|281\/281
|-ability|p2a: Manectric|Intimidate|[of] p1a: Gallade
|-unboost|p1a: Gallade|atk|1
|turn|21
|
|switch|p1a: Scizor|Scizor, M|343\/343
|-damage|p1a: Scizor|301\/343|[from] Stealth Rock
|move|p2a: Manectric|Thunderbolt|p1a: Scizor
|-damage|p1a: Scizor|136\/343
|
|-heal|p1a: Scizor|157\/343|[from] item: Leftovers
|turn|22
|
|move|p1a: Scizor|Bullet Punch|p2a: Manectric
|-resisted|p2a: Manectric
|-damage|p2a: Manectric|228\/281
|move|p2a: Manectric|Flamethrower|p1a: Scizor
|-supereffective|p1a: Scizor
|-damage|p1a: Scizor|0 fnt
|faint|p1a: Scizor
|
|
|switch|p1a: Latias|Latias, F|264\/301 brn
|-damage|p1a: Latias|227\/301 brn|[from] Stealth Rock
|turn|23
|
|move|p2a: Manectric|Volt Switch|p1a: Latias
|-resisted|p1a: Latias
|-damage|p1a: Latias|176\/301 brn
|
|switch|p2a: Azor Ahai|Heatran, M, shiny|335\/385
|move|p1a: Latias|Draco Meteor|p2a: Azor Ahai|[miss]
|-miss|p1a: Latias|p2a: Azor Ahai
|
|-heal|p2a: Azor Ahai|359\/385|[from] item: Leftovers
|-damage|p1a: Latias|139\/301 brn|[from] brn
|turn|24
|
|move|p1a: Latias|Roost|p1a: Latias
|-heal|p1a: Latias|290\/301 brn
|move|p2a: Azor Ahai|Lava Plume|p1a: Latias
|-resisted|p1a: Latias
|-damage|p1a: Latias|241\/301 brn
|
|-heal|p2a: Azor Ahai|383\/385|[from] item: Leftovers
|-damage|p1a: Latias|204\/301 brn|[from] brn
|turn|25
|
|switch|p1a: Landorus-Therian|Landorus-Therian, M|217\/382
|-damage|p1a: Landorus-Therian|170\/382|[from] Stealth Rock
|-ability|p1a: Landorus-Therian|Intimidate|[of] p2a: Azor Ahai
|-unboost|p2a: Azor Ahai|atk|1
|move|p2a: Azor Ahai|Lava Plume|p1a: Landorus-Therian
|-damage|p1a: Landorus-Therian|16\/382
|-status|p1a: Landorus-Therian|brn
|
|-heal|p1a: Landorus-Therian|39\/382 brn|[from] item: Leftovers
|-heal|p2a: Azor Ahai|385\/385|[from] item: Leftovers
|-damage|p1a: Landorus-Therian|0 fnt|[from] brn
|faint|p1a: Landorus-Therian
|
|switch|p1a: Gallade|Gallade-Mega, M|229\/277
|-damage|p1a: Gallade|212\/277|[from] Stealth Rock
|turn|26
|
|switch|p2a: Latios|Latios, M, shiny|302\/302
|move|p1a: Gallade|Drain Punch|p2a: Latios
|-resisted|p2a: Latios
|-damage|p2a: Latios|200\/302
|-heal|p1a: Gallade|263\/277|[from] drain|[of] p2a: Latios
|
|turn|27
|
|switch|p1a: Bisharp|Bisharp, M|255\/271
|-damage|p1a: Bisharp|239\/271|[from] Stealth Rock
|move|p2a: Latios|Draco Meteor|p1a: Bisharp
|-resisted|p1a: Bisharp
|-damage|p1a: Bisharp|28\/271
|-unboost|p2a: Latios|spa|2
|-damage|p2a: Latios|170\/302|[from] item: Life Orb
|
|turn|28
|
|move|p1a: Bisharp|Sucker Punch|p2a: Latios
|-supereffective|p2a: Latios
|-damage|p2a: Latios|0 fnt
|faint|p2a: Latios
|
|
|switch|p2a: Azor Ahai|Heatran, M, shiny|385\/385
|turn|29
|
|move|p1a: Bisharp|Knock Off|p2a: Azor Ahai
|-damage|p2a: Azor Ahai|172\/385
|-enditem|p2a: Azor Ahai|Leftovers|[from] move: Knock Off|[of] p1a: Bisharp
|move|p2a: Azor Ahai|Lava Plume|p1a: Bisharp
|-supereffective|p1a: Bisharp
|-damage|p1a: Bisharp|0 fnt
|faint|p1a: Bisharp
|
|
|switch|p1a: Gallade|Gallade-Mega, M|263\/277
|-damage|p1a: Gallade|246\/277|[from] Stealth Rock
|turn|30
|
|switch|p2a: Manectric|Manectric-Mega, F, shiny|228\/281
|-ability|p2a: Manectric|Intimidate|[of] p1a: Gallade
|-unboost|p1a: Gallade|atk|1
|move|p1a: Gallade|Drain Punch|p2a: Manectric
|-damage|p2a: Manectric|116\/281
|-heal|p1a: Gallade|277\/277|[from] drain|[of] p2a: Manectric
|
|turn|31
|
|move|p2a: Manectric|Thunderbolt|p1a: Gallade
|-damage|p1a: Gallade|133\/277
|move|p1a: Gallade|Zen Headbutt|p2a: Manectric
|-damage|p2a: Manectric|0 fnt
|faint|p2a: Manectric
|
|
|switch|p2a: Azor Ahai|Heatran, M, shiny|172\/385
|turn|32
|
|move|p1a: Gallade|Drain Punch|p2a: Azor Ahai
|-supereffective|p2a: Azor Ahai
|-damage|p2a: Azor Ahai|0 fnt
|-heal|p1a: Gallade|219\/277|[from] drain|[of] p2a: Azor Ahai
|faint|p2a: Azor Ahai
|
|win|RustyEspur
|raw|Ladder updating...
|raw|RustyEspur's rating: 1511 &rarr; <strong>1529<\/strong><br \/>(+18 for winning)
|raw|swag116's rating: 1484 &rarr; <strong>1466<\/strong><br \/>(-18 for losing)
|leave|swag116
|player|p2