|join|Suban
|join|suicune test
|player|p1|Suban|266
|player|p2|suicune test|144
|gametype|singles
|gen|6
|tier|UU
|rule|Sleep Clause Mod: Limit one foe put to sleep
|rule|Species Clause: Limit one of each Pokémon
|rule|OHKO Clause: OHKO moves are banned
|rule|Moody Clause: Moody is banned
|rule|Evasion Moves Clause: Evasion moves are banned
|rule|Endless Battle Clause: Forcing endless battles is banned
|rule|HP Percentage Mod: HP is shown in percentages
|clearpoke
|poke|p1|Krookodile, M
|poke|p1|Galvantula, M
|poke|p1|Darmanitan, F
|poke|p1|Swampert, F
|poke|p1|Goodra, M
|poke|p1|Crobat, F
|poke|p2|Suicune, shiny
|poke|p2|Gligar, F
|poke|p2|Umbreon, M, shiny
|poke|p2|Haxorus, M
|poke|p2|Arcanine, F
|poke|p2|Jirachi
|rule|Swagger Clause: Swagger is banned
|rule|Baton Pass Clause: Limit one Pokémon knowing Baton Pass
|teampreview
|c|★Suban|all i se are walls
|c|★suicune test|haxorus
|c|★suicune test|jirachi
|c|★suicune test|arcanine
|c|★Suban|intiminate
|c|★suicune test|but he sweep hard
|c|★Suban|yehJi
|
|start
|switch|p1a: Galvantula|Galvantula, M|281\/281
|switch|p2a: Gligar|Gligar, F|334\/334
|turn|1
|
|switch|p1a: Swampert|Swampert, F|403\/403
|move|p2a: Gligar|Toxic|p1a: Swampert
|-status|p1a: Swampert|tox
|
|-damage|p1a: Swampert|378\/403 tox|[from] psn
|turn|2
|
|detailschange|p1a: Swampert|Swampert-Mega, F
|-mega|p1a: Swampert|Swampert|Swampertite
|move|p2a: Gligar|Knock Off|p1a: Swampert
|-damage|p1a: Swampert|337\/403 tox
|move|p1a: Swampert|Ice Punch|p2a: Gligar
|-crit|p2a: Gligar
|-supereffective|p2a: Gligar
|-damage|p2a: Gligar|0 fnt
|faint|p2a: Gligar
|
|-damage|p1a: Swampert|287\/403 tox|[from] psn
|
|switch|p2a: Jirachi|Jirachi|341\/341
|turn|3
|c|★Suban|dont u fear eq
|
|move|p2a: Jirachi|Iron Head|p1a: Swampert
|-resisted|p1a: Swampert
|-damage|p1a: Swampert|233\/403 tox
|cant|p1a: Swampert|flinch
|
|-damage|p1a: Swampert|158\/403 tox|[from] psn
|turn|4
|
|move|p2a: Jirachi|Iron Head|p1a: Swampert
|-resisted|p1a: Swampert
|-damage|p1a: Swampert|98\/403 tox
|move|p1a: Swampert|Earthquake|p2a: Jirachi
|-supereffective|p2a: Jirachi
|-damage|p2a: Jirachi|0 fnt
|faint|p2a: Jirachi
|
|-damage|p1a: Swampert|0 fnt|[from] psn
|faint|p1a: Swampert
|
|switch|p1a: Krookodile|Krookodile, M|331\/331
|switch|p2a: Haxorus|Haxorus, M|293\/293
|-ability|p2a: Haxorus|Mold Breaker
|turn|5
|
|move|p1a: Krookodile|Earthquake|p2a: Haxorus
|-crit|p2a: Haxorus
|-damage|p2a: Haxorus|20\/293
|move|p2a: Haxorus|Outrage|p1a: Krookodile
|-damage|p1a: Krookodile|0 fnt
|faint|p1a: Krookodile
|
|
|switch|p1a: Crobat|Crobat, F|311\/311
|turn|6
|
|move|p1a: Crobat|Air Slash|p2a: Haxorus
|-damage|p2a: Haxorus|0 fnt
|faint|p2a: Haxorus
|
|
|switch|p2a: Suicune|Suicune, shiny|404\/404
|-ability|p2a: Suicune|Pressure
|turn|7
|
|move|p1a: Crobat|Air Slash|p2a: Suicune
|-damage|p2a: Suicune|337\/404
|move|p2a: Suicune|Scald|p1a: Crobat
|-damage|p1a: Crobat|212\/311
|
|-heal|p1a: Crobat|231\/311|[from] item: Leftovers
|-heal|p2a: Suicune|362\/404|[from] item: Leftovers
|turn|8
|
|switch|p1a: Goodra|Goodra, M|383\/383
|move|p2a: Suicune|Scald|p1a: Goodra
|-resisted|p1a: Goodra
|-damage|p1a: Goodra|362\/383
|
|-heal|p2a: Suicune|387\/404|[from] item: Leftovers
|turn|9
|
|switch|p2a: Umbreon|Umbreon, M, shiny|394\/394
|move|p1a: Goodra|Thunderbolt|p2a: Umbreon
|-crit|p2a: Umbreon
|-damage|p2a: Umbreon|294\/394
|
|-heal|p2a: Umbreon|318\/394|[from] item: Leftovers
|turn|10
|
|switch|p1a: Galvantula|Galvantula, M|281\/281
|move|p2a: Umbreon|Foul Play|p1a: Galvantula
|-damage|p1a: Galvantula|169\/281
|
|-heal|p2a: Umbreon|342\/394|[from] item: Leftovers
|turn|11
|
|move|p1a: Galvantula|Thunder|p2a: Umbreon
|-damage|p2a: Umbreon|252\/394
|-status|p2a: Umbreon|par
|move|p2a: Umbreon|Wish|p2a: Umbreon
|
|-heal|p2a: Umbreon|276\/394 par|[from] item: Leftovers
|turn|12
|
|move|p1a: Galvantula|Bug Buzz|p2a: Umbreon
|-supereffective|p2a: Umbreon
|-damage|p2a: Umbreon|126\/394 par
|cant|p2a: Umbreon|par
|
|-heal|p2a: Umbreon|323\/394 par|[from] move: Wish|[wisher] Umbreon
|-heal|p2a: Umbreon|347\/394 par|[from] item: Leftovers
|turn|13
|
|move|p1a: Galvantula|Sticky Web|p2a: Umbreon
|-sidestart|p2: suicune test|move: Sticky Web
|move|p2a: Umbreon|Wish|p2a: Umbreon
|
|-heal|p2a: Umbreon|371\/394 par|[from] item: Leftovers
|turn|14
|
|move|p1a: Galvantula|Bug Buzz|p2a: Umbreon
|-supereffective|p2a: Umbreon
|-damage|p2a: Umbreon|203\/394 par
|move|p2a: Umbreon|Heal Bell|p2a: Umbreon
|-cureteam|p2a: Umbreon|[from] move: HealBell
|
|-heal|p2a: Umbreon|394\/394|[from] move: Wish|[wisher] Umbreon
|turn|15
|
|move|p1a: Galvantula|Bug Buzz|p2a: Umbreon
|-supereffective|p2a: Umbreon
|-damage|p2a: Umbreon|232\/394
|move|p2a: Umbreon|Wish|p2a: Umbreon
|
|-heal|p2a: Umbreon|256\/394|[from] item: Leftovers
|turn|16
|
|move|p1a: Galvantula|Bug Buzz|p2a: Umbreon
|-supereffective|p2a: Umbreon
|-damage|p2a: Umbreon|100\/394
|move|p2a: Umbreon|Foul Play|p1a: Galvantula
|-damage|p1a: Galvantula|36\/281
|
|-heal|p2a: Umbreon|297\/394|[from] move: Wish|[wisher] Umbreon
|-heal|p2a: Umbreon|321\/394|[from] item: Leftovers
|turn|17
|c|★Suban|no protect?
|
|switch|p1a: Goodra|Goodra, M|362\/383
|move|p2a: Umbreon|Protect|p2a: Umbreon
|-fail|p2a: Umbreon
|
|-heal|p2a: Umbreon|345\/394|[from] item: Leftovers
|turn|18
|
|move|p1a: Goodra|Dragon Pulse|p2a: Umbreon
|-damage|p2a: Umbreon|254\/394
|move|p2a: Umbreon|Wish|p2a: Umbreon
|
|-heal|p2a: Umbreon|278\/394|[from] item: Leftovers
|turn|19
|
|move|p1a: Goodra|Dragon Pulse|p2a: Umbreon
|-damage|p2a: Umbreon|191\/394
|move|p2a: Umbreon|Foul Play|p1a: Goodra
|-damage|p1a: Goodra|220\/383
|-unboost|p2a: Umbreon|spe|1
|
|-heal|p2a: Umbreon|388\/394|[from] move: Wish|[wisher] Umbreon
|-heal|p2a: Umbreon|394\/394|[from] item: Leftovers
|turn|20
|c|★suicune test|you need a fighting pressure
|c|★suicune test|for umbreon and bliss
|
|switch|p1a: Darmanitan|Darmanitan, F|351\/351
|move|p2a: Umbreon|Foul Play|p1a: Darmanitan
|-damage|p1a: Darmanitan|38\/351
|
|turn|21
|
|switch|p2a: Arcanine|Arcanine, F|384\/384
|-activate|p2a: Arcanine|move: Sticky Web
|-unboost|p2a: Arcanine|spe|1
|-ability|p2a: Arcanine|Intimidate|[of] p1a: Darmanitan
|-unboost|p1a: Darmanitan|atk|1
|move|p1a: Darmanitan|Brick Break|p2a: Arcanine
|-damage|p2a: Arcanine|319\/384
|-damage|p1a: Darmanitan|0 fnt|[from] item: Rocky Helmet|[of] p2a: Arcanine
|faint|p1a: Darmanitan
|
|
|switch|p1a: Goodra|Goodra, M|220\/383
|turn|22
|
|switch|p2a: Umbreon|Umbreon, M, shiny|394\/394
|-activate|p2a: Umbreon|move: Sticky Web
|-unboost|p2a: Umbreon|spe|1
|move|p1a: Goodra|Thunderbolt|p2a: Umbreon
|-damage|p2a: Umbreon|332\/394
|
|-heal|p2a: Umbreon|356\/394|[from] item: Leftovers
|turn|23
|c|★Suban|gg
|c|★suicune test|gg
|c|★Suban|can't kill that umbreon
|
|move|p1a: Goodra|Flamethrower|p2a: Umbreon
|-damage|p2a: Umbreon|294\/394
|move|p2a: Umbreon|Foul Play|p1a: Goodra
|-damage|p1a: Goodra|79\/383
|-unboost|p2a: Umbreon|spe|1
|
|-heal|p2a: Umbreon|318\/394|[from] item: Leftovers
|turn|24
|c|★suicune test|try to have more agrresive pokemon
|c|★suicune test|your pokemon are not dangerous
|
|move|p1a: Goodra|Dragon Pulse|p2a: Umbreon
|-damage|p2a: Umbreon|225\/394
|move|p2a: Umbreon|Wish|p2a: Umbreon
|
|-heal|p2a: Umbreon|249\/394|[from] item: Leftovers
|turn|25
|c|★Suban|so what should i use
|
|move|p1a: Goodra|Dragon Pulse|p2a: Umbreon
|-crit|p2a: Umbreon
|-damage|p2a: Umbreon|107\/394
|move|p2a: Umbreon|Foul Play|p1a: Goodra
|-damage|p1a: Goodra|0 fnt
|-unboost|p2a: Umbreon|spe|1
|faint|p1a: Goodra
|
|-heal|p2a: Umbreon|304\/394|[from] move: Wish|[wisher] Umbreon
|-heal|p2a: Umbreon|328\/394|[from] item: Leftovers
|
|switch|p1a: Crobat|Crobat, F|231\/311
|turn|26
|c|★suicune test|swampert without rain is useless
|
|move|p1a: Crobat|Nasty Plot|p1a: Crobat
|-boost|p1a: Crobat|spa|2
|move|p2a: Umbreon|Wish|p2a: Umbreon
|
|-heal|p1a: Crobat|250\/311|[from] item: Leftovers
|-heal|p2a: Umbreon|352\/394|[from] item: Leftovers
|turn|27
|
|move|p1a: Crobat|Nasty Plot|p1a: Crobat
|-boost|p1a: Crobat|spa|2
|move|p2a: Umbreon|Foul Play|p1a: Crobat
|-damage|p1a: Crobat|148\/311
|
|-heal|p2a: Umbreon|394\/394|[from] move: Wish|[wisher] Umbreon
|-heal|p1a: Crobat|167\/311|[from] item: Leftovers
|turn|28
|
|move|p1a: Crobat|Nasty Plot|p1a: Crobat
|-boost|p1a: Crobat|spa|2
|move|p2a: Umbreon|Foul Play|p1a: Crobat
|-damage|p1a: Crobat|52\/311
|
|-heal|p1a: Crobat|71\/311|[from] item: Leftovers
|turn|29
|
|move|p1a: Crobat|Air Slash|p2a: Umbreon
|-damage|p2a: Umbreon|199\/394
|cant|p2a: Umbreon|flinch
|
|-heal|p1a: Crobat|90\/311|[from] item: Leftovers
|-heal|p2a: Umbreon|223\/394|[from] item: Leftovers
|turn|30
|
|move|p1a: Crobat|Air Slash|p2a: Umbreon
|-damage|p2a: Umbreon|28\/394
|cant|p2a: Umbreon|flinch
|
|-heal|p1a: Crobat|109\/311|[from] item: Leftovers
|-heal|p2a: Umbreon|52\/394|[from] item: Leftovers
|turn|31
|c|★suicune test|wowo
|c|★Suban|that was pure luck
|c|★suicune test|thats unlucky for me
|c|★suicune test|you win this one
|
|move|p1a: Crobat|Air Slash|p2a: Umbreon
|-damage|p2a: Umbreon|0 fnt
|faint|p2a: Umbreon
|
|-heal|p1a: Crobat|128\/311|[from] item: Leftovers
|
|switch|p2a: Suicune|Suicune, shiny|387\/404
|-activate|p2a: Suicune|move: Sticky Web
|-unboost|p2a: Suicune|spe|1
|-ability|p2a: Suicune|Pressure
|turn|32
|c|★Suban|may be
|c|★Suban|but it can miss
|
|move|p1a: Crobat|Air Slash|p2a: Suicune
|-damage|p2a: Suicune|107\/404
|cant|p2a: Suicune|flinch
|
|-heal|p1a: Crobat|147\/311|[from] item: Leftovers
|-heal|p2a: Suicune|132\/404|[from] item: Leftovers
|turn|33
|
|move|p1a: Crobat|Air Slash|p2a: Suicune
|-damage|p2a: Suicune|0 fnt
|faint|p2a: Suicune
|
|-heal|p1a: Crobat|166\/311|[from] item: Leftovers
|
|switch|p2a: Arcanine|Arcanine, F|319\/384
|-activate|p2a: Arcanine|move: Sticky Web
|-unboost|p2a: Arcanine|spe|1
|-ability|p2a: Arcanine|Intimidate|[of] p1a: Crobat
|-unboost|p1a: Crobat|atk|1
|turn|34
|
|move|p1a: Crobat|Air Slash|p2a: Arcanine
|-damage|p2a: Arcanine|0 fnt
|faint|p2a: Arcanine
|
|win|Suban
|c|★suicune test|gg
|c|★Suban|gg