|join|req'd by crobro
|join|Pwocy
|player|p1|req'd by crobro|288
|player|p2|Pwocy|102
|gametype|singles
|gen|6
|tier|OU
|rated
|clearpoke
|poke|p1|Gyarados, M
|poke|p1|Landorus, M
|poke|p1|Talonflame, M
|poke|p1|Celebi
|poke|p1|Skarmory, F
|poke|p1|Garchomp, M
|poke|p2|Hydreigon, F
|poke|p2|Ferrothorn, M
|poke|p2|Gardevoir, M
|poke|p2|Slowbro, M
|poke|p2|Clefable, F
|poke|p2|Tentacruel, M
|rule|Swagger Clause: Swagger is banned
|rule|Baton Pass Clause: Limit one Pokémon knowing Baton Pass
|rule|Sleep Clause Mod: Limit one foe put to sleep
|rule|Species Clause: Limit one of each Pokémon
|rule|OHKO Clause: OHKO moves are banned
|rule|Moody Clause: Moody is banned
|rule|Evasion Moves Clause: Evasion moves are banned
|rule|Endless Battle Clause: Forcing endless battles is banned
|rule|HP Percentage Mod: HP is shown in percentages
|teampreview
|
|start
|switch|p1a: Landorus|Landorus, M|319\/319
|switch|p2a: Hydreigon|Hydreigon, F|337\/337
|turn|1
|
|switch|p1a: Talonflame|Talonflame, M|359\/359
|move|p2a: Hydreigon|Dark Pulse|p1a: Talonflame
|-damage|p1a: Talonflame|233\/359
|
|-heal|p1a: Talonflame|255\/359|[from] item: Leftovers
|turn|2
|
|switch|p2a: Slowbro|Slowbro, M|394\/394
|move|p1a: Talonflame|Will-O-Wisp|p2a: Slowbro
|-status|p2a: Slowbro|brn
|
|-heal|p1a: Talonflame|277\/359|[from] item: Leftovers
|-damage|p2a: Slowbro|345\/394 brn|[from] brn
|turn|3
|
|move|p1a: Talonflame|Taunt|p2a: Slowbro
|-start|p2a: Slowbro|move: Taunt
|cant|p2a: Slowbro|move: Taunt|Thunder Wave
|
|-heal|p1a: Talonflame|299\/359|[from] item: Leftovers
|-heal|p2a: Slowbro|369\/394 brn|[from] item: Leftovers
|-damage|p2a: Slowbro|320\/394 brn|[from] brn
|turn|4
|
|move|p1a: Talonflame|Brave Bird|p2a: Slowbro
|-damage|p2a: Slowbro|239\/394 brn
|-damage|p1a: Talonflame|272\/359|[from] recoil|[of] p2a: Slowbro
|move|p2a: Slowbro|Scald|p1a: Talonflame
|-supereffective|p1a: Talonflame
|-damage|p1a: Talonflame|104\/359
|
|-heal|p1a: Talonflame|126\/359|[from] item: Leftovers
|-heal|p2a: Slowbro|263\/394 brn|[from] item: Leftovers
|-damage|p2a: Slowbro|214\/394 brn|[from] brn
|turn|5
|
|switch|p2a: Clefable|Clefable, F|394\/394
|move|p1a: Talonflame|Roost|p1a: Talonflame
|-heal|p1a: Talonflame|306\/359
|
|-heal|p1a: Talonflame|328\/359|[from] item: Leftovers
|turn|6
|
|move|p1a: Talonflame|Taunt|p2a: Clefable
|-start|p2a: Clefable|move: Taunt
|move|p2a: Clefable|Knock Off|p1a: Talonflame
|-damage|p1a: Talonflame|254\/359
|-enditem|p1a: Talonflame|Leftovers|[from] move: Knock Off|[of] p2a: Clefable
|
|turn|7
|
|switch|p1a: Landorus|Landorus, M|319\/319
|switch|p2a: Slowbro|Slowbro, M|345\/394 brn
|
|-heal|p2a: Slowbro|369\/394 brn|[from] item: Leftovers
|-damage|p2a: Slowbro|320\/394 brn|[from] brn
|turn|8
|
|switch|p2a: Hydreigon|Hydreigon, F|337\/337
|move|p1a: Landorus|Stealth Rock|p2a: Hydreigon
|-sidestart|p2: Pwocy|move: Stealth Rock
|
|turn|9
|
|move|p2a: Hydreigon|Dark Pulse|p1a: Landorus
|-damage|p1a: Landorus|148\/319
|cant|p1a: Landorus|flinch
|
|turn|10
|
|switch|p1a: Talonflame|Talonflame, M|254\/359
|move|p2a: Hydreigon|Dark Pulse|p1a: Talonflame
|-damage|p1a: Talonflame|128\/359
|
|turn|11
|
|move|p1a: Talonflame|Roost|p1a: Talonflame
|-heal|p1a: Talonflame|308\/359
|move|p2a: Hydreigon|Dark Pulse|p1a: Talonflame
|-damage|p1a: Talonflame|187\/359
|
|turn|12
|
|switch|p2a: Clefable|Clefable, F|394\/394
|move|p1a: Talonflame|Will-O-Wisp|p2a: Clefable
|-status|p2a: Clefable|brn
|
|turn|13
|
|move|p1a: Talonflame|Roost|p1a: Talonflame
|-heal|p1a: Talonflame|359\/359
|move|p2a: Clefable|Stealth Rock|p1a: Talonflame
|-sidestart|p1: req'd by crobro|move: Stealth Rock
|
|turn|14
|
|move|p1a: Talonflame|Taunt|p2a: Clefable
|-start|p2a: Clefable|move: Taunt
|move|p2a: Clefable|Moonblast|p1a: Talonflame
|-resisted|p1a: Talonflame
|-damage|p1a: Talonflame|311\/359
|
|turn|15
|
|switch|p2a: Slowbro|Slowbro, M|394\/394 brn
|-damage|p2a: Slowbro|345\/394 brn|[from] Stealth Rock
|move|p1a: Talonflame|Brave Bird|p2a: Slowbro
|-damage|p2a: Slowbro|257\/394 brn
|-damage|p1a: Talonflame|282\/359|[from] recoil|[of] p2a: Slowbro
|
|-heal|p2a: Slowbro|281\/394 brn|[from] item: Leftovers
|-damage|p2a: Slowbro|232\/394 brn|[from] brn
|turn|16
|
|switch|p1a: Celebi|Celebi|404\/404
|-damage|p1a: Celebi|354\/404|[from] Stealth Rock
|move|p2a: Slowbro|Scald|p1a: Celebi
|-resisted|p1a: Celebi
|-damage|p1a: Celebi|318\/404
|
|-heal|p1a: Celebi|343\/404|[from] item: Leftovers
|-heal|p2a: Slowbro|256\/394 brn|[from] item: Leftovers
|-damage|p2a: Slowbro|207\/394 brn|[from] brn
|turn|17
|
|switch|p2a: Gardevoir|Gardevoir, M|277\/277
|-damage|p2a: Gardevoir|243\/277|[from] Stealth Rock
|-ability|p2a: Gardevoir|Natural Cure|[from] ability: Trace|[of] p1a: Celebi
|move|p1a: Celebi|U-turn|p2a: Gardevoir
|-damage|p2a: Gardevoir|169\/277
|
|switch|p1a: Landorus|Landorus, M|148\/319
|-damage|p1a: Landorus|109\/319|[from] Stealth Rock
|
|turn|18
|
|switch|p2a: Ferrothorn|Ferrothorn, M|352\/352
|-damage|p2a: Ferrothorn|330\/352|[from] Stealth Rock
|move|p1a: Landorus|Sludge Wave|p2a: Ferrothorn
|-immune|p2a: Ferrothorn|[msg]
|
|-heal|p2a: Ferrothorn|352\/352|[from] item: Leftovers
|turn|19
|
|switch|p2a: Hydreigon|Hydreigon, F|337\/337
|-damage|p2a: Hydreigon|295\/337|[from] Stealth Rock
|move|p1a: Landorus|Earth Power|p2a: Hydreigon
|-immune|p2a: Hydreigon|[msg]
|
|turn|20
|
|switch|p1a: Garchomp|Garchomp, M|357\/357
|-damage|p1a: Garchomp|335\/357|[from] Stealth Rock
|move|p2a: Hydreigon|Dark Pulse|p1a: Garchomp
|-damage|p1a: Garchomp|167\/357
|
|turn|21
|
|switch|p2a: Clefable|Clefable, F|394\/394 brn
|move|p1a: Garchomp|Dragon Claw|p2a: Clefable
|-immune|p2a: Clefable|[msg]
|
|turn|22
|
|switch|p1a: Skarmory|Skarmory, F|333\/333
|-damage|p1a: Skarmory|292\/333|[from] Stealth Rock
|move|p2a: Clefable|Knock Off|p1a: Skarmory
|-crit|p1a: Skarmory
|-damage|p1a: Skarmory|270\/333
|-enditem|p1a: Skarmory|Shed Shell|[from] move: Knock Off|[of] p2a: Clefable
|
|turn|23
|
|switch|p2a: Tentacruel|Tentacruel, M|360\/360
|-damage|p2a: Tentacruel|315\/360|[from] Stealth Rock
|move|p1a: Skarmory|Defog|p2a: Tentacruel
|-unboost|p2a: Tentacruel|evasion|1
|-sideend|p2: Pwocy|Stealth Rock|[from] move: Defog|[of] p2a: Tentacruel
|-sideend|p1: req'd by crobro|Stealth Rock|[from] move: Defog|[of] p1a: Skarmory
|
|-heal|p2a: Tentacruel|337\/360|[from] item: Black Sludge
|turn|24
|
|switch|p2a: Clefable|Clefable, F|394\/394 brn
|switch|p1a: Garchomp|Garchomp, M|167\/357
|
|turn|25
|
|switch|p1a: Celebi|Celebi|343\/404
|move|p2a: Clefable|Stealth Rock|p1a: Celebi
|-sidestart|p1: req'd by crobro|move: Stealth Rock
|
|-heal|p1a: Celebi|368\/404|[from] item: Leftovers
|turn|26
|
|move|p1a: Celebi|U-turn|p2a: Clefable
|-resisted|p2a: Clefable
|-damage|p2a: Clefable|363\/394 brn
|
|switch|p1a: Skarmory|Skarmory, F|270\/333
|-damage|p1a: Skarmory|229\/333|[from] Stealth Rock
|move|p2a: Clefable|Knock Off|p1a: Skarmory
|-damage|p1a: Skarmory|219\/333
|
|-heal|p2a: Clefable|387\/394 brn|[from] item: Leftovers
|turn|27
|
|switch|p2a: Gardevoir|Gardevoir, M|169\/277
|-ability|p2a: Gardevoir|Sturdy|[from] ability: Trace|[of] p1a: Skarmory
|move|p1a: Skarmory|Defog|p2a: Gardevoir
|-unboost|p2a: Gardevoir|evasion|1
|-sideend|p1: req'd by crobro|Stealth Rock|[from] move: Defog|[of] p1a: Skarmory
|
|turn|28
|
|switch|p1a: Talonflame|Talonflame, M|282\/359
|detailschange|p2a: Gardevoir|Gardevoir-Mega, M
|-mega|p2a: Gardevoir|Gardevoir|Gardevoirite
|move|p2a: Gardevoir|Hidden Power|p1a: Talonflame
|-resisted|p1a: Talonflame
|-damage|p1a: Talonflame|239\/359
|
|turn|29
|
|switch|p2a: Slowbro|Slowbro, M|338\/394 brn
|move|p1a: Talonflame|Brave Bird|p2a: Slowbro
|-damage|p2a: Slowbro|256\/394 brn
|-damage|p1a: Talonflame|212\/359|[from] recoil|[of] p2a: Slowbro
|
|-heal|p2a: Slowbro|280\/394 brn|[from] item: Leftovers
|-damage|p2a: Slowbro|231\/394 brn|[from] brn
|turn|30
|
|move|p1a: Talonflame|Roost|p1a: Talonflame
|-heal|p1a: Talonflame|359\/359
|move|p2a: Slowbro|Scald|p1a: Talonflame
|-supereffective|p1a: Talonflame
|-damage|p1a: Talonflame|185\/359
|
|-heal|p2a: Slowbro|255\/394 brn|[from] item: Leftovers
|-damage|p2a: Slowbro|206\/394 brn|[from] brn
|turn|31
|
|move|p1a: Talonflame|Taunt|p2a: Slowbro
|-start|p2a: Slowbro|move: Taunt
|move|p2a: Slowbro|Scald|p1a: Talonflame
|-supereffective|p1a: Talonflame
|-damage|p1a: Talonflame|15\/359
|
|-heal|p2a: Slowbro|230\/394 brn|[from] item: Leftovers
|-damage|p2a: Slowbro|181\/394 brn|[from] brn
|turn|32
|
|move|p1a: Talonflame|Roost|p1a: Talonflame
|-heal|p1a: Talonflame|195\/359
|move|p2a: Slowbro|Scald|p1a: Talonflame
|-supereffective|p1a: Talonflame
|-damage|p1a: Talonflame|25\/359
|
|-heal|p2a: Slowbro|205\/394 brn|[from] item: Leftovers
|-damage|p2a: Slowbro|156\/394 brn|[from] brn
|turn|33
|
|switch|p1a: Celebi|Celebi|368\/404
|move|p2a: Slowbro|Scald|p1a: Celebi
|-resisted|p1a: Celebi
|-damage|p1a: Celebi|330\/404
|
|-heal|p1a: Celebi|355\/404|[from] item: Leftovers
|-heal|p2a: Slowbro|180\/394 brn|[from] item: Leftovers
|-damage|p2a: Slowbro|131\/394 brn|[from] brn
|-end|p2a: Slowbro|move: Taunt
|turn|34
|
|switch|p2a: Ferrothorn|Ferrothorn, M|352\/352
|move|p1a: Celebi|Giga Drain|p2a: Ferrothorn
|-resisted|p2a: Ferrothorn
|-damage|p2a: Ferrothorn|336\/352
|-heal|p1a: Celebi|363\/404|[from] drain|[of] p2a: Ferrothorn
|
|-heal|p1a: Celebi|388\/404|[from] item: Leftovers
|-heal|p2a: Ferrothorn|352\/352|[from] item: Leftovers
|turn|35
|
|move|p1a: Celebi|Perish Song|p1a: Celebi
|-fieldactivate|move: Perish Song
|move|p2a: Ferrothorn|Stealth Rock|p1a: Celebi
|-sidestart|p1: req'd by crobro|move: Stealth Rock
|
|-start|p1a: Celebi|perish3
|-start|p2a: Ferrothorn|perish3
|-heal|p1a: Celebi|404\/404|[from] item: Leftovers
|turn|36
|
|switch|p2a: Tentacruel|Tentacruel, M|337\/360
|move|p1a: Celebi|U-turn|p2a: Tentacruel
|-resisted|p2a: Tentacruel
|-damage|p2a: Tentacruel|296\/360
|
|switch|p1a: Landorus|Landorus, M|109\/319
|-damage|p1a: Landorus|70\/319|[from] Stealth Rock
|
|-heal|p2a: Tentacruel|318\/360|[from] item: Black Sludge
|turn|37
|
|move|p1a: Landorus|Earth Power|p2a: Tentacruel
|-supereffective|p2a: Tentacruel
|-damage|p2a: Tentacruel|14\/360
|move|p2a: Tentacruel|Scald|p1a: Landorus
|-supereffective|p1a: Landorus
|-damage|p1a: Landorus|0 fnt
|faint|p1a: Landorus
|
|-heal|p2a: Tentacruel|36\/360|[from] item: Black Sludge
|
|switch|p1a: Garchomp|Garchomp, M|167\/357
|-damage|p1a: Garchomp|145\/357|[from] Stealth Rock
|turn|38
|
|switch|p2a: Ferrothorn|Ferrothorn, M|352\/352
|move|p1a: Garchomp|Earthquake|p2a: Ferrothorn
|-damage|p2a: Ferrothorn|228\/352
|
|-heal|p2a: Ferrothorn|250\/352|[from] item: Leftovers
|turn|39
|-message|req'd by crobro forfeited.
|
|win|Pwocy
|raw|Ladder updating...
|leave|req'd by crobro
|player|p1
|raw|req&apos;d by crobro's rating: 1616 &rarr; <strong>1595<\/strong><br \/>(-21 for losing)
|raw|Pwocy's rating: 1592 &rarr; <strong>1614<\/strong><br \/>(+22 for winning)