|join|TFL
|join|req'd by crobro
|join|Vrin
|player|p1|TFL|263
|player|p2|req'd by crobro|288
|gametype|singles
|gen|6
|tier|OU
|clearpoke
|poke|p1|Landorus-Therian, M
|poke|p1|Jirachi
|poke|p1|Latias, F
|poke|p1|Keldeo
|poke|p1|Tyranitar, M
|poke|p1|Clefable, F
|poke|p2|Gyarados, F
|poke|p2|Landorus, M
|poke|p2|Talonflame, F
|poke|p2|Celebi
|poke|p2|Skarmory, F
|poke|p2|Garchomp, F
|rule|Swagger Clause: Swagger is banned
|rule|Baton Pass Clause: Limit one Pokémon knowing Baton Pass
|rule|Sleep Clause Mod: Limit one foe put to sleep
|rule|Species Clause: Limit one of each Pokémon
|rule|OHKO Clause: OHKO moves are banned
|rule|Moody Clause: Moody is banned
|rule|Evasion Moves Clause: Evasion moves are banned
|rule|Endless Battle Clause: Forcing endless battles is banned
|rule|HP Percentage Mod: HP is shown in percentages
|teampreview
|join|Doomed hi
|join|Gogoplata
|
|start
|switch|p1a: Keldeo|Keldeo|324\/324
|switch|p2a: Landorus|Landorus, M|319\/319
|turn|1
|
|switch|p1a: Landorus-Therian|Landorus-Therian, M|320\/320
|-ability|p1a: Landorus-Therian|Intimidate|[of] p2a: Landorus
|-unboost|p2a: Landorus|atk|1
|switch|p2a: Celebi|Celebi|404\/404
|
|turn|2
|join|Alldaalts
|
|switch|p2a: Skarmory|Skarmory, F|333\/333
|move|p1a: Landorus-Therian|Stealth Rock|p2a: Skarmory
|-sidestart|p2: req'd by crobro|move: Stealth Rock
|
|turn|3
|
|move|p1a: Landorus-Therian|Smack Down|p2a: Skarmory
|-damage|p2a: Skarmory|293\/333
|-start|p2a: Skarmory|Smack Down
|move|p2a: Skarmory|Defog|p1a: Landorus-Therian
|-unboost|p1a: Landorus-Therian|evasion|1
|-sideend|p2: req'd by crobro|Stealth Rock|[from] move: Defog|[of] p2a: Skarmory
|
|turn|4
|join|Relic Stone
|c|★req'd by crobro|ah this set
|c| Relic Stone|oshet tfl
|
|move|p1a: Landorus-Therian|Stealth Rock|p2a: Skarmory
|-sidestart|p2: req'd by crobro|move: Stealth Rock
|move|p2a: Skarmory|Roost|p2a: Skarmory
|-heal|p2a: Skarmory|333\/333
|
|turn|5
|c| Relic Stone|this is storm sup man
|c|★TFL|oii
|
|move|p1a: Landorus-Therian|Earthquake|p2a: Skarmory
|-supereffective|p2a: Skarmory
|-damage|p2a: Skarmory|61\/333
|move|p2a: Skarmory|Counter|p1a: Landorus-Therian
|-damage|p1a: Landorus-Therian|0 fnt
|faint|p1a: Landorus-Therian
|
|c| Relic Stone|still using... copied and dead teams?
|c| Relic Stone|or u got the meta lol
|c|★TFL|im constantly building mostly throwing everything away
|c|★TFL|:\/
|
|switch|p1a: Keldeo|Keldeo|324\/324
|turn|6
|
|switch|p2a: Celebi|Celebi|404\/404
|-damage|p2a: Celebi|354\/404|[from] Stealth Rock
|move|p1a: Keldeo|Scald|p2a: Celebi
|-resisted|p2a: Celebi
|-damage|p2a: Celebi|273\/404
|
|-heal|p2a: Celebi|298\/404|[from] item: Leftovers
|turn|7
|
|switch|p1a: Tyranitar|Tyranitar, M|385\/385
|-weather|Sandstorm
|move|p2a: Celebi|U-turn|p1a: Tyranitar
|-supereffective|p1a: Tyranitar
|-damage|p1a: Tyranitar|301\/385
|
|switch|p2a: Garchomp|Garchomp, F|357\/357
|-damage|p2a: Garchomp|335\/357|[from] Stealth Rock
|
|-weather|Sandstorm|[upkeep]
|turn|8
|
|switch|p1a: Clefable|Clefable, F|394\/394
|move|p2a: Garchomp|Earthquake|p1a: Clefable
|-damage|p1a: Clefable|216\/394
|
|-weather|Sandstorm|[upkeep]
|-heal|p1a: Clefable|240\/394|[from] item: Leftovers
|turn|9
|
|switch|p2a: Landorus|Landorus, M|319\/319
|-damage|p2a: Landorus|280\/319|[from] Stealth Rock
|move|p1a: Clefable|Moonblast|p2a: Landorus
|-damage|p2a: Landorus|154\/319
|
|-weather|Sandstorm|[upkeep]
|-heal|p1a: Clefable|264\/394|[from] item: Leftovers
|turn|10
|
|switch|p1a: Latias|Latias, F|363\/363
|move|p2a: Landorus|Sludge Wave|p1a: Latias
|-damage|p1a: Latias|232\/363
|
|-weather|Sandstorm|[upkeep]
|-damage|p1a: Latias|210\/363|[from] sandstorm
|turn|11
|
|switch|p2a: Skarmory|Skarmory, F|61\/333
|-damage|p2a: Skarmory|20\/333|[from] Stealth Rock
|detailschange|p1a: Latias|Latias-Mega, F
|-mega|p1a: Latias|Latias|Latiasite
|move|p1a: Latias|Calm Mind|p1a: Latias
|-boost|p1a: Latias|spa|1
|-boost|p1a: Latias|spd|1
|
|-weather|none
|turn|12
|c|★req'd by crobro|woah
|c|★req'd by crobro|stop that
|c|★TFL|:)
|
|move|p1a: Latias|Stored Power|p2a: Skarmory
|-resisted|p2a: Skarmory
|-damage|p2a: Skarmory|0 fnt
|faint|p2a: Skarmory
|
|
|switch|p2a: Celebi|Celebi|298\/404
|-damage|p2a: Celebi|248\/404|[from] Stealth Rock
|turn|13
|
|move|p1a: Latias|Substitute|p1a: Latias
|-start|p1a: Latias|Substitute
|-damage|p1a: Latias|120\/363
|move|p2a: Celebi|Recover|p2a: Celebi
|-heal|p2a: Celebi|404\/404
|
|turn|14
|
|move|p1a: Latias|Roost|p1a: Latias
|-heal|p1a: Latias|302\/363
|move|p2a: Celebi|Perish Song|p2a: Celebi
|-fieldactivate|move: Perish Song
|
|-start|p1a: Latias|perish3
|-start|p2a: Celebi|perish3
|turn|15
|
|switch|p1a: Clefable|Clefable, F|264\/394
|move|p2a: Celebi|Giga Drain|p1a: Clefable
|-damage|p1a: Clefable|183\/394
|
|-start|p2a: Celebi|perish2
|-heal|p1a: Clefable|207\/394|[from] item: Leftovers
|turn|16
|join|jerry85
|join|Mark Suckerberg
|
|move|p2a: Celebi|U-turn|p1a: Clefable
|-resisted|p1a: Clefable
|-damage|p1a: Clefable|182\/394
|
|switch|p2a: Talonflame|Talonflame, F|359\/359
|-damage|p2a: Talonflame|180\/359|[from] Stealth Rock
|move|p1a: Clefable|Soft-Boiled|p1a: Clefable
|-heal|p1a: Clefable|379\/394
|
|-heal|p2a: Talonflame|202\/359|[from] item: Leftovers
|-heal|p1a: Clefable|394\/394|[from] item: Leftovers
|turn|17
|join|gamerguy1123
|join|MmM44
|
|switch|p1a: Tyranitar|Tyranitar, M|301\/385
|-weather|Sandstorm
|move|p2a: Talonflame|Will-O-Wisp|p1a: Tyranitar|[miss]
|-miss|p2a: Talonflame|p1a: Tyranitar
|
|-weather|Sandstorm|[upkeep]
|-damage|p2a: Talonflame|180\/359|[from] sandstorm
|-heal|p2a: Talonflame|202\/359|[from] item: Leftovers
|turn|18
|c|★req'd by crobro|that is just
|c| Mark Suckerberg|skillfull dodge
|c|★TFL|cool
|c|★req'd by crobro|annoying
|
|move|p2a: Talonflame|Will-O-Wisp|p1a: Tyranitar
|-status|p1a: Tyranitar|brn
|move|p1a: Tyranitar|Crunch|p2a: Talonflame
|-damage|p2a: Talonflame|33\/359
|-unboost|p2a: Talonflame|def|1
|
|-weather|Sandstorm|[upkeep]
|-damage|p2a: Talonflame|11\/359|[from] sandstorm
|-heal|p2a: Talonflame|33\/359|[from] item: Leftovers
|-damage|p1a: Tyranitar|253\/385 brn|[from] brn
|turn|19
|leave|Mark Suckerberg
|c| Gogoplata|hp fighting incomming
|
|move|p2a: Talonflame|Brave Bird|p1a: Tyranitar
|-crit|p1a: Tyranitar
|-resisted|p1a: Tyranitar
|-damage|p1a: Tyranitar|166\/385 brn
|-damage|p2a: Talonflame|4\/359|[from] recoil|[of] p1a: Tyranitar
|move|p1a: Tyranitar|Crunch|p2a: Talonflame
|-damage|p2a: Talonflame|0 fnt
|faint|p2a: Talonflame
|
|-weather|Sandstorm|[upkeep]
|-damage|p1a: Tyranitar|118\/385 brn|[from] brn
|
|switch|p2a: Landorus|Landorus, M|154\/319
|-damage|p2a: Landorus|115\/319|[from] Stealth Rock
|turn|20
|
|switch|p1a: Latias|Latias-Mega, F|302\/363
|move|p2a: Landorus|Earth Power|p1a: Latias
|-immune|p1a: Latias|[msg]
|
|-weather|Sandstorm|[upkeep]
|-damage|p1a: Latias|280\/363|[from] sandstorm
|turn|21
|
|move|p2a: Landorus|Earth Power|p1a: Latias
|-immune|p1a: Latias|[msg]
|move|p1a: Latias|Calm Mind|p1a: Latias
|-boost|p1a: Latias|spa|1
|-boost|p1a: Latias|spd|1
|
|-weather|none
|turn|22
|
|switch|p2a: Celebi|Celebi|404\/404
|-damage|p2a: Celebi|354\/404|[from] Stealth Rock
|move|p1a: Latias|Calm Mind|p1a: Latias
|-boost|p1a: Latias|spa|1
|-boost|p1a: Latias|spd|1
|
|-heal|p2a: Celebi|379\/404|[from] item: Leftovers
|turn|23
|
|move|p1a: Latias|Stored Power|p2a: Celebi
|-resisted|p2a: Celebi
|-damage|p2a: Celebi|253\/404
|move|p2a: Celebi|Perish Song|p2a: Celebi
|-fieldactivate|move: Perish Song
|
|-start|p1a: Latias|perish3
|-start|p2a: Celebi|perish3
|-heal|p2a: Celebi|278\/404|[from] item: Leftovers
|turn|24
|
|switch|p1a: Clefable|Clefable, F|394\/394
|move|p2a: Celebi|Recover|p2a: Celebi
|-heal|p2a: Celebi|404\/404
|
|-start|p2a: Celebi|perish2
|turn|25
|join|lil manaphy
|join|mershed potata
|c|★req'd by crobro|that team is p solid
|join|jessmister
|leave|jessmister
|
|move|p2a: Celebi|U-turn|p1a: Clefable
|-resisted|p1a: Clefable
|-damage|p1a: Clefable|369\/394
|c|★TFL|thx i built it in my head while i was sitting around and doing nothing at work *-*
|c|★req'd by crobro|sometimes i do that at school
|c|★req'd by crobro|and they sound good at first
|join|TheGreenNinja
|c|★req'd by crobro|then i realize they blow
|c|★TFL|haha
|c|★req'd by crobro|i cant kill this thing
|c|★req'd by crobro|along with lati
|c| Gogoplata|that latias has hp psychic right?
|
|switch|p2a: Garchomp|Garchomp, F|335\/357
|-damage|p2a: Garchomp|313\/357|[from] Stealth Rock
|move|p1a: Clefable|Moonblast|p2a: Garchomp
|-supereffective|p2a: Garchomp
|-damage|p2a: Garchomp|49\/357
|
|-heal|p1a: Clefable|393\/394|[from] item: Leftovers
|turn|26
|c|★req'd by crobro|ofc
|c|★TFL|o-o
|c| Gogoplata|coulda been new meta hp grass :^)
|leave|Relic Stone
|
|move|p2a: Garchomp|Earthquake|p1a: Clefable
|-damage|p1a: Clefable|188\/394
|move|p1a: Clefable|Moonblast|p2a: Garchomp
|-supereffective|p2a: Garchomp
|-damage|p2a: Garchomp|0 fnt
|faint|p2a: Garchomp
|
|-heal|p1a: Clefable|212\/394|[from] item: Leftovers
|leave|gamerguy1123
|c|★req'd by crobro|oh that thing isnt fully defensive
|c|★TFL|nope
|join|Sike2303
|join|MKSLAYER97
|
|switch|p2a: Landorus|Landorus, M|115\/319
|-damage|p2a: Landorus|76\/319|[from] Stealth Rock
|turn|27
|c|★req'd by crobro|i might be able to win this then
|
|switch|p1a: Latias|Latias-Mega, F|280\/363
|move|p2a: Landorus|Stealth Rock|p1a: Latias
|-sidestart|p1: TFL|move: Stealth Rock
|
|turn|28
|c|★TFL|just send in da lati
|
|switch|p2a: Celebi|Celebi|404\/404
|-damage|p2a: Celebi|354\/404|[from] Stealth Rock
|move|p1a: Latias|Calm Mind|p1a: Latias
|-boost|p1a: Latias|spa|1
|-boost|p1a: Latias|spd|1
|
|-heal|p2a: Celebi|379\/404|[from] item: Leftovers
|turn|29
|
|move|p1a: Latias|Calm Mind|p1a: Latias
|-boost|p1a: Latias|spa|1
|-boost|p1a: Latias|spd|1
|move|p2a: Celebi|U-turn|p1a: Latias
|-crit|p1a: Latias
|-supereffective|p1a: Latias
|-damage|p1a: Latias|176\/363
|
|switch|p2a: Gyarados|Gyarados, F|331\/331
|-damage|p2a: Gyarados|249\/331|[from] Stealth Rock
|-ability|p2a: Gyarados|Intimidate|[of] p1a: Latias
|-unboost|p1a: Latias|atk|1
|
|turn|30
|c|★TFL|inb4 bounce
|c| Sike2303|drop it now!
|
|switch|p1a: Keldeo|Keldeo|324\/324
|-damage|p1a: Keldeo|304\/324|[from] Stealth Rock
|detailschange|p2a: Gyarados|Gyarados-Mega, F
|-mega|p2a: Gyarados|Gyarados|Gyaradosite
|-ability|p2a: Gyarados|Mold Breaker
|move|p2a: Gyarados|Crunch|p1a: Keldeo
|-resisted|p1a: Keldeo
|-damage|p1a: Keldeo|208\/324
|-boost|p1a: Keldeo|atk|1|[from] ability: Justified
|
|turn|31
|c|★req'd by crobro|:]
|c|★TFL|ahhh da boost
|c|★req'd by crobro|inb4 offensive
|c| Sike2303|pls have sacred sword
|
|switch|p2a: Celebi|Celebi|379\/404
|-damage|p2a: Celebi|329\/404|[from] Stealth Rock
|move|p1a: Keldeo|Scald|p2a: Celebi
|-resisted|p2a: Celebi
|-damage|p2a: Celebi|248\/404
|
|-heal|p2a: Celebi|273\/404|[from] item: Leftovers
|turn|32
|c|★TFL|no burn :[
|c|★req'd by crobro|hey
|c|★req'd by crobro|i missed willow
|c|★TFL|pshh
|
|switch|p1a: Jirachi|Jirachi|404\/404
|-damage|p1a: Jirachi|379\/404|[from] Stealth Rock
|move|p2a: Celebi|U-turn|p1a: Jirachi
|-damage|p1a: Jirachi|327\/404
|
|switch|p2a: Gyarados|Gyarados-Mega, F|249\/331
|-damage|p2a: Gyarados|208\/331|[from] Stealth Rock
|-ability|p2a: Gyarados|Mold Breaker
|
|-heal|p1a: Jirachi|352\/404|[from] item: Leftovers
|turn|33
|
|move|p1a: Jirachi|Toxic|p2a: Gyarados
|-status|p2a: Gyarados|tox
|move|p2a: Gyarados|Crunch|p1a: Jirachi
|-supereffective|p1a: Jirachi
|-damage|p1a: Jirachi|2\/404
|-unboost|p1a: Jirachi|def|1
|
|-heal|p1a: Jirachi|27\/404|[from] item: Leftovers
|-damage|p2a: Gyarados|188\/331 tox|[from] psn
|turn|34
|c|★TFL|yum
|
|move|p1a: Jirachi|Iron Head|p2a: Gyarados
|-resisted|p2a: Gyarados
|-damage|p2a: Gyarados|137\/331 tox
|move|p2a: Gyarados|Crunch|p1a: Jirachi
|-supereffective|p1a: Jirachi
|-damage|p1a: Jirachi|0 fnt
|faint|p1a: Jirachi
|
|-damage|p2a: Gyarados|97\/331 tox|[from] psn
|c|★req'd by crobro|now i cant win
|c|★TFL|jeejee
|
|switch|p1a: Keldeo|Keldeo|208\/324
|-damage|p1a: Keldeo|188\/324|[from] Stealth Rock
|turn|35
|c|★req'd by crobro|i can kill stuff tho
|leave|Sike2303
|
|switch|p2a: Celebi|Celebi|273\/404
|-damage|p2a: Celebi|223\/404|[from] Stealth Rock
|move|p1a: Keldeo|Hydro Pump|p2a: Celebi
|-resisted|p2a: Celebi
|-damage|p2a: Celebi|106\/404
|
|-heal|p2a: Celebi|131\/404|[from] item: Leftovers
|turn|36
|
|switch|p1a: Tyranitar|Tyranitar, M|118\/385 brn
|-damage|p1a: Tyranitar|70\/385 brn|[from] Stealth Rock
|-weather|Sandstorm
|move|p2a: Celebi|Recover|p2a: Celebi
|-heal|p2a: Celebi|333\/404
|
|-weather|Sandstorm|[upkeep]
|-damage|p2a: Celebi|308\/404|[from] sandstorm
|-heal|p2a: Celebi|333\/404|[from] item: Leftovers
|-damage|p1a: Tyranitar|22\/385 brn|[from] brn
|turn|37
|
|move|p2a: Celebi|Giga Drain|p1a: Tyranitar
|-supereffective|p1a: Tyranitar
|-damage|p1a: Tyranitar|0 fnt
|-heal|p2a: Celebi|344\/404|[from] drain|[of] p1a: Tyranitar
|faint|p1a: Tyranitar
|
|-weather|Sandstorm|[upkeep]
|-damage|p2a: Celebi|319\/404|[from] sandstorm
|-heal|p2a: Celebi|344\/404|[from] item: Leftovers
|
|switch|p1a: Clefable|Clefable, F|212\/394
|turn|38
|
|switch|p2a: Landorus|Landorus, M|76\/319
|-damage|p2a: Landorus|37\/319|[from] Stealth Rock
|move|p1a: Clefable|Soft-Boiled|p1a: Clefable
|-heal|p1a: Clefable|394\/394
|
|-weather|Sandstorm|[upkeep]
|turn|39
|
|switch|p1a: Latias|Latias-Mega, F|176\/363
|-damage|p1a: Latias|131\/363|[from] Stealth Rock
|move|p2a: Landorus|Sludge Wave|p1a: Latias
|-damage|p1a: Latias|8\/363
|
|-weather|Sandstorm|[upkeep]
|-damage|p1a: Latias|0 fnt|[from] sandstorm
|faint|p1a: Latias
|
|switch|p1a: Keldeo|Keldeo|188\/324
|-damage|p1a: Keldeo|168\/324|[from] Stealth Rock
|turn|40
|
|switch|p2a: Celebi|Celebi|344\/404
|-damage|p2a: Celebi|294\/404|[from] Stealth Rock
|move|p1a: Keldeo|Scald|p2a: Celebi
|-resisted|p2a: Celebi
|-damage|p2a: Celebi|211\/404
|
|-weather|none
|-heal|p2a: Celebi|236\/404|[from] item: Leftovers
|turn|41
|
|switch|p1a: Clefable|Clefable, F|394\/394
|move|p2a: Celebi|Recover|p2a: Celebi
|-heal|p2a: Celebi|404\/404
|
|turn|42
|
|move|p2a: Celebi|Perish Song|p2a: Celebi
|-fieldactivate|move: Perish Song
|move|p1a: Clefable|Calm Mind|p1a: Clefable
|-boost|p1a: Clefable|spa|1
|-boost|p1a: Clefable|spd|1
|
|-start|p2a: Celebi|perish3
|-start|p1a: Clefable|perish3
|turn|43
|
|move|p2a: Celebi|Giga Drain|p1a: Clefable
|-damage|p1a: Clefable|339\/394
|move|p1a: Clefable|Moonblast|p2a: Celebi
|-damage|p2a: Celebi|278\/404
|-unboost|p2a: Celebi|spa|1
|
|-start|p2a: Celebi|perish2
|-start|p1a: Clefable|perish2
|-heal|p2a: Celebi|303\/404|[from] item: Leftovers
|-heal|p1a: Clefable|363\/394|[from] item: Leftovers
|turn|44
|
|move|p2a: Celebi|Recover|p2a: Celebi
|-heal|p2a: Celebi|404\/404
|move|p1a: Clefable|Moonblast|p2a: Celebi
|-damage|p2a: Celebi|283\/404
|-unboost|p2a: Celebi|spa|1
|
|-start|p2a: Celebi|perish1
|-start|p1a: Clefable|perish1
|-heal|p2a: Celebi|308\/404|[from] item: Leftovers
|-heal|p1a: Clefable|387\/394|[from] item: Leftovers
|turn|45
|c|★req'd by crobro|i think
|c|★TFL|ty drops
|c|★req'd by crobro|that i still lose
|
|switch|p1a: Keldeo|Keldeo|168\/324
|-damage|p1a: Keldeo|148\/324|[from] Stealth Rock
|move|p2a: Celebi|U-turn|p1a: Keldeo
|-resisted|p1a: Keldeo
|-damage|p1a: Keldeo|120\/324
|
|switch|p2a: Landorus|Landorus, M|37\/319
|-damage|p2a: Landorus|0 fnt|[from] Stealth Rock
|faint|p2a: Landorus
|
|
|switch|p2a: Celebi|Celebi|308\/404
|-damage|p2a: Celebi|258\/404|[from] Stealth Rock
|turn|46
|
|switch|p1a: Clefable|Clefable, F|387\/394
|move|p2a: Celebi|Perish Song|p2a: Celebi
|-fieldactivate|move: Perish Song
|
|-start|p2a: Celebi|perish3
|-start|p1a: Clefable|perish3
|-heal|p2a: Celebi|283\/404|[from] item: Leftovers
|-heal|p1a: Clefable|394\/394|[from] item: Leftovers
|turn|47
|
|move|p2a: Celebi|Giga Drain|p1a: Clefable
|-damage|p1a: Clefable|319\/394
|-heal|p2a: Celebi|321\/404|[from] drain|[of] p1a: Clefable
|move|p1a: Clefable|Calm Mind|p1a: Clefable
|-boost|p1a: Clefable|spa|1
|-boost|p1a: Clefable|spd|1
|
|-start|p2a: Celebi|perish2
|-start|p1a: Clefable|perish2
|-heal|p2a: Celebi|346\/404|[from] item: Leftovers
|-heal|p1a: Clefable|343\/394|[from] item: Leftovers
|turn|48
|
|move|p2a: Celebi|Giga Drain|p1a: Clefable
|-damage|p1a: Clefable|286\/394
|-heal|p2a: Celebi|375\/404|[from] drain|[of] p1a: Clefable
|move|p1a: Clefable|Moonblast|p2a: Celebi
|-damage|p2a: Celebi|245\/404
|-unboost|p2a: Celebi|spa|1
|
|-start|p2a: Celebi|perish1
|-start|p1a: Clefable|perish1
|-heal|p2a: Celebi|270\/404|[from] item: Leftovers
|-heal|p1a: Clefable|310\/394|[from] item: Leftovers
|turn|49
|c| MKSLAYER97|inb4 Baton Pass
|c|★req'd by crobro|lol
|
|switch|p1a: Keldeo|Keldeo|120\/324
|-damage|p1a: Keldeo|100\/324|[from] Stealth Rock
|move|p2a: Celebi|U-turn|p1a: Keldeo
|-resisted|p1a: Keldeo
|-damage|p1a: Keldeo|75\/324
|c| MKSLAYER97|aww
|c|★req'd by crobro|i did that by accident once
|c|★req'd by crobro|never forgeit
|
|switch|p2a: Gyarados|Gyarados-Mega, F|97\/331 tox
|-damage|p2a: Gyarados|56\/331 tox|[from] Stealth Rock
|-ability|p2a: Gyarados|Mold Breaker
|
|-damage|p2a: Gyarados|36\/331 tox|[from] psn
|turn|50
|c|★TFL|x)
|c| MKSLAYER97|lol
|c|★req'd by crobro|ya he icy winds
|c|★req'd by crobro|and i lose
|c| MKSLAYER97|by accident as in you didn't mean to click Baton Pass, or by accident as in you didn't realize it would pass Perish Song?
|leave|Gogoplata
|join|LadderSoTall
|c|★TFL|i dont have icy wind
|
|switch|p2a: Celebi|Celebi|270\/404
|-damage|p2a: Celebi|220\/404|[from] Stealth Rock
|move|p1a: Keldeo|Scald|p2a: Celebi
|-resisted|p2a: Celebi
|-damage|p2a: Celebi|144\/404
|
|-heal|p2a: Celebi|169\/404|[from] item: Leftovers
|turn|51
|c|★req'd by crobro|didnt realize
|
|switch|p1a: Clefable|Clefable, F|310\/394
|move|p2a: Celebi|Recover|p2a: Celebi
|-heal|p2a: Celebi|371\/404
|
|-heal|p2a: Celebi|396\/404|[from] item: Leftovers
|-heal|p1a: Clefable|334\/394|[from] item: Leftovers
|turn|52
|leave|Vrin
|c|★req'd by crobro|what happens if i perish
|c|★req'd by crobro|and we both die
|join|Vrin
|c|★req'd by crobro|like who wins
|c|★req'd by crobro|jw
|c| MKSLAYER97|I think you
|c| MKSLAYER97|but I'm not 100% sure
|join|king of spycrabs
|c|★TFL|not sure but whoever dies first would lose
|
|move|p2a: Celebi|Perish Song|p2a: Celebi
|-fieldactivate|move: Perish Song
|move|p1a: Clefable|Calm Mind|p1a: Clefable
|-boost|p1a: Clefable|spa|1
|-boost|p1a: Clefable|spd|1
|
|-start|p2a: Celebi|perish3
|-start|p1a: Clefable|perish3
|-heal|p2a: Celebi|404\/404|[from] item: Leftovers
|-heal|p1a: Clefable|358\/394|[from] item: Leftovers
|turn|53
|c|★req'd by crobro|can we find out?
|c|★req'd by crobro|i cant win this game
|c|★TFL|yeh sure
|
|move|p2a: Celebi|Giga Drain|p1a: Clefable
|-damage|p1a: Clefable|309\/394
|move|p1a: Clefable|Soft-Boiled|p1a: Clefable
|-heal|p1a: Clefable|394\/394
|
|-start|p2a: Celebi|perish2
|-start|p1a: Clefable|perish2
|turn|54
|join|Myliltony
|c|★req'd by crobro|i just wanna know for reference
|join|Advanced Alt Alert
|c| mershed potata|wouldnt the faster poke drop first?
|
|move|p2a: Celebi|Giga Drain|p1a: Clefable
|-damage|p1a: Clefable|343\/394
|move|p1a: Clefable|Hidden Power|p2a: Celebi
|-crit|p2a: Celebi
|-resisted|p2a: Celebi
|-damage|p2a: Celebi|365\/404
|
|-start|p2a: Celebi|perish1
|-start|p1a: Clefable|perish1
|-heal|p2a: Celebi|390\/404|[from] item: Leftovers
|-heal|p1a: Clefable|367\/394|[from] item: Leftovers
|turn|55
|c|★req'd by crobro|ya but i just wanna make sure
|
|move|p2a: Celebi|U-turn|p1a: Clefable
|-resisted|p1a: Clefable
|-damage|p1a: Clefable|342\/394
|c|★TFL|>_>
|c| king of spycrabs|lol this man is dirty
|c|★req'd by crobro|oh i meant go out to keld
|c|★req'd by crobro|so it was just clef and celebi
|c|★TFL|idgi
|
|switch|p2a: Gyarados|Gyarados-Mega, F|36\/331 tox
|-damage|p2a: Gyarados|0 fnt|[from] Stealth Rock
|faint|p2a: Gyarados
|move|p1a: Clefable|Moonblast|p2: Gyarados|[notarget]
|-notarget
|
|-start|p1a: Clefable|perish0
|faint|p1a: Clefable
|c|★req'd by crobro|lol just for everyone watching
|c|★req'd by crobro|TFl won
|
|switch|p1a: Keldeo|Keldeo|75\/324
|switch|p2a: Celebi|Celebi|390\/404
|-damage|p1a: Keldeo|55\/324|[from] Stealth Rock
|-damage|p2a: Celebi|340\/404|[from] Stealth Rock
|turn|56
|c| MmM44|hp bug
|
|move|p1a: Keldeo|Hidden Power|p2a: Celebi
|-crit|p2a: Celebi
|-resisted|p2a: Celebi
|-damage|p2a: Celebi|276\/404
|move|p2a: Celebi|Perish Song|p2a: Celebi
|-fieldactivate|move: Perish Song
|
|-start|p1a: Keldeo|perish3
|-start|p2a: Celebi|perish3
|-heal|p2a: Celebi|301\/404|[from] item: Leftovers
|turn|57
|c|★req'd by crobro|actually we can still find out
|c| LadderSoTall|what u perished the clef and it was last 2?
|c| LadderSoTall|if
|
|move|p1a: Keldeo|Hidden Power|p2a: Celebi
|-resisted|p2a: Celebi
|-damage|p2a: Celebi|263\/404
|move|p2a: Celebi|Recover|p2a: Celebi
|-heal|p2a: Celebi|404\/404
|
|-start|p1a: Keldeo|perish2
|-start|p2a: Celebi|perish2
|turn|58
|c| LadderSoTall|what would happen?
|c|★req'd by crobro|thats what we are figuring out
|
|move|p1a: Keldeo|Hidden Power|p2a: Celebi
|-resisted|p2a: Celebi
|-damage|p2a: Celebi|364\/404
|move|p2a: Celebi|Recover|p2a: Celebi
|-heal|p2a: Celebi|404\/404
|
|-start|p1a: Keldeo|perish1
|-start|p2a: Celebi|perish1
|turn|59
|
|move|p1a: Keldeo|Hidden Power|p2a: Celebi
|-resisted|p2a: Celebi
|-damage|p2a: Celebi|361\/404
|move|p2a: Celebi|Recover|p2a: Celebi
|-heal|p2a: Celebi|404\/404
|
|-start|p1a: Keldeo|perish0
|-start|p2a: Celebi|perish0
|faint|p1a: Keldeo
|faint|p2a: Celebi
|
|win|req'd by crobro
|c| LadderSoTall|wtf
|leave|MmM44
|c| king of spycrabs|lol
|c|★req'd by crobro|ok so i think slower poke
|c|★TFL|guess faster one gets it
|c|★req'd by crobro|or maybe just the user
|c| mershed potata|so if it was clef, tfi would have won
|c|★req'd by crobro|ya
|c| LadderSoTall|so
|c| king of spycrabs|dont u mean slower poke?
|c| LadderSoTall|the perish songer wins
|c|★req'd by crobro|im not sure
|leave|king of spycrabs
|c|★req'd by crobro|if its perish user
|leave|Alldaalts
|c|★req'd by crobro|or speed
|c| LadderSoTall|thats what it seems
|c| mershed potata|it definitely goes of of speed
|c|★req'd by crobro|but anyway cool team gg
|c| mershed potata|because
|leave|MKSLAYER97
|c| mershed potata|remember that strat that pretty much took over 1v1
|c|★req'd by crobro|i made somewhat of a comeback
|c| mershed potata|the perish song\/trick room