|join|req'd by crobro
|join|callahan600
|player|p1|req'd by crobro|261
|player|p2|callahan600|170
|gametype|singles
|gen|6
|tier|OU
|rated
|clearpoke
|poke|p1|Gyarados, F
|poke|p1|Landorus, M
|poke|p1|Talonflame, F
|poke|p1|Mew
|poke|p1|Skarmory, M
|poke|p1|Garchomp, M
|poke|p2|Venusaur, M
|poke|p2|Heatran, F
|poke|p2|Dragonite, F
|poke|p2|Bisharp, F
|poke|p2|Starmie
|poke|p2|Clefable, F
|rule|Swagger Clause: Swagger is banned
|rule|Baton Pass Clause: Limit one Pokémon knowing Baton Pass
|rule|Sleep Clause Mod: Limit one foe put to sleep
|rule|Species Clause: Limit one of each Pokémon
|rule|OHKO Clause: OHKO moves are banned
|rule|Moody Clause: Moody is banned
|rule|Evasion Moves Clause: Evasion moves are banned
|rule|Endless Battle Clause: Forcing endless battles is banned
|rule|HP Percentage Mod: HP is shown in percentages
|teampreview
|
|start
|switch|p1a: Landorus|Landorus, M|319\/319
|switch|p2a: Clefable|Clefable, F|394\/394
|turn|1
|
|move|p1a: Landorus|Sludge Wave|p2a: Clefable
|-supereffective|p2a: Clefable
|-damage|p2a: Clefable|82\/394
|move|p2a: Clefable|Calm Mind|p2a: Clefable
|-boost|p2a: Clefable|spa|1
|-boost|p2a: Clefable|spd|1
|
|turn|2
|
|switch|p2a: Heatran|Heatran, F|323\/323
|move|p1a: Landorus|Earth Power|p2a: Heatran
|-supereffective|p2a: Heatran
|-damage|p2a: Heatran|0 fnt
|faint|p2a: Heatran
|
|leave|callahan600
|player|p2
|-message|callahan600 lost due to inactivity.
|
|win|req'd by crobro
|raw|Ladder updating...
|raw|req&apos;d by crobro's rating: 1525 &rarr; <strong>1539<\/strong><br \/>(+14 for winning)
|raw|callahan600's rating: 1409 &rarr; <strong>1395<\/strong><br \/>(-14 for losing)