|join|Ox the Box
|join|req'd by crobro
|player|p1|Ox the Box|201
|player|p2|req'd by crobro|144
|gametype|singles
|gen|6
|tier|OU
|rated
|clearpoke
|poke|p1|Charizard, M, shiny
|poke|p1|Venusaur, F, shiny
|poke|p1|Tyranitar, F
|poke|p1|Excadrill, M
|poke|p1|Ferrothorn, M
|poke|p1|Keldeo
|poke|p2|Metagross
|poke|p2|Magnezone
|poke|p2|Slowbro, M
|poke|p2|Clefable, F
|poke|p2|Gliscor, M, shiny
|poke|p2|Zapdos
|rule|Swagger Clause: Swagger is banned
|rule|Baton Pass Clause: Limit one Pokémon knowing Baton Pass
|rule|Sleep Clause Mod: Limit one foe put to sleep
|rule|Species Clause: Limit one of each Pokémon
|rule|OHKO Clause: OHKO moves are banned
|rule|Moody Clause: Moody is banned
|rule|Evasion Moves Clause: Evasion moves are banned
|rule|Endless Battle Clause: Forcing endless battles is banned
|rule|HP Percentage Mod: HP is shown in percentages
|teampreview
|c|★Ox the Box|glhf
|join|All Together Now
|c|★req'd by crobro|u 2
|c| All Together Now|LETS GO OX!!
|
|start
|switch|p1a: Excadrill|Excadrill, M|361\/361
|switch|p2a: Magnezone|Magnezone|281\/281
|turn|1
|join|BattleXV
|
|switch|p2a: Fat Bat|Gliscor, M, shiny|354\/354
|move|p1a: Excadrill|Earthquake|p2a: Fat Bat
|-immune|p2a: Fat Bat|[msg]
|
|-status|p2a: Fat Bat|tox|[from] item: Toxic Orb
|turn|2
|
|switch|p1a: Ferrothorn|Ferrothorn, M|352\/352
|switch|p2a: Magnezone|Magnezone|281\/281
|
|turn|3
|join|DarkCelebi59
|c|★Ox the Box|zzz
|
|move|p2a: Magnezone|Hidden Power|p1a: Ferrothorn
|-supereffective|p1a: Ferrothorn
|-damage|p1a: Ferrothorn|88\/352
|move|p1a: Ferrothorn|Stealth Rock|p2a: Magnezone
|-sidestart|p2: req'd by crobro|move: Stealth Rock
|
|-heal|p1a: Ferrothorn|110\/352|[from] item: Leftovers
|turn|4
|c| All Together Now|hes shed shell
|c| BattleXV|ox after this battle i ned to ask u something about keldeo item...
|c| All Together Now|!!
|
|move|p2a: Magnezone|Hidden Power|p1a: Ferrothorn
|-supereffective|p1a: Ferrothorn
|-damage|p1a: Ferrothorn|0 fnt
|faint|p1a: Ferrothorn
|
|
|switch|p1a: Charizard|Charizard, M, shiny|297\/297
|turn|5
|c| BattleXV|I really dont know what it is xD
|c|★Ox the Box|this is fine
|c|★Ox the Box|free kill
|c| All Together Now|yeah and free rocks tooo
|c|★req'd by crobro|ya i honestly went to zone expecting you to go into this
|c|★Ox the Box|lol
|c|★req'd by crobro|for free kill
|c|★Ox the Box|i thought u might have
|join|WhyPokemonWhy
|c|★Ox the Box|but I didn't want to risk toxic
|
|switch|p2a: Clefable|Clefable, F|394\/394
|detailschange|p1a: Charizard|Charizard-Mega-Y, M, shiny
|-mega|p1a: Charizard|Charizard|Charizardite Y
|-weather|SunnyDay
|move|p1a: Charizard|Flamethrower|p2a: Clefable
|-damage|p2a: Clefable|78\/394
|
|-weather|SunnyDay|[upkeep]
|-heal|p2a: Clefable|102\/394|[from] item: Leftovers
|turn|6
|c| All Together Now|omg
|
|move|p1a: Charizard|Flamethrower|p2a: Clefable
|-damage|p2a: Clefable|0 fnt
|faint|p2a: Clefable
|
|-weather|SunnyDay|[upkeep]
|c| All Together Now|power
|
|switch|p2a: Magnezone|Magnezone|281\/281
|-damage|p2a: Magnezone|264\/281|[from] Stealth Rock
|turn|7
|c|★req'd by crobro|go into drill imo
|
|switch|p1a: Excadrill|Excadrill, M|361\/361
|move|p2a: Magnezone|Volt Switch|p1a: Excadrill
|-immune|p1a: Excadrill|[msg]
|
|-weather|SunnyDay|[upkeep]
|turn|8
|c|★Ox the Box|ok
|c| All Together Now|lol
|c| BattleXV|xDD
|
|switch|p2a: Zapdos|Zapdos|383\/383
|-damage|p2a: Zapdos|288\/383|[from] Stealth Rock
|-ability|p2a: Zapdos|Pressure
|move|p1a: Excadrill|Earthquake|p2a: Zapdos
|-immune|p2a: Zapdos|[msg]
|
|-weather|SunnyDay|[upkeep]
|-heal|p2a: Zapdos|311\/383|[from] item: Leftovers
|turn|9
|c|★req'd by crobro|thats k
|
|switch|p1a: Tyranitar|Tyranitar, F|382\/382
|-weather|Sandstorm
|move|p2a: Zapdos|Defog|p1a: Tyranitar
|-unboost|p1a: Tyranitar|evasion|1
|-sideend|p2: req'd by crobro|Stealth Rock|[from] move: Defog|[of] p2a: Zapdos
|
|-weather|Sandstorm|[upkeep]
|-damage|p2a: Zapdos|288\/383|[from] sandstorm
|-heal|p2a: Zapdos|311\/383|[from] item: Leftovers
|turn|10
|c|★req'd by crobro|free defog
|c|★Ox the Box|thats k
|
|move|p1a: Tyranitar|Pursuit|p2a: Zapdos|[from]Pursuit
|-damage|p2a: Zapdos|89\/383
|switch|p2a: Slowbro|Slowbro, M|394\/394
|
|-weather|Sandstorm|[upkeep]
|-damage|p2a: Slowbro|370\/394|[from] sandstorm
|-heal|p2a: Slowbro|394\/394|[from] item: Leftovers
|turn|11
|
|switch|p1a: Venusaur|Venusaur, F, shiny|319\/319
|move|p2a: Slowbro|Thunder Wave|p1a: Venusaur
|-status|p1a: Venusaur|par
|
|-weather|Sandstorm|[upkeep]
|-damage|p2a: Slowbro|370\/394|[from] sandstorm
|-damage|p1a: Venusaur|300\/319 par|[from] sandstorm
|-heal|p2a: Slowbro|394\/394|[from] item: Leftovers
|turn|12
|
|switch|p2a: Fat Bat|Gliscor, M, shiny|354\/354 tox
|switch|p1a: Charizard|Charizard-Mega-Y, M, shiny|297\/297
|-weather|SunnyDay
|
|-weather|SunnyDay|[upkeep]
|turn|13
|
|move|p1a: Charizard|Flamethrower|p2a: Fat Bat
|-crit|p2a: Fat Bat
|-damage|p2a: Fat Bat|0 fnt
|faint|p2a: Fat Bat
|
|-weather|SunnyDay|[upkeep]
|c| All Together Now|omg
|c| BattleXV|O crit
|c|★Ox the Box|what did u go for
|c| All Together Now|crit didnt matter i think
|c|★req'd by crobro|that crits annoying
|c| BattleXV|Kill em
|c|★req'd by crobro|se
|c|★Ox the Box|se = ?
|c|★req'd by crobro|stone edge
|c| All Together Now|stone edge
|c|★Ox the Box|oh really?
|c| BattleXV|xD
|c|★req'd by crobro|ye
|c| BattleXV|Sure he did xD
|c|★req'd by crobro|i put it on for volc and zard y
|c|★Ox the Box|damn sry
|c|★Ox the Box|are u spdf?
|c|★req'd by crobro|ye
|c|★Ox the Box|:[[
|c|★req'd by crobro|for zard y and volc
|c|★req'd by crobro|lol
|c|★req'd by crobro|its k
|c| BattleXV|ox are you really going to beleve him xD
|c|★Ox the Box|yes
|
|switch|p2a: Magnezone|Magnezone|264\/281
|turn|14
|c| All Together Now|ox your charizard is well trained
|c| BattleXV|Ok....
|c|★req'd by crobro|tell me what do i have for volc
|c| All Together Now|nothing
|c|★Ox the Box|uhm
|c|★Ox the Box|lol
|c|★req'd by crobro|exactly
|
|move|p2a: Magnezone|Thunderbolt|p1a: Charizard
|-supereffective|p1a: Charizard
|-damage|p1a: Charizard|27\/297
|move|p1a: Charizard|Flamethrower|p2a: Magnezone
|-supereffective|p2a: Magnezone
|-damage|p2a: Magnezone|0 fnt
|faint|p2a: Magnezone
|
|-weather|SunnyDay|[upkeep]
|join|Alldaalts
|c|★Ox the Box|>doesn't hp fire
|c| BattleXV|EAT IT UP
|c| All Together Now|unless unaware clef
|
|switch|p2a: Slowbro|Slowbro, M|394\/394
|turn|15
|c| All Together Now|though
|
|move|p1a: Charizard|Solar Beam|p2a: Slowbro|[still]
|-prepare|p1a: Charizard|Solar Beam|p2a: Slowbro
|-anim|p1a: Charizard|Solar Beam|p2a: Slowbro
|-supereffective|p2a: Slowbro
|-damage|p2a: Slowbro|0 fnt
|faint|p2a: Slowbro
|
|-weather|SunnyDay|[upkeep]
|c| All Together Now|dead
|c|★req'd by crobro|lel gg
|c| BattleXV|Game
|
|switch|p2a: Metagross|Metagross|301\/301
|turn|16
|c|★Ox the Box|gg, sry about miss
|c|★req'd by crobro|its aight
|c|★req'd by crobro|just ladder matches
|leave|DarkCelebi59
|
|detailschange|p2a: Metagross|Metagross-Mega
|-mega|p2a: Metagross|Metagross|Metagrossite
|move|p1a: Charizard|Flamethrower|p2a: Metagross
|-supereffective|p2a: Metagross
|-damage|p2a: Metagross|0 fnt
|faint|p2a: Metagross
|
|-weather|none
|c|★Ox the Box|but u had a chance to miss stone edge
|c|★Ox the Box|eh i always cuss out my opponent when I get haxed
|c|★req'd by crobro|y
|c| BattleXV|XD
|c|★Ox the Box|in all caps
|c| BattleXV|LOLOL
|c|★req'd by crobro|i get mad when lose to bad players cus of hax
|c|★req'd by crobro|thats annoying
|c|★Ox the Box|even if I just haxed them
|c| BattleXV|Me to :3
|
|switch|p2a: Zapdos|Zapdos|89\/383
|-ability|p2a: Zapdos|Pressure
|turn|17
|c|★Ox the Box|"MAN FUCK YOU AIDS TRASH PLAYER GO SUCK MORE COCK IKNOW YOU WANT TO"
|
|move|p1a: Charizard|Flamethrower|p2a: Zapdos
|-crit|p2a: Zapdos
|-damage|p2a: Zapdos|0 fnt
|faint|p2a: Zapdos
|
|win|Ox the Box
|raw|Ladder updating...
|c| All Together Now|lol
|raw|Ox the Box's rating: 1798 &rarr; <strong>1811<\/strong><br \/>(+13 for winning)
|raw|req&apos;d by crobro's rating: 1673 &rarr; <strong>1660<\/strong><br \/>(-13 for losing)