|join|subzeromkx
|join|Maeckes
|player|p1|subzeromkx|20
|player|p2|Maeckes|251
|gametype|singles
|gen|6
|tier|OU
|rated
|clearpoke
|poke|p1|Celebi
|poke|p1|Gardevoir, F
|poke|p1|Bisharp, F
|poke|p1|Azumarill, M
|poke|p1|Latias, F
|poke|p1|Garchomp, F
|poke|p2|Terrakion
|poke|p2|Tornadus-Therian, M
|poke|p2|Charizard, M
|poke|p2|Ferrothorn, F
|poke|p2|Latios, M
|poke|p2|Slowbro, F
|rule|Swagger Clause: Swagger is banned
|rule|Baton Pass Clause: Limit one Pokémon knowing Baton Pass
|rule|Sleep Clause Mod: Limit one foe put to sleep
|rule|Species Clause: Limit one of each Pokémon
|rule|OHKO Clause: OHKO moves are banned
|rule|Moody Clause: Moody is banned
|rule|Evasion Moves Clause: Evasion moves are banned
|rule|Endless Battle Clause: Forcing endless battles is banned
|rule|HP Percentage Mod: HP is shown in percentages
|teampreview
|
|start
|switch|p1a: Gardevoir|Gardevoir, F|314\/314
|switch|p2a: Tornadus-Therian|Tornadus-Therian, M|348\/348
|-ability|p1a: Gardevoir|Regenerator|[from] ability: Trace|[of] p2a: Tornadus-Therian
|turn|1
|
|detailschange|p1a: Gardevoir|Gardevoir-Mega, F
|-mega|p1a: Gardevoir|Gardevoir|Gardevoirite
|move|p2a: Tornadus-Therian|Knock Off|p1a: Gardevoir
|-damage|p1a: Gardevoir|242\/314
|move|p1a: Gardevoir|Hyper Voice|p2a: Tornadus-Therian
|-damage|p2a: Tornadus-Therian|141\/348
|
|turn|2
|
|switch|p1a: Kisame|Garchomp, F|420\/420
|move|p2a: Tornadus-Therian|U-turn|p1a: Kisame
|-damage|p1a: Kisame|377\/420
|-damage|p2a: Tornadus-Therian|98\/348|[from] ability: Rough Skin|[of] p1a: Kisame
|-damage|p2a: Tornadus-Therian|40\/348|[from] item: Rocky Helmet|[of] p1a: Kisame
|
|switch|p2a: Latios|Latios, M|301\/301
|
|turn|3
|
|switch|p1a: Gardevoir|Gardevoir-Mega, F|242\/314
|move|p2a: Latios|Draco Meteor|p1a: Gardevoir
|-immune|p1a: Gardevoir|[msg]
|
|turn|4
|
|switch|p2a: Charizard|Charizard, M|359\/359
|switch|p1a: Kisame|Garchomp, F|377\/420
|
|turn|5
|
|move|p2a: Charizard|Will-O-Wisp|p1a: Kisame
|-status|p1a: Kisame|brn
|move|p1a: Kisame|Stealth Rock|p2a: Charizard
|-sidestart|p2: Maeckes|move: Stealth Rock
|
|-damage|p1a: Kisame|325\/420 brn|[from] brn
|turn|6
|
|switch|p1a: Gardevoir|Gardevoir-Mega, F|242\/314
|move|p2a: Charizard|Will-O-Wisp|p1a: Gardevoir
|-status|p1a: Gardevoir|brn
|
|-damage|p1a: Gardevoir|203\/314 brn|[from] brn
|turn|7
|
|move|p1a: Gardevoir|Psyshock|p2a: Charizard
|-damage|p2a: Charizard|143\/359
|move|p2a: Charizard|Roost|p2a: Charizard
|-heal|p2a: Charizard|323\/359
|
|-damage|p1a: Gardevoir|164\/314 brn|[from] brn
|turn|8
|
|switch|p2a: Ferrothorn|Ferrothorn, F|352\/352
|-damage|p2a: Ferrothorn|330\/352|[from] Stealth Rock
|move|p1a: Gardevoir|Taunt|p2a: Ferrothorn
|-start|p2a: Ferrothorn|move: Taunt
|
|-heal|p2a: Ferrothorn|352\/352|[from] item: Leftovers
|-damage|p1a: Gardevoir|125\/314 brn|[from] brn
|turn|9
|
|switch|p1a: Kisame|Garchomp, F|325\/420 brn
|move|p2a: Ferrothorn|Gyro Ball|p1a: Kisame
|-damage|p1a: Kisame|189\/420 brn
|-damage|p2a: Ferrothorn|308\/352|[from] ability: Rough Skin|[of] p1a: Kisame
|-damage|p2a: Ferrothorn|250\/352|[from] item: Rocky Helmet|[of] p1a: Kisame
|
|-heal|p2a: Ferrothorn|272\/352|[from] item: Leftovers
|-damage|p1a: Kisame|137\/420 brn|[from] brn
|turn|10
|
|switch|p1a: Azumarill|Azumarill, M|363\/363
|switch|p2a: Latios|Latios, M|301\/301
|-damage|p2a: Latios|264\/301|[from] Stealth Rock
|
|turn|11
|
|move|p2a: Latios|Psyshock|p1a: Azumarill
|-damage|p1a: Azumarill|143\/363
|-damage|p2a: Latios|234\/301|[from] item: Life Orb
|move|p1a: Azumarill|Superpower|p2a: Latios
|-crit|p2a: Latios
|-resisted|p2a: Latios
|-damage|p2a: Latios|0 fnt
|-unboost|p1a: Azumarill|atk|1
|-unboost|p1a: Azumarill|def|1
|faint|p2a: Latios
|
|c|★Maeckes|lol
|
|switch|p2a: Charizard|Charizard, M|323\/359
|-damage|p2a: Charizard|144\/359|[from] Stealth Rock
|turn|12
|
|switch|p1a: Gardevoir|Gardevoir-Mega, F|125\/314 brn
|detailschange|p2a: Charizard|Charizard-Mega-X, M
|-mega|p2a: Charizard|Charizard|Charizardite X
|move|p2a: Charizard|Roost|p2a: Charizard
|-heal|p2a: Charizard|324\/359
|
|-damage|p1a: Gardevoir|86\/314 brn|[from] brn
|turn|13
|
|move|p1a: Gardevoir|Hyper Voice|p2a: Charizard
|-damage|p2a: Charizard|63\/359
|move|p2a: Charizard|Earthquake|p1a: Gardevoir
|-damage|p1a: Gardevoir|0 fnt
|faint|p1a: Gardevoir
|
|
|switch|p1a: Latias|Latias, F|319\/319
|turn|14
|
|move|p1a: Latias|Psyshock|p2a: Charizard
|-damage|p2a: Charizard|0 fnt
|-damage|p1a: Latias|288\/319|[from] item: Life Orb
|faint|p2a: Charizard
|
|
|switch|p2a: Tornadus-Therian|Tornadus-Therian, M|156\/348
|-damage|p2a: Tornadus-Therian|69\/348|[from] Stealth Rock
|turn|15
|
|switch|p1a: Kisame|Garchomp, F|137\/420 brn
|move|p2a: Tornadus-Therian|Air Slash|p1a: Kisame
|-damage|p1a: Kisame|1\/420 brn
|
|-damage|p1a: Kisame|0 fnt|[from] brn
|faint|p1a: Kisame
|
|switch|p1a: Azumarill|Azumarill, M|143\/363
|turn|16
|
|switch|p2a: Slowbro|Slowbro, F|394\/394
|-damage|p2a: Slowbro|345\/394|[from] Stealth Rock
|move|p1a: Azumarill|Superpower|p2a: Slowbro
|-resisted|p2a: Slowbro
|-damage|p2a: Slowbro|251\/394
|-unboost|p1a: Azumarill|atk|1
|-unboost|p1a: Azumarill|def|1
|
|-heal|p2a: Slowbro|275\/394|[from] item: Leftovers
|turn|17
|
|switch|p1a: Celebi|Celebi|403\/403
|switch|p2a: Tornadus-Therian|Tornadus-Therian, M|185\/348
|-damage|p2a: Tornadus-Therian|98\/348|[from] Stealth Rock
|
|turn|18
|
|move|p2a: Tornadus-Therian|Air Slash|p1a: Celebi
|-supereffective|p1a: Celebi
|-damage|p1a: Celebi|235\/403
|cant|p1a: Celebi|flinch
|
|-heal|p1a: Celebi|260\/403|[from] item: Leftovers
|turn|19
|
|move|p2a: Tornadus-Therian|U-turn|p1a: Celebi
|-supereffective|p1a: Celebi
|-damage|p1a: Celebi|72\/403
|
|switch|p2a: Ferrothorn|Ferrothorn, F|272\/352
|-damage|p2a: Ferrothorn|250\/352|[from] Stealth Rock
|move|p1a: Celebi|Thunder Wave|p2a: Ferrothorn
|-status|p2a: Ferrothorn|par
|
|-heal|p1a: Celebi|97\/403|[from] item: Leftovers
|-heal|p2a: Ferrothorn|272\/352 par|[from] item: Leftovers
|turn|20
|
|switch|p1a: Bisharp|Bisharp, F|272\/272
|cant|p2a: Ferrothorn|par
|
|-heal|p2a: Ferrothorn|294\/352 par|[from] item: Leftovers
|turn|21
|
|switch|p2a: Terrakion|Terrakion|323\/323
|-damage|p2a: Terrakion|303\/323|[from] Stealth Rock
|move|p1a: Bisharp|Swords Dance|p1a: Bisharp
|-boost|p1a: Bisharp|atk|2
|
|turn|22
|
|switch|p1a: Latias|Latias, F|288\/319
|move|p2a: Terrakion|Close Combat|p1a: Latias
|-crit|p1a: Latias
|-resisted|p1a: Latias
|-damage|p1a: Latias|43\/319
|-unboost|p2a: Terrakion|def|1
|-unboost|p2a: Terrakion|spd|1
|
|turn|23
|
|switch|p2a: Ferrothorn|Ferrothorn, F|294\/352 par
|-damage|p2a: Ferrothorn|272\/352 par|[from] Stealth Rock
|move|p1a: Latias|Draco Meteor|p2a: Ferrothorn
|-resisted|p2a: Ferrothorn
|-damage|p2a: Ferrothorn|155\/352 par
|-unboost|p1a: Latias|spa|2
|-damage|p1a: Latias|12\/319|[from] item: Life Orb
|
|-heal|p2a: Ferrothorn|177\/352 par|[from] item: Leftovers
|turn|24
|
|move|p1a: Latias|Healing Wish|p1a: Latias
|faint|p1a: Latias
|move|p2a: Ferrothorn|Stealth Rock|p1: Latias
|-sidestart|p1: subzeromkx|move: Stealth Rock
|
|-heal|p2a: Ferrothorn|199\/352 par|[from] item: Leftovers
|
|switch|p1a: Azumarill|Azumarill, M|143\/363
|-heal|p1a: Azumarill|363\/363|[from] move: Healing Wish
|-damage|p1a: Azumarill|318\/363|[from] Stealth Rock
|turn|25
|
|move|p1a: Azumarill|Superpower|p2a: Ferrothorn
|-supereffective|p2a: Ferrothorn
|-damage|p2a: Ferrothorn|0 fnt
|-damage|p1a: Azumarill|273\/363|[from] ability: Iron Barbs|[of] p2a: Ferrothorn
|-unboost|p1a: Azumarill|atk|1
|-unboost|p1a: Azumarill|def|1
|faint|p2a: Ferrothorn
|
|
|switch|p2a: Slowbro|Slowbro, F|394\/394
|-damage|p2a: Slowbro|345\/394|[from] Stealth Rock
|turn|26
|
|switch|p1a: Celebi|Celebi|97\/403
|-damage|p1a: Celebi|47\/403|[from] Stealth Rock
|switch|p2a: Tornadus-Therian|Tornadus-Therian, M|214\/348
|-damage|p2a: Tornadus-Therian|127\/348|[from] Stealth Rock
|
|-heal|p1a: Celebi|72\/403|[from] item: Leftovers
|turn|27
|
|move|p2a: Tornadus-Therian|Knock Off|p1a: Celebi
|-supereffective|p1a: Celebi
|-damage|p1a: Celebi|0 fnt
|-enditem|p1a: Celebi|Leftovers|[from] move: Knock Off|[of] p2a: Tornadus-Therian
|faint|p1a: Celebi
|
|
|switch|p1a: Azumarill|Azumarill, M|273\/363
|-damage|p1a: Azumarill|228\/363|[from] Stealth Rock
|turn|28
|
|move|p2a: Tornadus-Therian|Knock Off|p1a: Azumarill
|-resisted|p1a: Azumarill
|-damage|p1a: Azumarill|180\/363
|-enditem|p1a: Azumarill|Choice Band|[from] move: Knock Off|[of] p2a: Tornadus-Therian
|move|p1a: Azumarill|Play Rough|p2a: Tornadus-Therian
|-damage|p2a: Tornadus-Therian|0 fnt
|faint|p2a: Tornadus-Therian
|
|
|switch|p2a: Slowbro|Slowbro, F|394\/394
|-damage|p2a: Slowbro|345\/394|[from] Stealth Rock
|turn|29
|
|switch|p1a: Bisharp|Bisharp, F|272\/272
|-damage|p1a: Bisharp|255\/272|[from] Stealth Rock
|move|p2a: Slowbro|Thunder Wave|p1a: Bisharp
|-status|p1a: Bisharp|par
|
|-heal|p2a: Slowbro|369\/394|[from] item: Leftovers
|turn|30
|
|switch|p2a: Terrakion|Terrakion|303\/323
|-damage|p2a: Terrakion|283\/323|[from] Stealth Rock
|move|p1a: Bisharp|Sucker Punch|p2a: Terrakion
|-fail|p2a: Terrakion
|
|turn|31
|
|move|p2a: Terrakion|Close Combat|p1a: Bisharp
|-supereffective|p1a: Bisharp
|-damage|p1a: Bisharp|0 fnt
|-unboost|p2a: Terrakion|def|1
|-unboost|p2a: Terrakion|spd|1
|faint|p1a: Bisharp
|
|
|switch|p1a: Azumarill|Azumarill, M|180\/363
|-damage|p1a: Azumarill|135\/363|[from] Stealth Rock
|turn|32
|
|move|p2a: Terrakion|Close Combat|p1a: Azumarill
|-resisted|p1a: Azumarill
|-damage|p1a: Azumarill|0 fnt
|-unboost|p2a: Terrakion|def|1
|-unboost|p2a: Terrakion|spd|1
|faint|p1a: Azumarill
|
|win|Maeckes
|raw|Ladder updating...
|raw|subzeromkx's rating: 1755 &rarr; <strong>1724<\/strong><br \/>(-31 for losing)
|raw|Maeckes's rating: 1532 &rarr; <strong>1564<\/strong><br \/>(+32 for winning)
|leave|subzeromkx
|player|p1