|join|Here to Stay
|join|raindancer1
|player|p1|Here to Stay|2
|player|p2|raindancer1|169
|gametype|singles
|gen|6
|tier|OU
|rated
|clearpoke
|poke|p1|Metagross
|poke|p1|Landorus, M
|poke|p1|Bisharp, M
|poke|p1|Talonflame, F
|poke|p1|Latios, M
|poke|p1|Greninja, M
|poke|p2|Weavile, M
|poke|p2|Thundurus, M
|poke|p2|Breloom, M
|poke|p2|Excadrill, F
|poke|p2|Kyurem-Black
|poke|p2|Metagross
|rule|Swagger Clause: Swagger is banned
|rule|Baton Pass Clause: Limit one Pokémon knowing Baton Pass
|rule|Sleep Clause Mod: Limit one foe put to sleep
|rule|Species Clause: Limit one of each Pokémon
|rule|OHKO Clause: OHKO moves are banned
|rule|Moody Clause: Moody is banned
|rule|Evasion Moves Clause: Evasion moves are banned
|rule|Endless Battle Clause: Forcing endless battles is banned
|rule|HP Percentage Mod: HP is shown in percentages
|teampreview
|
|start
|switch|p1a: Talonflame|Talonflame, F|297\/297
|switch|p2a: Weavile|Weavile, M|250\/250
|turn|1
|join|Luis coco
|
|move|p1a: Talonflame|U-turn|p2a: Weavile
|-supereffective|p2a: Weavile
|-enditem|p2a: Weavile|Focus Sash
|-damage|p2a: Weavile|1\/250
|-item|p2a: Weavile|Choice Band|[from] ability: Pickpocket
|c|★Here to Stay|lol damn
|
|switch|p1a: Bisharp|Bisharp, M|271\/271
|move|p2a: Weavile|Beat Up|p1a: Bisharp
|-crit|p1a: Bisharp
|-resisted|p1a: Bisharp
|-damage|p1a: Bisharp|235\/271
|-resisted|p1a: Bisharp
|-damage|p1a: Bisharp|214\/271
|-resisted|p1a: Bisharp
|-damage|p1a: Bisharp|188\/271
|-resisted|p1a: Bisharp
|-damage|p1a: Bisharp|161\/271
|-resisted|p1a: Bisharp
|-damage|p1a: Bisharp|132\/271
|-resisted|p1a: Bisharp
|-damage|p1a: Bisharp|108\/271
|-hitcount|p1a: Bisharp|6
|
|turn|2
|c|★raindancer1|smart
|c|★raindancer1|should have done fake out earlier, got greedy
|c|★raindancer1|I mean lazy
|c|★Here to Stay|haha
|
|switch|p2a: Breloom|Breloom, M|262\/262
|move|p1a: Bisharp|Stealth Rock|p2a: Breloom
|-sidestart|p2: raindancer1|move: Stealth Rock
|
|turn|3
|
|switch|p1a: Talonflame|Talonflame, F|297\/297
|move|p2a: Breloom|Drain Punch|p1a: Talonflame
|-resisted|p1a: Talonflame
|-damage|p1a: Talonflame|208\/297
|
|turn|4
|
|move|p1a: Talonflame|U-turn|p2a: Breloom
|-damage|p2a: Breloom|185\/262
|
|switch|p1a: Bisharp|Bisharp, M|108\/271
|move|p2a: Breloom|Spore|p1a: Bisharp
|-status|p1a: Bisharp|slp
|
|turn|5
|
|cant|p1a: Bisharp|slp
|move|p2a: Breloom|Drain Punch|p1a: Bisharp
|-supereffective|p1a: Bisharp
|-damage|p1a: Bisharp|0 fnt
|-heal|p2a: Breloom|239\/262|[from] drain|[of] p1a: Bisharp
|faint|p1a: Bisharp
|
|c|★raindancer1|oh, you stayed in
|
|switch|p1a: Talonflame|Talonflame, F|208\/297
|turn|6
|c|★Here to Stay|gotta be careful
|c|★raindancer1|true dat
|
|switch|p2a: Weavile|Weavile, M|1\/250
|-damage|p2a: Weavile|0 fnt|[from] Stealth Rock
|faint|p2a: Weavile
|move|p1a: Talonflame|Flare Blitz|p2: Weavile|[notarget]
|-notarget
|
|c|★raindancer1|oh wow, I was going to do exadrill or meta
|c|★Here to Stay|haha :L
|
|switch|p2a: Kyurem-Black|Kyurem-Black|391\/391
|-damage|p2a: Kyurem-Black|294\/391|[from] Stealth Rock
|-ability|p2a: Kyurem-Black|Teravolt
|turn|7
|
|switch|p1a: Metagross|Metagross|301\/301
|move|p2a: Kyurem-Black|Ice Beam|p1a: Metagross
|-resisted|p1a: Metagross
|-damage|p1a: Metagross|232\/301
|
|turn|8
|
|switch|p2a: Excadrill|Excadrill, F|362\/362
|-damage|p2a: Excadrill|351\/362|[from] Stealth Rock
|-ability|p2a: Excadrill|Mold Breaker
|detailschange|p1a: Metagross|Metagross-Mega
|-mega|p1a: Metagross|Metagross|Metagrossite
|move|p1a: Metagross|Meteor Mash|p2a: Excadrill
|-crit|p2a: Excadrill
|-resisted|p2a: Excadrill
|-damage|p2a: Excadrill|87\/362
|
|turn|9
|c|★Here to Stay|sorry :L
|
|switch|p1a: Landorus|Landorus, M|319\/319
|move|p2a: Excadrill|Earthquake|p1a: Landorus
|-immune|p1a: Landorus|[msg]
|
|turn|10
|c|★raindancer1|did not matter too much
|c|★raindancer1|jeez
|c|★raindancer1|you predicted that
|c|★raindancer1|=P
|c|★Here to Stay|haha :L
|
|switch|p2a: Metagross|Metagross|302\/302
|-damage|p2a: Metagross|284\/302|[from] Stealth Rock
|move|p1a: Landorus|Knock Off|p2a: Metagross
|-supereffective|p2a: Metagross
|-damage|p2a: Metagross|154\/302
|-damage|p1a: Landorus|288\/319|[from] item: Life Orb
|
|turn|11
|c|★Here to Stay|guilty
|c|★raindancer1|darn
|
|switch|p2a: Thundurus|Thundurus, M|300\/300
|-damage|p2a: Thundurus|225\/300|[from] Stealth Rock
|move|p1a: Landorus|Earth Power|p2a: Thundurus
|-immune|p2a: Thundurus|[msg]
|
|turn|12
|
|switch|p1a: Metagross|Metagross-Mega|232\/301
|move|p2a: Thundurus|Thunderbolt|p1a: Metagross
|-damage|p1a: Metagross|49\/301
|-status|p1a: Metagross|par
|-damage|p2a: Thundurus|195\/300|[from] item: Life Orb
|
|turn|13
|c|★raindancer1|boom
|c|★Here to Stay|ooh
|c|★raindancer1|gotta make that risky play
|c|★Here to Stay|yeah
|c|★Here to Stay|defo
|
|move|p1a: Metagross|Bullet Punch|p2a: Thundurus
|-resisted|p2a: Thundurus
|-damage|p2a: Thundurus|131\/300
|move|p2a: Thundurus|Incinerate|p1a: Metagross
|-supereffective|p1a: Metagross
|-damage|p1a: Metagross|0 fnt
|-damage|p2a: Thundurus|101\/300|[from] item: Life Orb
|faint|p1a: Metagross
|
|c|★Here to Stay|0?0
|c| Luis coco|oO
|c| Luis coco|incinerate
|
|switch|p1a: Talonflame|Talonflame, F|208\/297
|turn|14
|
|move|p1a: Talonflame|Brave Bird|p2a: Thundurus
|-resisted|p2a: Thundurus
|-damage|p2a: Thundurus|2\/300
|-damage|p1a: Talonflame|175\/297|[from] recoil|[of] p2a: Thundurus
|move|p2a: Thundurus|Hidden Power|p1a: Talonflame
|-damage|p1a: Talonflame|42\/297
|-damage|p2a: Thundurus|0 fnt|[from] item: Life Orb
|faint|p2a: Thundurus
|
|c|★raindancer1|darn it
|c|★Here to Stay|nooo
|c|★Here to Stay|and lol
|c|★raindancer1|should hve done thunderbolt
|c|★Here to Stay|yeah :L
|c|★raindancer1|over predicted
|
|switch|p2a: Metagross|Metagross|154\/302
|-damage|p2a: Metagross|136\/302|[from] Stealth Rock
|turn|15
|
|switch|p1a: Landorus|Landorus, M|288\/319
|detailschange|p2a: Metagross|Metagross-Mega
|-mega|p2a: Metagross|Metagross|Metagrossite
|move|p2a: Metagross|Bullet Punch|p1a: Landorus
|-damage|p1a: Landorus|173\/319
|
|turn|16
|c|★raindancer1|I think I will be able to come back form this
|c|★raindancer1|scarfed kyurem
|c|★Here to Stay|me too
|c|★raindancer1|outrage
|c|★raindancer1|actually
|c|★raindancer1|....
|c|★raindancer1|scarfed latios
|c|★raindancer1|....
|
|move|p2a: Metagross|Stealth Rock|p1a: Landorus
|-sidestart|p1: Here to Stay|move: Stealth Rock
|move|p1a: Landorus|Earth Power|p2a: Metagross
|-supereffective|p2a: Metagross
|-damage|p2a: Metagross|0 fnt
|faint|p2a: Metagross
|
|c|★Here to Stay|...
|c|★Here to Stay|oh no...
|c|★Here to Stay|didnt see that comming
|c|★raindancer1|hmmmm
|c|★Here to Stay|yup
|c|★Here to Stay|switching meta was dumb for me
|c|★raindancer1|I thought you were going to do greninga
|c|★raindancer1|man
|c|★Here to Stay|mmm
|c|★raindancer1|if you have a scarfed latios.
|c|★raindancer1|...how would I handle that
|c|★Here to Stay|i dunno
|c|★raindancer1|sorry
|c|★raindancer1|just letting you know that I am thinking
|c|★Here to Stay|its cool haha
|c|★Here to Stay|i didnt mean to sound offended
|
|switch|p2a: Excadrill|Excadrill, F|87\/362
|-damage|p2a: Excadrill|76\/362|[from] Stealth Rock
|-ability|p2a: Excadrill|Mold Breaker
|turn|17
|c|★Here to Stay|im just gonna tell you its not scarfed haha
|c|★Here to Stay|and
|c|★Here to Stay|i meant to send that before you switched :L
|
|switch|p1a: Latios|Latios, M|301\/301
|-damage|p1a: Latios|264\/301|[from] Stealth Rock
|move|p2a: Excadrill|Rapid Spin|p1a: Latios
|-damage|p1a: Latios|229\/301
|-sideend|p2: raindancer1|Stealth Rock|[from] move: Rapid Spin|[of] p2a: Excadrill
|
|turn|18
|c|★raindancer1|oh it is cool
|c|★raindancer1|if it was , there would be nothing i could
|
|switch|p2a: Breloom|Breloom, M|239\/262
|move|p1a: Latios|Defog|p2a: Breloom
|-unboost|p2a: Breloom|evasion|1
|-sideend|p1: Here to Stay|Stealth Rock|[from] move: Defog|[of] p1a: Latios
|
|turn|19
|c|★raindancer1|nice
|
|move|p1a: Latios|Psyshock|p2a: Breloom
|-supereffective|p2a: Breloom
|-damage|p2a: Breloom|0 fnt
|-damage|p1a: Latios|199\/301|[from] item: Life Orb
|faint|p2a: Breloom
|
|c|★Here to Stay|dont think brave bird kills...
|
|switch|p2a: Kyurem-Black|Kyurem-Black|294\/391
|-ability|p2a: Kyurem-Black|Teravolt
|turn|20
|c|★Here to Stay|nope
|c|★Here to Stay|you win
|c|★Here to Stay|gg
|c|★raindancer1|gg man
|
|move|p2a: Kyurem-Black|Outrage|p1a: Latios
|-supereffective|p1a: Latios
|-damage|p1a: Latios|0 fnt
|faint|p1a: Latios
|
|c|★raindancer1|sorry man
|
|switch|p1a: Talonflame|Talonflame, F|42\/297
|turn|21
|c|★Here to Stay|haha you won fair and squrre
|c|★raindancer1|crit
|
|move|p1a: Talonflame|Brave Bird|p2a: Kyurem-Black
|-damage|p2a: Kyurem-Black|150\/391
|-damage|p1a: Talonflame|0 fnt|[from] recoil|[of] p2a: Kyurem-Black
|faint|p1a: Talonflame
|move|p2a: Kyurem-Black|Outrage|p1: Talonflame|[notarget]
|-notarget
|
|
|switch|p1a: Greninja|Greninja, M|285\/285
|turn|22
|c|★Here to Stay|gg
|
|switch|p2a: Excadrill|Excadrill, F|76\/362
|-ability|p2a: Excadrill|Mold Breaker
|move|p1a: Greninja|Dark Pulse|p2a: Excadrill
|-start|p1a: Greninja|typechange|Dark|[from] Protean
|-damage|p2a: Excadrill|0 fnt
|-damage|p1a: Greninja|257\/285|[from] item: Life Orb
|faint|p2a: Excadrill
|
|c|★Here to Stay|oh yeah already said lol
|
|switch|p2a: Kyurem-Black|Kyurem-Black|150\/391
|-ability|p2a: Kyurem-Black|Teravolt
|turn|23
|
|move|p2a: Kyurem-Black|Outrage|p1a: Greninja
|-damage|p1a: Greninja|0 fnt
|faint|p1a: Greninja
|
|c|★raindancer1|yeah it was really good!
|
|switch|p1a: Landorus|Landorus, M|173\/319
|turn|24
|
|move|p2a: Kyurem-Black|Outrage|p1a: Landorus
|-damage|p1a: Landorus|0 fnt
|faint|p1a: Landorus
|
|win|raindancer1
|raw|Ladder updating...
|c|★raindancer1|i had to play really risky to beat you
|raw|Here to Stay's rating: 1629 &rarr; <strong>1603<\/strong><br \/>(-26 for losing)
|raw|raindancer1's rating: 1514 &rarr; <strong>1541<\/strong><br \/>(+27 for winning)
|leave|Here to Stay