|join|Here to Stay
|join|bad n lucky
|player|p1|Here to Stay|148
|player|p2|bad n lucky|33
|gametype|singles
|gen|6
|tier|OU
|rated
|clearpoke
|poke|p1|Mew
|poke|p1|Lopunny, F
|poke|p1|Scizor, F
|poke|p1|Magnezone
|poke|p1|Gothitelle, M
|poke|p1|Garchomp, M
|poke|p2|Sableye, M
|poke|p2|Talonflame, F
|poke|p2|Celebi
|poke|p2|Heatran, F, shiny
|poke|p2|Latios, M
|poke|p2|Keldeo
|rule|Swagger Clause: Swagger is banned
|rule|Baton Pass Clause: Limit one Pokémon knowing Baton Pass
|rule|Sleep Clause Mod: Limit one foe put to sleep
|rule|Species Clause: Limit one of each Pokémon
|rule|OHKO Clause: OHKO moves are banned
|rule|Moody Clause: Moody is banned
|rule|Evasion Moves Clause: Evasion moves are banned
|rule|Endless Battle Clause: Forcing endless battles is banned
|rule|HP Percentage Mod: HP is shown in percentages
|teampreview
|
|start
|switch|p1a: Garchomp|Garchomp, M|357\/357
|switch|p2a: Sableye|Sableye, M|304\/304
|turn|1
|
|detailschange|p2a: Sableye|Sableye-Mega, M
|-mega|p2a: Sableye|Sableye|Sablenite
|move|p1a: Garchomp|Swords Dance|p1a: Garchomp
|-boost|p1a: Garchomp|atk|2
|move|p2a: Sableye|Foul Play|p1a: Garchomp
|-damage|p1a: Garchomp|18\/357
|-damage|p2a: Sableye|266\/304|[from] ability: Rough Skin|[of] p1a: Garchomp
|
|turn|2
|
|move|p1a: Garchomp|Dragon Claw|p2a: Sableye
|-damage|p2a: Sableye|101\/304
|move|p2a: Sableye|Knock Off|p1a: Garchomp
|-damage|p1a: Garchomp|0 fnt
|-damage|p2a: Sableye|63\/304|[from] ability: Rough Skin|[of] p1a: Garchomp
|-enditem|p1a: Garchomp|Lum Berry|[from] move: Knock Off|[of] p2a: Sableye
|faint|p1a: Garchomp
|
|
|switch|p1a: Magnezone|Magnezone|281\/281
|turn|3
|
|move|p1a: Magnezone|Volt Switch|p2a: Sableye
|-damage|p2a: Sableye|0 fnt
|faint|p2a: Sableye
|
|switch|p1a: Mew|Mew|404\/404
|
|
|switch|p2a: Talonflame|Talonflame, F|319\/319
|turn|4
|
|switch|p1a: Gothitelle|Gothitelle, M|281\/281
|move|p2a: Talonflame|Swords Dance|p2a: Talonflame
|-boost|p2a: Talonflame|atk|2
|
|turn|5
|
|move|p2a: Talonflame|Brave Bird|p1a: Gothitelle
|-damage|p1a: Gothitelle|0 fnt
|-damage|p2a: Talonflame|226\/319|[from] recoil|[of] p1a: Gothitelle
|faint|p1a: Gothitelle
|
|
|switch|p1a: Magnezone|Magnezone|281\/281
|turn|6
|
|move|p2a: Talonflame|Flare Blitz|p1a: Magnezone
|-supereffective|p1a: Magnezone
|-damage|p1a: Magnezone|0 fnt
|-damage|p2a: Talonflame|133\/319|[from] recoil|[of] p1a: Magnezone
|faint|p1a: Magnezone
|
|
|switch|p1a: Lopunny|Lopunny, F|271\/271
|turn|7
|
|switch|p2a: Celebi|Celebi|404\/404
|switch|p1a: Scizor|Scizor, F|281\/281
|
|turn|8
|
|switch|p1a: Mew|Mew|404\/404
|move|p2a: Celebi|Baton Pass|p2a: Celebi
|
|switch|p2a: Talonflame|Talonflame, F|133\/319
|
|turn|9
|
|move|p2a: Talonflame|Roost|p2a: Talonflame
|-heal|p2a: Talonflame|293\/319
|move|p1a: Mew|Swords Dance|p1a: Mew
|-boost|p1a: Mew|atk|2
|
|turn|10
|
|move|p2a: Talonflame|Swords Dance|p2a: Talonflame
|-boost|p2a: Talonflame|atk|2
|move|p1a: Mew|Baton Pass|p1a: Mew
|
|switch|p1a: Scizor|Scizor, F|281\/281
|
|turn|11
|
|move|p2a: Talonflame|Brave Bird|p1a: Scizor
|-damage|p1a: Scizor|0 fnt
|-damage|p2a: Talonflame|200\/319|[from] recoil|[of] p1a: Scizor
|faint|p1a: Scizor
|
|-message|Here to Stay forfeited.
|leave|Here to Stay
|
|win|bad n lucky
|raw|Ladder updating...
|player|p1