|join|Jefo
|join|Invok3r
|player|p1|Jefo|98
|player|p2|Invok3r|250
|gametype|singles
|gen|6
|tier|OU
|clearpoke
|poke|p1|Lopunny, M
|poke|p1|Heatran, F
|poke|p1|Ferrothorn, M
|poke|p1|Slowbro, F
|poke|p1|Gengar, F
|poke|p1|Raikou
|poke|p2|Garchomp, F, shiny
|poke|p2|Alakazam, F, shiny
|poke|p2|Scizor, F
|poke|p2|Keldeo
|poke|p2|Raikou, shiny
|poke|p2|Lopunny, F, shiny
|rule|Swagger Clause: Swagger is banned
|rule|Baton Pass Clause: Limit one Pokémon knowing Baton Pass
|rule|Sleep Clause Mod: Limit one foe put to sleep
|rule|Species Clause: Limit one of each Pokémon
|rule|OHKO Clause: OHKO moves are banned
|rule|Moody Clause: Moody is banned
|rule|Evasion Moves Clause: Evasion moves are banned
|rule|Endless Battle Clause: Forcing endless battles is banned
|rule|HP Percentage Mod: HP is shown in percentages
|teampreview
|
|start
|switch|p1a: Horny xD jaja|Ferrothorn, M|351\/351
|switch|p2a: Raikou|Raikou, shiny|328\/328
|-ability|p2a: Raikou|Pressure
|turn|1
|
|move|p2a: Raikou|Hidden Power|p1a: Horny xD jaja
|-crit|p1a: Horny xD jaja
|-supereffective|p1a: Horny xD jaja
|-damage|p1a: Horny xD jaja|0 fnt
|faint|p1a: Horny xD jaja
|
|
|switch|p1a: Blarhrhrhggr|Heatran, F|386\/386
|turn|2
|
|switch|p2a: Garchomp|Garchomp, F, shiny|357\/357
|move|p1a: Blarhrhrhggr|Stealth Rock|p2a: Garchomp
|-sidestart|p2: Invok3r|move: Stealth Rock
|
|turn|3
|
|switch|p1a: Slowkid|Slowbro, F|394\/394
|move|p2a: Garchomp|Stealth Rock|p1a: Slowkid
|-sidestart|p1: Jefo|move: Stealth Rock
|
|turn|4
|
|move|p2a: Garchomp|Swords Dance|p2a: Garchomp
|-boost|p2a: Garchomp|atk|2
|move|p1a: Slowkid|Toxic|p2a: Garchomp
|-status|p2a: Garchomp|tox
|
|-damage|p2a: Garchomp|335\/357 tox|[from] psn
|turn|5
|
|move|p2a: Garchomp|Dragon Claw|p1a: Slowkid
|-damage|p1a: Slowkid|190\/394
|move|p1a: Slowkid|Slack Off|p1a: Slowkid
|-heal|p1a: Slowkid|387\/394
|
|-heal|p1a: Slowkid|394\/394|[from] item: Leftovers
|-damage|p2a: Garchomp|291\/357 tox|[from] psn
|turn|6
|
|move|p2a: Garchomp|Swords Dance|p2a: Garchomp
|-boost|p2a: Garchomp|atk|2
|move|p1a: Slowkid|Scald|p2a: Garchomp
|-damage|p2a: Garchomp|185\/357 tox
|
|-damage|p2a: Garchomp|119\/357 tox|[from] psn
|turn|7
|
|move|p2a: Garchomp|Earthquake|p1a: Slowkid
|-damage|p1a: Slowkid|40\/394
|move|p1a: Slowkid|Slack Off|p1a: Slowkid
|-heal|p1a: Slowkid|237\/394
|
|-heal|p1a: Slowkid|261\/394|[from] item: Leftovers
|-damage|p2a: Garchomp|31\/357 tox|[from] psn
|turn|8
|
|switch|p1a: Blarhrhrhggr|Heatran, F|386\/386
|-damage|p1a: Blarhrhrhggr|338\/386|[from] Stealth Rock
|move|p2a: Garchomp|Dragon Claw|p1a: Blarhrhrhggr
|-crit|p1a: Blarhrhrhggr
|-resisted|p1a: Blarhrhrhggr
|-damage|p1a: Blarhrhrhggr|13\/386
|
|-heal|p1a: Blarhrhrhggr|37\/386|[from] item: Leftovers
|-damage|p2a: Garchomp|0 fnt|[from] psn
|faint|p2a: Garchomp
|
|switch|p2a: Lopunny|Lopunny, F, shiny|271\/271
|-damage|p2a: Lopunny|238\/271|[from] Stealth Rock
|turn|9
|
|switch|p1a: Slowkid|Slowbro, F|392\/394
|-damage|p1a: Slowkid|343\/394|[from] Stealth Rock
|detailschange|p2a: Lopunny|Lopunny-Mega, F, shiny
|-mega|p2a: Lopunny|Lopunny|Lopunnite
|move|p2a: Lopunny|Power-Up Punch|p1a: Slowkid
|-resisted|p1a: Slowkid
|-damage|p1a: Slowkid|316\/394
|-boost|p2a: Lopunny|atk|1
|
|-heal|p1a: Slowkid|340\/394|[from] item: Leftovers
|turn|10
|
|move|p2a: Lopunny|Return|p1a: Slowkid
|-damage|p1a: Slowkid|144\/394
|move|p1a: Slowkid|Psyshock|p2a: Lopunny
|-supereffective|p2a: Lopunny
|-damage|p2a: Lopunny|22\/271
|
|-heal|p1a: Slowkid|168\/394|[from] item: Leftovers
|turn|11
|
|switch|p1a: Blarhrhrhggr|Heatran, F|37\/386
|-damage|p1a: Blarhrhrhggr|0 fnt|[from] Stealth Rock
|faint|p1a: Blarhrhrhggr
|move|p2a: Lopunny|Return|p1: Blarhrhrhggr|[notarget]
|-notarget
|
|
|switch|p1a: Slowkid|Slowbro, F|299\/394
|-damage|p1a: Slowkid|250\/394|[from] Stealth Rock
|turn|12
|
|move|p2a: Lopunny|Return|p1a: Slowkid
|-damage|p1a: Slowkid|49\/394
|move|p1a: Slowkid|Slack Off|p1a: Slowkid
|-heal|p1a: Slowkid|246\/394
|
|-heal|p1a: Slowkid|270\/394|[from] item: Leftovers
|turn|13
|
|move|p2a: Lopunny|Encore|p1a: Slowkid
|-start|p1a: Slowkid|Encore
|move|p1a: Slowkid|Slack Off|p1a: Slowkid
|-heal|p1a: Slowkid|394\/394
|
|turn|14
|
|switch|p1a: Gngr|Gengar, F|261\/261
|-damage|p1a: Gngr|229\/261|[from] Stealth Rock
|move|p2a: Lopunny|Power-Up Punch|p1a: Gngr
|-resisted|p1a: Gngr
|-damage|p1a: Gngr|133\/261
|-boost|p2a: Lopunny|atk|1
|
|turn|15
|
|move|p2a: Lopunny|Return|p1a: Gngr
|-damage|p1a: Gngr|0 fnt
|faint|p1a: Gngr
|
|
|switch|p1a: Slowkid|Slowbro, F|394\/394
|-damage|p1a: Slowkid|345\/394|[from] Stealth Rock
|turn|16
|
|move|p2a: Lopunny|Return|p1a: Slowkid
|-damage|p1a: Slowkid|51\/394
|move|p1a: Slowkid|Psyshock|p2a: Lopunny
|-supereffective|p2a: Lopunny
|-damage|p2a: Lopunny|0 fnt
|faint|p2a: Lopunny
|
|-heal|p1a: Slowkid|75\/394|[from] item: Leftovers
|
|switch|p2a: Raikou|Raikou, shiny|328\/328
|-damage|p2a: Raikou|287\/328|[from] Stealth Rock
|-ability|p2a: Raikou|Pressure
|turn|17
|
|switch|p1a: join ctg|Raikou|321\/321
|-damage|p1a: join ctg|281\/321|[from] Stealth Rock
|-ability|p1a: join ctg|Pressure
|move|p2a: Raikou|Thunderbolt|p1a: join ctg
|-resisted|p1a: join ctg
|-damage|p1a: join ctg|170\/321
|
|turn|18
|
|move|p1a: join ctg|Thunderbolt|p2a: Raikou
|-resisted|p2a: Raikou
|-damage|p2a: Raikou|183\/328
|move|p2a: Raikou|Thunderbolt|p1a: join ctg
|-resisted|p1a: join ctg
|-damage|p1a: join ctg|52\/321
|
|turn|19
|
|move|p1a: join ctg|Thunderbolt|p2a: Raikou
|-resisted|p2a: Raikou
|-damage|p2a: Raikou|82\/328
|move|p2a: Raikou|Thunderbolt|p1a: join ctg
|-resisted|p1a: join ctg
|-damage|p1a: join ctg|0 fnt
|faint|p1a: join ctg
|
|
|switch|p1a: Epin Bun Bun|Lopunny, M|271\/271
|-damage|p1a: Epin Bun Bun|238\/271|[from] Stealth Rock
|turn|20
|
|detailschange|p1a: Epin Bun Bun|Lopunny-Mega, M
|-mega|p1a: Epin Bun Bun|Lopunny|Lopunnite
|move|p2a: Raikou|Thunderbolt|p1a: Epin Bun Bun
|-damage|p1a: Epin Bun Bun|0 fnt
|faint|p1a: Epin Bun Bun
|
|-message|Jefo forfeited.
|
|win|Invok3r
|leave|Jefo
|player|p1