|join|Invok3r
|join|Sam Brazer
|player|p1|Invok3r|266
|player|p2|Sam Brazer|187
|gametype|singles
|gen|6
|tier|OU
|rated
|clearpoke
|poke|p1|Garchomp, F, shiny
|poke|p1|Alakazam, M, shiny
|poke|p1|Scizor, F
|poke|p1|Keldeo
|poke|p1|Raikou, shiny
|poke|p1|Lopunny, F, shiny
|poke|p2|Starmie
|poke|p2|Bisharp, F
|poke|p2|Gliscor, F
|poke|p2|Ferrothorn, F
|poke|p2|Manectric, F
|poke|p2|Clefable, F
|rule|Swagger Clause: Swagger is banned
|rule|Baton Pass Clause: Limit one Pokémon knowing Baton Pass
|rule|Sleep Clause Mod: Limit one foe put to sleep
|rule|Species Clause: Limit one of each Pokémon
|rule|OHKO Clause: OHKO moves are banned
|rule|Moody Clause: Moody is banned
|rule|Evasion Moves Clause: Evasion moves are banned
|rule|Endless Battle Clause: Forcing endless battles is banned
|rule|HP Percentage Mod: HP is shown in percentages
|teampreview
|join|Dix pix
|
|start
|switch|p1a: Garchomp|Garchomp, F, shiny|357\/357
|switch|p2a: Manectric|Manectric, F|281\/281
|turn|1
|
|detailschange|p2a: Manectric|Manectric-Mega, F
|-mega|p2a: Manectric|Manectric|Manectite
|-ability|p2a: Manectric|Intimidate|[of] p1a: Garchomp
|-unboost|p1a: Garchomp|atk|1
|move|p2a: Manectric|Hidden Power|p1a: Garchomp
|-supereffective|p1a: Garchomp
|-damage|p1a: Garchomp|37\/357
|move|p1a: Garchomp|Earthquake|p2a: Manectric
|-supereffective|p2a: Manectric
|-damage|p2a: Manectric|17\/281
|
|turn|2
|
|switch|p1a: Raikou|Raikou, shiny|329\/329
|-ability|p1a: Raikou|Pressure
|move|p2a: Manectric|Hidden Power|p1a: Raikou
|-damage|p1a: Raikou|249\/329
|
|turn|3
|
|move|p2a: Manectric|Volt Switch|p1a: Raikou
|-resisted|p1a: Raikou
|-damage|p1a: Raikou|183\/329
|
|switch|p2a: Gliscor|Gliscor, F|353\/353
|move|p1a: Raikou|Volt Switch|p2a: Gliscor
|-immune|p2a: Gliscor|[msg]
|
|-status|p2a: Gliscor|tox|[from] item: Toxic Orb
|turn|4
|
|switch|p1a: Keldeo|Keldeo|323\/323
|switch|p2a: Ferrothorn|Ferrothorn, F|352\/352
|
|turn|5
|
|switch|p1a: Garchomp|Garchomp, F, shiny|37\/357
|switch|p2a: Starmie|Starmie|324\/324
|
|turn|6
|
|switch|p1a: Alakazam|Alakazam, M, shiny|251\/251
|move|p2a: Starmie|Scald|p1a: Alakazam
|-damage|p1a: Alakazam|157\/251
|
|turn|7
|
|switch|p2a: Ferrothorn|Ferrothorn, F|352\/352
|move|p1a: Alakazam|Focus Blast|p2a: Ferrothorn
|-crit|p2a: Ferrothorn
|-supereffective|p2a: Ferrothorn
|-damage|p2a: Ferrothorn|66\/352
|
|-heal|p2a: Ferrothorn|88\/352|[from] item: Leftovers
|turn|8
|c|★Sam Brazer|>crit
|c|★Sam Brazer|suck my asshole
|
|move|p1a: Alakazam|Focus Blast|p2a: Ferrothorn
|-supereffective|p2a: Ferrothorn
|-damage|p2a: Ferrothorn|0 fnt
|faint|p2a: Ferrothorn
|
|
|switch|p2a: Manectric|Manectric-Mega, F|17\/281
|-ability|p2a: Manectric|Intimidate|[of] p1a: Alakazam
|-unboost|p1a: Alakazam|atk|1
|turn|9
|
|move|p2a: Manectric|Thunderbolt|p1a: Alakazam
|-damage|p1a: Alakazam|0 fnt
|faint|p1a: Alakazam
|
|
|switch|p1a: Raikou|Raikou, shiny|183\/329
|-ability|p1a: Raikou|Pressure
|turn|10
|
|move|p2a: Manectric|Volt Switch|p1a: Raikou
|-crit|p1a: Raikou
|-resisted|p1a: Raikou
|-damage|p1a: Raikou|83\/329
|
|switch|p2a: Clefable|Clefable, F|394\/394
|move|p1a: Raikou|Volt Switch|p2a: Clefable
|-damage|p2a: Clefable|226\/394
|
|switch|p1a: Garchomp|Garchomp, F, shiny|37\/357
|
|-heal|p2a: Clefable|250\/394|[from] item: Leftovers
|turn|11
|
|move|p1a: Garchomp|Stealth Rock|p2a: Clefable
|-sidestart|p2: Sam Brazer|move: Stealth Rock
|move|p2a: Clefable|Moonblast|p1a: Garchomp
|-supereffective|p1a: Garchomp
|-damage|p1a: Garchomp|0 fnt
|faint|p1a: Garchomp
|
|-heal|p2a: Clefable|274\/394|[from] item: Leftovers
|
|switch|p1a: Scizor|Scizor, F|290\/290
|turn|12
|
|switch|p2a: Gliscor|Gliscor, F|353\/353 tox
|-damage|p2a: Gliscor|309\/353 tox|[from] Stealth Rock
|move|p1a: Scizor|Bullet Punch|p2a: Gliscor
|-damage|p2a: Gliscor|212\/353 tox
|-damage|p1a: Scizor|261\/290|[from] item: Life Orb
|
|-heal|p2a: Gliscor|256\/353 tox|[from] ability: Poison Heal
|turn|13
|
|switch|p1a: Keldeo|Keldeo|323\/323
|move|p2a: Gliscor|Earthquake|p1a: Keldeo
|-damage|p1a: Keldeo|208\/323
|
|-heal|p2a: Gliscor|300\/353 tox|[from] ability: Poison Heal
|turn|14
|
|switch|p1a: Raikou|Raikou, shiny|83\/329
|-ability|p1a: Raikou|Pressure
|switch|p2a: Starmie|Starmie|324\/324
|-damage|p2a: Starmie|284\/324|[from] Stealth Rock
|
|-heal|p2a: Starmie|304\/324|[from] item: Leftovers
|turn|15
|
|switch|p2a: Clefable|Clefable, F|274\/394
|switch|p1a: Keldeo|Keldeo|208\/323
|
|-heal|p2a: Clefable|298\/394|[from] item: Leftovers
|turn|16
|
|move|p1a: Keldeo|Hydro Pump|p2a: Clefable
|-damage|p2a: Clefable|31\/394
|move|p2a: Clefable|Moonblast|p1a: Keldeo
|-supereffective|p1a: Keldeo
|-damage|p1a: Keldeo|0 fnt
|faint|p1a: Keldeo
|
|-heal|p2a: Clefable|55\/394|[from] item: Leftovers
|
|switch|p1a: Lopunny|Lopunny, F, shiny|271\/271
|turn|17
|
|detailschange|p1a: Lopunny|Lopunny-Mega, F, shiny
|-mega|p1a: Lopunny|Lopunny|Lopunnite
|move|p1a: Lopunny|Return|p2a: Clefable
|-damage|p2a: Clefable|0 fnt
|faint|p2a: Clefable
|
|
|switch|p2a: Starmie|Starmie|304\/324
|-damage|p2a: Starmie|264\/324|[from] Stealth Rock
|turn|18
|
|move|p1a: Lopunny|Return|p2a: Starmie
|-crit|p2a: Starmie
|-damage|p2a: Starmie|0 fnt
|faint|p2a: Starmie
|
|
|switch|p2a: Gliscor|Gliscor, F|300\/353 tox
|-damage|p2a: Gliscor|256\/353 tox|[from] Stealth Rock
|turn|19
|
|move|p1a: Lopunny|Return|p2a: Gliscor
|-damage|p2a: Gliscor|121\/353 tox
|move|p2a: Gliscor|Toxic|p1a: Lopunny
|-status|p1a: Lopunny|tox
|
|-damage|p1a: Lopunny|255\/271 tox|[from] psn
|-heal|p2a: Gliscor|165\/353 tox|[from] ability: Poison Heal
|turn|20
|
|move|p1a: Lopunny|Encore|p2a: Gliscor
|-start|p2a: Gliscor|Encore
|move|p2a: Gliscor|Toxic|p1a: Lopunny
|-fail|p1a: Lopunny|tox
|
|-damage|p1a: Lopunny|223\/271 tox|[from] psn
|-heal|p2a: Gliscor|209\/353 tox|[from] ability: Poison Heal
|turn|21
|
|switch|p2a: Manectric|Manectric-Mega, F|17\/281
|-damage|p2a: Manectric|0 fnt|[from] Stealth Rock
|faint|p2a: Manectric
|move|p1a: Lopunny|Return|p2: Manectric|[notarget]
|-notarget
|
|-damage|p1a: Lopunny|175\/271 tox|[from] psn
|
|switch|p2a: Gliscor|Gliscor, F|209\/353 tox
|-damage|p2a: Gliscor|165\/353 tox|[from] Stealth Rock
|turn|22
|
|move|p1a: Lopunny|Return|p2a: Gliscor
|-crit|p2a: Gliscor
|-damage|p2a: Gliscor|0 fnt
|faint|p2a: Gliscor
|
|-damage|p1a: Lopunny|111\/271 tox|[from] psn
|c|★Sam Brazer|fuck off
|
|switch|p2a: Bisharp|Bisharp, F|272\/272
|-damage|p2a: Bisharp|255\/272|[from] Stealth Rock
|turn|23
|
|move|p1a: Lopunny|Power-Up Punch|p2a: Bisharp
|-supereffective|p2a: Bisharp
|-damage|p2a: Bisharp|0 fnt
|-boost|p1a: Lopunny|atk|1
|faint|p2a: Bisharp
|
|win|Invok3r
|raw|Ladder updating...
|raw|Invok3r's rating: 1684 &rarr; <strong>1699<\/strong><br \/>(+15 for winning)
|raw|Sam Brazer's rating: 1590 &rarr; <strong>1576<\/strong><br \/>(-14 for losing)
|leave|Sam Brazer
|leave|Dix pix