|join|Invok3r
|join|mudkip727
|player|p1|Invok3r|250
|player|p2|mudkip727|282
|gametype|singles
|gen|6
|tier|OU
|rated
|clearpoke
|poke|p1|Landorus, M
|poke|p1|Garchomp, F
|poke|p1|Scizor, M
|poke|p1|Latios, M
|poke|p1|Gengar, M
|poke|p1|Keldeo
|poke|p2|Politoed, F
|poke|p2|Latias, F
|poke|p2|Gothitelle, M
|poke|p2|Ferrothorn, M
|poke|p2|Keldeo
|poke|p2|Swampert, F
|rule|Swagger Clause: Swagger is banned
|rule|Baton Pass Clause: Limit one Pokémon knowing Baton Pass
|rule|Sleep Clause Mod: Limit one foe put to sleep
|rule|Species Clause: Limit one of each Pokémon
|rule|OHKO Clause: OHKO moves are banned
|rule|Moody Clause: Moody is banned
|rule|Evasion Moves Clause: Evasion moves are banned
|rule|Endless Battle Clause: Forcing endless battles is banned
|rule|HP Percentage Mod: HP is shown in percentages
|teampreview
|
|start
|switch|p1a: Garchomp|Garchomp, F|357\/357
|switch|p2a: Keldeo|Keldeo|323\/323
|turn|1
|
|move|p2a: Keldeo|Icy Wind|p1a: Garchomp
|-supereffective|p1a: Garchomp
|-enditem|p1a: Garchomp|Focus Sash
|-damage|p1a: Garchomp|1\/357
|-unboost|p1a: Garchomp|spe|1
|move|p1a: Garchomp|Stealth Rock|p2a: Keldeo
|-sidestart|p2: mudkip727|move: Stealth Rock
|
|turn|2
|
|move|p2a: Keldeo|Icy Wind|p1a: Garchomp
|-supereffective|p1a: Garchomp
|-damage|p1a: Garchomp|0 fnt
|faint|p1a: Garchomp
|
|
|switch|p1a: Scizor|Scizor, M|281\/281
|turn|3
|
|switch|p2a: Ferrothorn|Ferrothorn, M|352\/352
|-damage|p2a: Ferrothorn|330\/352|[from] Stealth Rock
|detailschange|p1a: Scizor|Scizor-Mega, M
|-mega|p1a: Scizor|Scizor|Scizorite
|move|p1a: Scizor|Swords Dance|p1a: Scizor
|-boost|p1a: Scizor|atk|2
|
|turn|4
|
|switch|p2a: Politoed|Politoed, F|384\/384
|-damage|p2a: Politoed|336\/384|[from] Stealth Rock
|-weather|RainDance
|move|p1a: Scizor|Superpower|p2a: Politoed
|-damage|p2a: Politoed|0 fnt
|-unboost|p1a: Scizor|atk|1
|-unboost|p1a: Scizor|def|1
|faint|p2a: Politoed
|
|-weather|RainDance|[upkeep]
|
|switch|p2a: Swampert|Swampert, F|342\/342
|-damage|p2a: Swampert|321\/342|[from] Stealth Rock
|turn|5
|
|detailschange|p2a: Swampert|Swampert-Mega, F
|-mega|p2a: Swampert|Swampert|Swampertite
|move|p1a: Scizor|Bug Bite|p2a: Swampert
|-damage|p2a: Swampert|60\/342
|move|p2a: Swampert|Aqua Tail|p1a: Scizor
|-damage|p1a: Scizor|0 fnt
|faint|p1a: Scizor
|
|-weather|RainDance|[upkeep]
|
|switch|p1a: Keldeo|Keldeo|323\/323
|turn|6
|
|switch|p2a: Latias|Latias, F|319\/319
|-damage|p2a: Latias|280\/319|[from] Stealth Rock
|move|p1a: Keldeo|Scald|p2a: Latias
|-resisted|p2a: Latias
|-damage|p2a: Latias|193\/319
|
|-weather|RainDance|[upkeep]
|turn|7
|
|move|p1a: Keldeo|Scald|p2a: Latias
|-crit|p2a: Latias
|-resisted|p2a: Latias
|-damage|p2a: Latias|64\/319
|move|p2a: Latias|Healing Wish|p2a: Latias
|faint|p2a: Latias
|
|-weather|RainDance|[upkeep]
|
|switch|p2a: Swampert|Swampert-Mega, F|60\/342
|-heal|p2a: Swampert|342\/342|[from] move: Healing Wish
|-damage|p2a: Swampert|321\/342|[from] Stealth Rock
|turn|8
|
|move|p1a: Keldeo|Scald|p2a: Swampert
|-damage|p2a: Swampert|116\/342
|move|p2a: Swampert|Earthquake|p1a: Keldeo
|-damage|p1a: Keldeo|97\/323
|
|-weather|RainDance|[upkeep]
|turn|9
|
|switch|p2a: Ferrothorn|Ferrothorn, M|330\/352
|-damage|p2a: Ferrothorn|308\/352|[from] Stealth Rock
|move|p1a: Keldeo|Scald|p2a: Ferrothorn
|-crit|p2a: Ferrothorn
|-resisted|p2a: Ferrothorn
|-damage|p2a: Ferrothorn|189\/352
|
|-weather|RainDance|[upkeep]
|turn|10
|
|move|p1a: Keldeo|Scald|p2a: Ferrothorn
|-resisted|p2a: Ferrothorn
|-damage|p2a: Ferrothorn|110\/352
|move|p2a: Ferrothorn|Power Whip|p1a: Keldeo
|-supereffective|p1a: Keldeo
|-damage|p1a: Keldeo|0 fnt
|faint|p1a: Keldeo
|
|-weather|RainDance|[upkeep]
|
|switch|p1a: Landorus|Landorus, M|319\/319
|turn|11
|
|move|p1a: Landorus|Earth Power|p2a: Ferrothorn
|-damage|p2a: Ferrothorn|0 fnt
|faint|p2a: Ferrothorn
|
|-weather|none
|
|switch|p2a: Keldeo|Keldeo|323\/323
|-damage|p2a: Keldeo|303\/323|[from] Stealth Rock
|turn|12
|
|move|p2a: Keldeo|Icy Wind|p1a: Landorus
|-supereffective|p1a: Landorus
|-damage|p1a: Landorus|0 fnt
|faint|p1a: Landorus
|
|
|switch|p1a: Latios|Latios, M|301\/301
|turn|13
|
|switch|p2a: Gothitelle|Gothitelle, M|281\/281
|-damage|p2a: Gothitelle|246\/281|[from] Stealth Rock
|move|p1a: Latios|Psyshock|p2a: Gothitelle
|-resisted|p2a: Gothitelle
|-damage|p2a: Gothitelle|154\/281
|-damage|p1a: Latios|271\/301|[from] item: Life Orb
|
|turn|14
|
|move|p1a: Latios|Draco Meteor|p2a: Gothitelle
|-damage|p2a: Gothitelle|0 fnt
|-unboost|p1a: Latios|spa|2
|-damage|p1a: Latios|241\/301|[from] item: Life Orb
|faint|p2a: Gothitelle
|
|
|switch|p2a: Swampert|Swampert-Mega, F|116\/342
|-damage|p2a: Swampert|95\/342|[from] Stealth Rock
|turn|15
|-message|mudkip727 lost due to inactivity.
|
|win|Invok3r
|raw|Ladder updating...
|raw|Invok3r's rating: 1673 &rarr; <strong>1681<\/strong><br \/>(+8 for winning)
|raw|mudkip727's rating: 1447 &rarr; <strong>1438<\/strong><br \/>(-9 for losing)
|leave|Invok3r
|player|p1
|join|Invok3r