|join|Invok3r
|join|Pwocy
|player|p1|Invok3r|250
|player|p2|Pwocy|287
|gametype|singles
|gen|6
|tier|OU
|rated
|clearpoke
|poke|p1|Landorus, M
|poke|p1|Garchomp, F
|poke|p1|Gardevoir, F
|poke|p1|Scizor, F
|poke|p1|Latios, M
|poke|p1|Gengar, F
|poke|p2|Lopunny, M
|poke|p2|Magnezone
|poke|p2|Garchomp, F
|poke|p2|Azumarill, M
|poke|p2|Rotom-Wash
|poke|p2|Clefable, F
|rule|Swagger Clause: Swagger is banned
|rule|Baton Pass Clause: Limit one Pokémon knowing Baton Pass
|rule|Sleep Clause Mod: Limit one foe put to sleep
|rule|Species Clause: Limit one of each Pokémon
|rule|OHKO Clause: OHKO moves are banned
|rule|Moody Clause: Moody is banned
|rule|Evasion Moves Clause: Evasion moves are banned
|rule|Endless Battle Clause: Forcing endless battles is banned
|rule|HP Percentage Mod: HP is shown in percentages
|teampreview
|
|start
|switch|p1a: Garchomp|Garchomp, F|357\/357
|switch|p2a: Lopunny|Lopunny, M|271\/271
|turn|1
|
|switch|p1a: Scizor|Scizor, F|343\/343
|detailschange|p2a: Lopunny|Lopunny-Mega, M
|-mega|p2a: Lopunny|Lopunny|Lopunnite
|move|p2a: Lopunny|Fake Out|p1a: Scizor
|-resisted|p1a: Scizor
|-damage|p1a: Scizor|305\/343
|
|turn|2
|
|switch|p2a: Clefable|Clefable, F|394\/394
|move|p1a: Scizor|Superpower|p2a: Clefable
|-resisted|p2a: Clefable
|-damage|p2a: Clefable|275\/394
|-unboost|p1a: Scizor|atk|1
|-unboost|p1a: Scizor|def|1
|
|-heal|p2a: Clefable|299\/394|[from] item: Leftovers
|turn|3
|
|switch|p1a: Garchomp|Garchomp, F|357\/357
|move|p2a: Clefable|Stealth Rock|p1a: Garchomp
|-sidestart|p1: Invok3r|move: Stealth Rock
|
|-heal|p2a: Clefable|323\/394|[from] item: Leftovers
|turn|4
|
|move|p1a: Garchomp|Stealth Rock|p2a: Clefable
|-sidestart|p2: Pwocy|move: Stealth Rock
|move|p2a: Clefable|Moonblast|p1a: Garchomp
|-supereffective|p1a: Garchomp
|-damage|p1a: Garchomp|115\/357
|
|-heal|p2a: Clefable|347\/394|[from] item: Leftovers
|turn|5
|
|move|p1a: Garchomp|Earthquake|p2a: Clefable
|-damage|p2a: Clefable|164\/394
|move|p2a: Clefable|Moonblast|p1a: Garchomp
|-supereffective|p1a: Garchomp
|-damage|p1a: Garchomp|0 fnt
|faint|p1a: Garchomp
|
|-heal|p2a: Clefable|188\/394|[from] item: Leftovers
|
|switch|p1a: Gardevoir|Gardevoir, F|289\/289
|-damage|p1a: Gardevoir|253\/289|[from] Stealth Rock
|-ability|p1a: Gardevoir|Magic Guard|[from] ability: Trace|[of] p2a: Clefable
|turn|6
|
|switch|p2a: Magnezone|Magnezone|299\/299
|-damage|p2a: Magnezone|281\/299|[from] Stealth Rock
|detailschange|p1a: Gardevoir|Gardevoir-Mega, F
|-mega|p1a: Gardevoir|Gardevoir|Gardevoirite
|move|p1a: Gardevoir|Hyper Voice|p2a: Magnezone
|-resisted|p2a: Magnezone
|-damage|p2a: Magnezone|141\/299
|
|turn|7
|
|switch|p1a: Latios|Latios, M|301\/301
|-damage|p1a: Latios|264\/301|[from] Stealth Rock
|switch|p2a: Azumarill|Azumarill, M|349\/349
|-damage|p2a: Azumarill|306\/349|[from] Stealth Rock
|
|turn|8
|
|switch|p1a: Scizor|Scizor, F|305\/343
|-damage|p1a: Scizor|263\/343|[from] Stealth Rock
|move|p2a: Azumarill|Play Rough|p1a: Scizor|[miss]
|-miss|p2a: Azumarill|p1a: Scizor
|
|turn|9
|
|move|p1a: Scizor|U-turn|p2a: Azumarill
|-resisted|p2a: Azumarill
|-damage|p2a: Azumarill|192\/349
|
|switch|p1a: Latios|Latios, M|264\/301
|-damage|p1a: Latios|227\/301|[from] Stealth Rock
|move|p2a: Azumarill|Play Rough|p1a: Latios
|-supereffective|p1a: Latios
|-damage|p1a: Latios|0 fnt
|faint|p1a: Latios
|
|
|switch|p1a: Gengar|Gengar, F|261\/261
|-damage|p1a: Gengar|229\/261|[from] Stealth Rock
|turn|10
|
|switch|p2a: Clefable|Clefable, F|188\/394
|move|p1a: Gengar|Sludge Wave|p2a: Clefable
|-supereffective|p2a: Clefable
|-damage|p2a: Clefable|0 fnt
|-damage|p1a: Gengar|203\/261|[from] item: Life Orb
|faint|p2a: Clefable
|
|
|switch|p2a: Lopunny|Lopunny-Mega, M|271\/271
|-damage|p2a: Lopunny|255\/271|[from] Stealth Rock
|turn|11
|
|move|p2a: Lopunny|Return|p1a: Gengar
|-damage|p1a: Gengar|0 fnt
|faint|p1a: Gengar
|
|
|switch|p1a: Landorus|Landorus, M|319\/319
|-damage|p1a: Landorus|280\/319|[from] Stealth Rock
|turn|12
|
|switch|p2a: Rotom-Wash|Rotom-Wash|304\/304
|-damage|p2a: Rotom-Wash|266\/304|[from] Stealth Rock
|move|p1a: Landorus|Psychic|p2a: Rotom-Wash
|-damage|p2a: Rotom-Wash|114\/304
|
|-heal|p2a: Rotom-Wash|133\/304|[from] item: Leftovers
|turn|13
|
|move|p1a: Landorus|Psychic|p2a: Rotom-Wash
|-damage|p2a: Rotom-Wash|0 fnt
|faint|p2a: Rotom-Wash
|
|
|switch|p2a: Azumarill|Azumarill, M|192\/349
|-damage|p2a: Azumarill|149\/349|[from] Stealth Rock
|turn|14
|
|switch|p1a: Gardevoir|Gardevoir-Mega, F|253\/289
|-damage|p1a: Gardevoir|217\/289|[from] Stealth Rock
|move|p2a: Azumarill|Aqua Jet|p1a: Gardevoir
|-damage|p1a: Gardevoir|36\/289
|
|turn|15
|-message|Invok3r forfeited.
|
|win|Pwocy
|raw|Ladder updating...
|leave|Invok3r
|player|p1
|raw|Invok3r's rating: 1699 &rarr; <strong>1673<\/strong><br \/>(-26 for losing)
|raw|Pwocy's rating: 1587 &rarr; <strong>1614<\/strong><br \/>(+27 for winning)