|join|bewww
|join|Off The Map
|player|p1|bewww|266
|player|p2|Off The Map|169
|gametype|singles
|gen|6
|tier|OU
|rated
|clearpoke
|poke|p1|Metagross
|poke|p1|Latios, M
|poke|p1|Azumarill, F
|poke|p1|Mamoswine, F
|poke|p1|Heracross, M
|poke|p1|Darmanitan, F
|poke|p2|Latios, M
|poke|p2|Magnezone, shiny
|poke|p2|Landorus-Therian, M
|poke|p2|Gardevoir, M, shiny
|poke|p2|Keldeo-Resolute
|poke|p2|Kyurem-Black, shiny
|rule|Swagger Clause: Swagger is banned
|rule|Baton Pass Clause: Limit one Pokémon knowing Baton Pass
|rule|Sleep Clause Mod: Limit one foe put to sleep
|rule|Species Clause: Limit one of each Pokémon
|rule|OHKO Clause: OHKO moves are banned
|rule|Moody Clause: Moody is banned
|rule|Evasion Moves Clause: Evasion moves are banned
|rule|Endless Battle Clause: Forcing endless battles is banned
|rule|HP Percentage Mod: HP is shown in percentages
|teampreview
|
|start
|switch|p1a: Azumarill|Azumarill, F|404\/404
|switch|p2a: Justice!!|Keldeo-Resolute|323\/323
|turn|1
|
|switch|p2a: Gravity Guy|Landorus-Therian, M|371\/371
|-ability|p2a: Gravity Guy|Intimidate|[of] p1a: Azumarill
|-unboost|p1a: Azumarill|atk|1
|move|p1a: Azumarill|Play Rough|p2a: Gravity Guy
|-damage|p2a: Gravity Guy|256\/371
|
|-heal|p2a: Gravity Guy|279\/371|[from] item: Leftovers
|turn|2
|
|move|p2a: Gravity Guy|U-turn|p1a: Azumarill
|-resisted|p1a: Azumarill
|-damage|p1a: Azumarill|362\/404
|
|switch|p2a: Kyurem-Niggar|Kyurem-Black, shiny|391\/391
|-ability|p2a: Kyurem-Niggar|Teravolt
|move|p1a: Azumarill|Waterfall|p2a: Kyurem-Niggar
|-resisted|p2a: Kyurem-Niggar
|-damage|p2a: Kyurem-Niggar|336\/391
|
|turn|3
|
|move|p2a: Kyurem-Niggar|Fusion Bolt|p1a: Azumarill
|-supereffective|p1a: Azumarill
|-damage|p1a: Azumarill|0 fnt
|faint|p1a: Azumarill
|
|
|switch|p1a: Metagross|Metagross|364\/364
|turn|4
|
|switch|p2a: Gravity Guy|Landorus-Therian, M|279\/371
|-ability|p2a: Gravity Guy|Intimidate|[of] p1a: Metagross
|-fail|p1a: Metagross|unboost|[from] ability: Clear Body|[of] p1a: Metagross
|move|p1a: Metagross|Meteor Mash|p2a: Gravity Guy
|-damage|p2a: Gravity Guy|50\/371
|-boost|p1a: Metagross|atk|1
|
|-heal|p2a: Gravity Guy|73\/371|[from] item: Leftovers
|turn|5
|
|switch|p1a: Latios|Latios, M|302\/302
|move|p2a: Gravity Guy|Earthquake|p1a: Latios
|-immune|p1a: Latios|[msg]
|
|-heal|p2a: Gravity Guy|96\/371|[from] item: Leftovers
|turn|6
|
|switch|p2a: Black Veil Bride|Gardevoir, M, shiny|277\/277
|-ability|p2a: Black Veil Bride|Levitate|[from] ability: Trace|[of] p1a: Latios
|move|p1a: Latios|Psyshock|p2a: Black Veil Bride
|-resisted|p2a: Black Veil Bride
|-damage|p2a: Black Veil Bride|156\/277
|-damage|p1a: Latios|272\/302|[from] item: Life Orb
|
|turn|7
|
|switch|p1a: Darmanitan|Darmanitan, F|351\/351
|detailschange|p2a: Black Veil Bride|Gardevoir-Mega, M, shiny
|message|Gardevoir has Mega Evolved into Mega Gardevoir!
|move|p2a: Black Veil Bride|Hyper Voice|p1a: Darmanitan
|-resisted|p1a: Darmanitan
|-damage|p1a: Darmanitan|143\/351
|
|turn|8
|
|switch|p2a: Justice!!|Keldeo-Resolute|323\/323
|move|p1a: Darmanitan|Flare Blitz|p2a: Justice!!
|-resisted|p2a: Justice!!
|-damage|p2a: Justice!!|153\/323
|-damage|p1a: Darmanitan|87\/351|[from] recoil|[of] p2a: Justice!!
|
|turn|9
|
|move|p1a: Darmanitan|Flare Blitz|p2a: Justice!!
|-resisted|p2a: Justice!!
|-damage|p2a: Justice!!|0 fnt
|-damage|p1a: Darmanitan|37\/351|[from] recoil|[of] p2a: Justice!!
|faint|p2a: Justice!!
|
|
|switch|p2a: Jotaro|Latios, M|301\/301
|turn|10
|
|move|p1a: Darmanitan|Flare Blitz|p2a: Jotaro
|-resisted|p2a: Jotaro
|-damage|p2a: Jotaro|103\/301
|-damage|p1a: Darmanitan|0 fnt|[from] recoil|[of] p2a: Jotaro
|faint|p1a: Darmanitan
|move|p2a: Jotaro|Psyshock|p1: Darmanitan|[notarget]
|-notarget
|
|
|switch|p1a: Mamoswine|Mamoswine, F|424\/424
|turn|11
|
|switch|p2a: Kyurem-Niggar|Kyurem-Black, shiny|336\/391
|-ability|p2a: Kyurem-Niggar|Teravolt
|move|p1a: Mamoswine|Ice Shard|p2a: Kyurem-Niggar
|-damage|p2a: Kyurem-Niggar|226\/391
|-damage|p1a: Mamoswine|382\/424|[from] item: Life Orb
|
|turn|12
|
|move|p2a: Kyurem-Niggar|Outrage|p1a: Mamoswine
|-damage|p1a: Mamoswine|54\/424
|move|p1a: Mamoswine|Earthquake|p2a: Kyurem-Niggar
|-damage|p2a: Kyurem-Niggar|0 fnt
|-damage|p1a: Mamoswine|12\/424|[from] item: Life Orb
|faint|p2a: Kyurem-Niggar
|
|
|switch|p2a: Torappu Desu~!|Magnezone, shiny|285\/285
|turn|13
|
|switch|p1a: Latios|Latios, M|272\/302
|move|p2a: Torappu Desu~!|Flash Cannon|p1a: Latios
|-damage|p1a: Latios|145\/302
|
|turn|14
|
|move|p2a: Torappu Desu~!|Flash Cannon|p1a: Latios
|-damage|p1a: Latios|18\/302
|move|p1a: Latios|Calm Mind|p1a: Latios
|-boost|p1a: Latios|spa|1
|-boost|p1a: Latios|spd|1
|
|turn|15
|
|move|p2a: Torappu Desu~!|Flash Cannon|p1a: Latios
|-damage|p1a: Latios|0 fnt
|faint|p1a: Latios
|
|
|switch|p1a: Heracross|Heracross, M|302\/302
|turn|16
|
|switch|p2a: Jotaro|Latios, M|103\/301
|detailschange|p1a: Heracross|Heracross-Mega, M
|message|Heracross has Mega Evolved into Mega Heracross!
|move|p1a: Heracross|Bullet Seed|p2a: Jotaro
|-resisted|p2a: Jotaro
|-damage|p2a: Jotaro|75\/301
|-resisted|p2a: Jotaro
|-damage|p2a: Jotaro|45\/301
|-resisted|p2a: Jotaro
|-damage|p2a: Jotaro|16\/301
|-crit|p2a: Jotaro
|-resisted|p2a: Jotaro
|-damage|p2a: Jotaro|0 fnt
|-hitcount|p2a: Jotaro|4
|faint|p2a: Jotaro
|
|
|switch|p2a: Black Veil Bride|Gardevoir-Mega, M, shiny|156\/277
|turn|17
|
|switch|p1a: Metagross|Metagross|364\/364
|move|p2a: Black Veil Bride|Hyper Voice|p1a: Metagross
|-resisted|p1a: Metagross
|-damage|p1a: Metagross|239\/364
|
|turn|18
|
|switch|p2a: Gravity Guy|Landorus-Therian, M|96\/371
|-ability|p2a: Gravity Guy|Intimidate|[of] p1a: Metagross
|-fail|p1a: Metagross|unboost|[from] ability: Clear Body|[of] p1a: Metagross
|move|p1a: Metagross|Hammer Arm|p2a: Gravity Guy
|-resisted|p2a: Gravity Guy
|-damage|p2a: Gravity Guy|3\/371
|-unboost|p1a: Metagross|spe|1
|
|-heal|p2a: Gravity Guy|26\/371|[from] item: Leftovers
|turn|19
|
|switch|p2a: Black Veil Bride|Gardevoir-Mega, M, shiny|156\/277
|switch|p1a: Heracross|Heracross-Mega, M|302\/302
|
|turn|20
|
|switch|p1a: Metagross|Metagross|239\/364
|move|p2a: Black Veil Bride|Hyper Voice|p1a: Metagross
|-resisted|p1a: Metagross
|-damage|p1a: Metagross|113\/364
|
|turn|21
|
|switch|p2a: Gravity Guy|Landorus-Therian, M|26\/371
|-ability|p2a: Gravity Guy|Intimidate|[of] p1a: Metagross
|-fail|p1a: Metagross|unboost|[from] ability: Clear Body|[of] p1a: Metagross
|move|p1a: Metagross|Bullet Punch|p2a: Gravity Guy
|-damage|p2a: Gravity Guy|0 fnt
|faint|p2a: Gravity Guy
|
|
|switch|p2a: Torappu Desu~!|Magnezone, shiny|285\/285
|turn|22
|
|move|p1a: Metagross|Bullet Punch|p2a: Torappu Desu~!
|-resisted|p2a: Torappu Desu~!
|-damage|p2a: Torappu Desu~!|257\/285
|move|p2a: Torappu Desu~!|Volt Switch|p1a: Metagross
|-damage|p1a: Metagross|0 fnt
|faint|p1a: Metagross
|
|switch|p2a: Black Veil Bride|Gardevoir-Mega, M, shiny|156\/277
|
|
|switch|p1a: Mamoswine|Mamoswine, F|12\/424
|turn|23
|
|move|p1a: Mamoswine|Ice Shard|p2a: Black Veil Bride
|-damage|p2a: Black Veil Bride|8\/277
|-damage|p1a: Mamoswine|0 fnt|[from] item: Life Orb
|faint|p1a: Mamoswine
|move|p2a: Black Veil Bride|Hyper Voice|p1: Mamoswine|[notarget]
|-notarget
|
|
|switch|p1a: Heracross|Heracross-Mega, M|302\/302
|turn|24
|
|move|p2a: Black Veil Bride|Hyper Voice|p1a: Heracross
|-supereffective|p1a: Heracross
|-damage|p1a: Heracross|0 fnt
|faint|p1a: Heracross
|
|win|Off The Map
|raw|Ladder updating...
|c|★bewww|gg