|join|CleanerThanRotom-W
|join|still the n1
|player|p1|CleanerThanRotom-W|226
|player|p2|still the n1|1
|gametype|singles
|gen|6
|tier|OU
|rated
|clearpoke
|poke|p1|Sableye, M
|poke|p1|Chansey, F
|poke|p1|Cresselia, F
|poke|p1|Bisharp, M
|poke|p1|Skarmory, F
|poke|p1|Quagsire, F
|poke|p2|Latios, M
|poke|p2|Jirachi
|poke|p2|Gliscor, F
|poke|p2|Starmie
|poke|p2|Heatran, F
|poke|p2|Venusaur, F
|rule|Swagger Clause: Swagger is banned
|rule|Baton Pass Clause: Limit one Pokémon knowing Baton Pass
|rule|Sleep Clause Mod: Limit one foe put to sleep
|rule|Species Clause: Limit one of each Pokémon
|rule|OHKO Clause: OHKO moves are banned
|rule|Moody Clause: Moody is banned
|rule|Evasion Moves Clause: Evasion moves are banned
|rule|Endless Battle Clause: Forcing endless battles is banned
|rule|HP Percentage Mod: HP is shown in percentages
|teampreview
CleanerThanRotom-W made this room private.
|
|start
|switch|p1a: Sableye|Sableye, M|303\/303
|switch|p2a: Heatran|Heatran, F|384\/384
|turn|1
|
|detailschange|p1a: Sableye|Sableye-Mega, M
|message|Sableye has Mega Evolved into Mega Sableye!
|move|p2a: Heatran|Lava Plume|p1a: Sableye
|-damage|p1a: Sableye|227\/303
|-status|p1a: Sableye|brn
|move|p1a: Sableye|Knock Off|p2a: Heatran
|-damage|p2a: Heatran|336\/384
|-enditem|p2a: Heatran|Leftovers|[from] move: Knock Off|[of] p1a: Sableye
|
|-damage|p1a: Sableye|190\/303 brn|[from] brn
|turn|2
|
|switch|p2a: Gliscor|Gliscor, F|352\/352
|move|p1a: Sableye|Recover|p1a: Sableye
|-heal|p1a: Sableye|303\/303 brn
|
|-damage|p1a: Sableye|266\/303 brn|[from] brn
|-status|p2a: Gliscor|tox|[from] item: Toxic Orb
|turn|3
|
|switch|p1a: Skarmory|Skarmory, F|334\/334
|move|p2a: Gliscor|Earthquake|p1a: Skarmory
|-immune|p1a: Skarmory|[msg]
|
|turn|4
|
|move|p2a: Gliscor|Taunt|p1a: Skarmory
|-start|p1a: Skarmory|move: Taunt
|cant|p1a: Skarmory|move: Taunt|Spikes
|
|turn|5
|
|switch|p1a: Quagsire|Quagsire, F|393\/393
|move|p2a: Gliscor|Knock Off|p1a: Quagsire
|-damage|p1a: Quagsire|331\/393
|-enditem|p1a: Quagsire|Leftovers|[from] move: Knock Off|[of] p2a: Gliscor
|
|turn|6
|
|switch|p2a: Venusaur|Venusaur, F|341\/341
|move|p1a: Quagsire|Scald|p2a: Venusaur
|-resisted|p2a: Venusaur
|-damage|p2a: Venusaur|308\/341
|
|turn|7
|
|switch|p2a: Gliscor|Gliscor, F|352\/352 tox
|switch|p1a: Chansey|Chansey, F|703\/703
|
|turn|8
|
|switch|p1a: Sableye|Sableye-Mega, M|266\/303 brn
|move|p2a: Gliscor|Knock Off|p1a: Sableye
|-damage|p1a: Sableye|227\/303 brn
|
|-damage|p1a: Sableye|190\/303 brn|[from] brn
|turn|9
|
|move|p2a: Gliscor|Earthquake|p1a: Sableye
|-damage|p1a: Sableye|91\/303 brn
|move|p1a: Sableye|Recover|p1a: Sableye
|-heal|p1a: Sableye|243\/303 brn
|
|-damage|p1a: Sableye|206\/303 brn|[from] brn
|turn|10
|
|move|p2a: Gliscor|Earthquake|p1a: Sableye
|-damage|p1a: Sableye|118\/303 brn
|move|p1a: Sableye|Recover|p1a: Sableye
|-heal|p1a: Sableye|270\/303 brn
|
|-damage|p1a: Sableye|233\/303 brn|[from] brn
|turn|11
|
|switch|p2a: Heatran|Heatran, F|336\/384
|switch|p1a: Skarmory|Skarmory, F|334\/334
|
|turn|12
|
|move|p2a: Heatran|Stealth Rock|p1a: Skarmory
|-sidestart|p1: CleanerThanRotom-W|move: Stealth Rock
|move|p1a: Skarmory|Spikes|p2a: Heatran
|-sidestart|p2: still the n1|Spikes
|
|turn|13
|
|switch|p1a: Chansey|Chansey, F|703\/703
|-damage|p1a: Chansey|616\/703|[from] Stealth Rock
|move|p2a: Heatran|Lava Plume|p1a: Chansey
|-damage|p1a: Chansey|541\/703
|-status|p1a: Chansey|brn
|
|-damage|p1a: Chansey|454\/703 brn|[from] brn
|turn|14
|
|move|p2a: Heatran|Taunt|p1a: Chansey
|-start|p1a: Chansey|move: Taunt
|cant|p1a: Chansey|move: Taunt|Heal Bell
|
|-damage|p1a: Chansey|367\/703 brn|[from] brn
|turn|15
|
|switch|p2a: Gliscor|Gliscor, F|352\/352 tox
|switch|p1a: Quagsire|Quagsire, F|331\/393
|-damage|p1a: Quagsire|307\/393|[from] Stealth Rock
|
|turn|16
|
|move|p2a: Gliscor|Earthquake|p1a: Quagsire
|-damage|p1a: Quagsire|217\/393
|move|p1a: Quagsire|Scald|p2a: Gliscor
|-supereffective|p2a: Gliscor
|-damage|p2a: Gliscor|220\/352 tox
|
|-heal|p2a: Gliscor|264\/352 tox|[from] ability: Poison Heal
|turn|17
|
|move|p2a: Gliscor|Taunt|p1a: Quagsire
|-start|p1a: Quagsire|move: Taunt
|move|p1a: Quagsire|Scald|p2a: Gliscor
|-supereffective|p2a: Gliscor
|-damage|p2a: Gliscor|132\/352 tox
|
|-heal|p2a: Gliscor|176\/352 tox|[from] ability: Poison Heal
|turn|18
|
|move|p2a: Gliscor|Roost|p2a: Gliscor
|-heal|p2a: Gliscor|352\/352 tox
|move|p1a: Quagsire|Scald|p2a: Gliscor
|-supereffective|p2a: Gliscor
|-damage|p2a: Gliscor|230\/352 tox
|
|-heal|p2a: Gliscor|274\/352 tox|[from] ability: Poison Heal
|turn|19
|
|move|p2a: Gliscor|Earthquake|p1a: Quagsire
|-damage|p1a: Quagsire|123\/393
|move|p1a: Quagsire|Scald|p2a: Gliscor
|-supereffective|p2a: Gliscor
|-damage|p2a: Gliscor|158\/352 tox
|
|-heal|p2a: Gliscor|202\/352 tox|[from] ability: Poison Heal
|-end|p1a: Quagsire|move: Taunt
|turn|20
|
|switch|p1a: Sableye|Sableye-Mega, M|233\/303 brn
|-damage|p1a: Sableye|196\/303 brn|[from] Stealth Rock
|move|p2a: Gliscor|Roost|p2a: Gliscor
|-heal|p2a: Gliscor|352\/352 tox
|
|-damage|p1a: Sableye|159\/303 brn|[from] brn
|turn|21
|
|switch|p2a: Heatran|Heatran, F|336\/384
|-damage|p2a: Heatran|288\/384|[from] Spikes
|move|p1a: Sableye|Recover|p1a: Sableye
|-heal|p1a: Sableye|303\/303 brn
|
|-damage|p1a: Sableye|266\/303 brn|[from] brn
|turn|22
|
|move|p2a: Heatran|Lava Plume|p1a: Sableye
|-damage|p1a: Sableye|187\/303 brn
|move|p1a: Sableye|Taunt|p2a: Heatran
|-start|p2a: Heatran|move: Taunt
|
|-damage|p1a: Sableye|150\/303 brn|[from] brn
|turn|23
|
|switch|p2a: Gliscor|Gliscor, F|352\/352 tox
|move|p1a: Sableye|Recover|p1a: Sableye
|-heal|p1a: Sableye|302\/303 brn
|
|-damage|p1a: Sableye|265\/303 brn|[from] brn
|turn|24
|
|move|p2a: Gliscor|Knock Off|p1a: Sableye
|-damage|p1a: Sableye|223\/303 brn
|move|p1a: Sableye|Taunt|p2a: Gliscor
|-start|p2a: Gliscor|move: Taunt
|
|-damage|p1a: Sableye|186\/303 brn|[from] brn
|turn|25
|
|switch|p2a: Latios|Latios, M|302\/302
|switch|p1a: Skarmory|Skarmory, F|334\/334
|-damage|p1a: Skarmory|293\/334|[from] Stealth Rock
|
|turn|26
|
|switch|p1a: Cresselia|Cresselia, F|444\/444
|-damage|p1a: Cresselia|389\/444|[from] Stealth Rock
|move|p2a: Latios|Trick|p1a: Cresselia
|-activate|p2a: Latios|move: Trick|[of] p1a: Cresselia
|-item|p1a: Cresselia|Choice Scarf|[from] move: Trick
|-item|p2a: Latios|Leftovers|[from] move: Trick
|
|turn|27
|
|switch|p2a: Gliscor|Gliscor, F|352\/352 tox
|switch|p1a: Bisharp|Bisharp, M|333\/333
|-damage|p1a: Bisharp|313\/333|[from] Stealth Rock
|
|-heal|p1a: Bisharp|333\/333|[from] item: Leftovers
|turn|28
|
|switch|p1a: Skarmory|Skarmory, F|293\/334
|-damage|p1a: Skarmory|252\/334|[from] Stealth Rock
|move|p2a: Gliscor|Earthquake|p1a: Skarmory
|-immune|p1a: Skarmory|[msg]
|
|turn|29
|
|switch|p1a: Cresselia|Cresselia, F|389\/444
|-damage|p1a: Cresselia|334\/444|[from] Stealth Rock
|move|p2a: Gliscor|Taunt|p1a: Cresselia
|-start|p1a: Cresselia|move: Taunt
|
|turn|30
|
|switch|p2a: Jirachi|Jirachi|404\/404
|-damage|p2a: Jirachi|354\/404|[from] Spikes
|move|p1a: Cresselia|Psyshock|p2a: Jirachi
|-resisted|p2a: Jirachi
|-damage|p2a: Jirachi|334\/404
|
|-heal|p2a: Jirachi|359\/404|[from] item: Leftovers
|turn|31
|
|switch|p1a: Bisharp|Bisharp, M|333\/333
|-damage|p1a: Bisharp|313\/333|[from] Stealth Rock
|move|p2a: Jirachi|Fire Punch|p1a: Bisharp
|-supereffective|p1a: Bisharp
|-damage|p1a: Bisharp|177\/333
|
|-heal|p2a: Jirachi|384\/404|[from] item: Leftovers
|-heal|p1a: Bisharp|197\/333|[from] item: Leftovers
|turn|32
|
|move|p1a: Bisharp|Pursuit|p2a: Jirachi|[from]Pursuit
|-supereffective|p2a: Jirachi
|-damage|p2a: Jirachi|84\/404
|switch|p2a: Gliscor|Gliscor, F|352\/352 tox
|
|-heal|p1a: Bisharp|217\/333|[from] item: Leftovers
|turn|33
|
|switch|p1a: Cresselia|Cresselia, F|334\/444
|-damage|p1a: Cresselia|279\/444|[from] Stealth Rock
|move|p2a: Gliscor|Knock Off|p1a: Cresselia
|-supereffective|p1a: Cresselia
|-damage|p1a: Cresselia|165\/444
|-enditem|p1a: Cresselia|Choice Scarf|[from] move: Knock Off|[of] p2a: Gliscor
|
|turn|34
|
|switch|p1a: Sableye|Sableye-Mega, M|186\/303 brn
|-damage|p1a: Sableye|149\/303 brn|[from] Stealth Rock
|move|p2a: Gliscor|Taunt|p1a: Sableye
|move|p1a: Sableye|Taunt|p2a: Gliscor|[from]Magic Bounce
|-start|p2a: Gliscor|move: Taunt
|
|-damage|p1a: Sableye|112\/303 brn|[from] brn
|turn|35
|
|switch|p2a: Latios|Latios, M|302\/302
|move|p1a: Sableye|Recover|p1a: Sableye
|-heal|p1a: Sableye|264\/303 brn
|
|-damage|p1a: Sableye|227\/303 brn|[from] brn
|turn|36
|
|move|p2a: Latios|Draco Meteor|p1a: Sableye
|-damage|p1a: Sableye|65\/303 brn
|-unboost|p2a: Latios|spa|2
|move|p1a: Sableye|Recover|p1a: Sableye
|-heal|p1a: Sableye|217\/303 brn
|
|-damage|p1a: Sableye|180\/303 brn|[from] brn
|turn|37
|
|switch|p2a: Gliscor|Gliscor, F|352\/352 tox
|move|p1a: Sableye|Recover|p1a: Sableye
|-heal|p1a: Sableye|303\/303 brn
|
|-damage|p1a: Sableye|266\/303 brn|[from] brn
|turn|38
|
|move|p2a: Gliscor|Knock Off|p1a: Sableye
|-damage|p1a: Sableye|224\/303 brn
|move|p1a: Sableye|Taunt|p2a: Gliscor
|-start|p2a: Gliscor|move: Taunt
|
|-damage|p1a: Sableye|187\/303 brn|[from] brn
|turn|39
|
|switch|p2a: Heatran|Heatran, F|288\/384
|-damage|p2a: Heatran|240\/384|[from] Spikes
|switch|p1a: Skarmory|Skarmory, F|252\/334
|-damage|p1a: Skarmory|211\/334|[from] Stealth Rock
|
|turn|40
|
|switch|p1a: Sableye|Sableye-Mega, M|187\/303 brn
|-damage|p1a: Sableye|150\/303 brn|[from] Stealth Rock
|move|p2a: Heatran|Lava Plume|p1a: Sableye
|-damage|p1a: Sableye|75\/303 brn
|
|-damage|p1a: Sableye|38\/303 brn|[from] brn
|turn|41
|
|move|p2a: Heatran|Lava Plume|p1a: Sableye
|-damage|p1a: Sableye|0 fnt
|faint|p1a: Sableye
|
|
|switch|p1a: Quagsire|Quagsire, F|123\/393
|-damage|p1a: Quagsire|99\/393|[from] Stealth Rock
|turn|42
|
|move|p2a: Heatran|Taunt|p1a: Quagsire
|-start|p1a: Quagsire|move: Taunt
|cant|p1a: Quagsire|move: Taunt|Recover
|
|turn|43
|
|switch|p2a: Jirachi|Jirachi|84\/404
|-damage|p2a: Jirachi|34\/404|[from] Spikes
|move|p1a: Quagsire|Scald|p2a: Jirachi
|-damage|p2a: Jirachi|0 fnt
|faint|p2a: Jirachi
|
|
|switch|p2a: Gliscor|Gliscor, F|352\/352 tox
|turn|44
|
|switch|p1a: Skarmory|Skarmory, F|211\/334
|-damage|p1a: Skarmory|170\/334|[from] Stealth Rock
|move|p2a: Gliscor|Earthquake|p1a: Skarmory
|-immune|p1a: Skarmory|[msg]
|
|turn|45
|
|switch|p1a: Bisharp|Bisharp, M|217\/333
|-damage|p1a: Bisharp|197\/333|[from] Stealth Rock
|move|p2a: Gliscor|Taunt|p1a: Bisharp
|-start|p1a: Bisharp|move: Taunt
|
|-heal|p1a: Bisharp|217\/333|[from] item: Leftovers
|turn|46
|
|move|p2a: Gliscor|Knock Off|p1a: Bisharp
|-resisted|p1a: Bisharp
|-damage|p1a: Bisharp|182\/333
|-enditem|p1a: Bisharp|Leftovers|[from] move: Knock Off|[of] p2a: Gliscor
|move|p1a: Bisharp|Knock Off|p2a: Gliscor
|-damage|p2a: Gliscor|198\/352 tox
|-enditem|p2a: Gliscor|Toxic Orb|[from] move: Knock Off|[of] p1a: Bisharp
|
|-heal|p2a: Gliscor|242\/352 tox|[from] ability: Poison Heal
|turn|47
|
|move|p2a: Gliscor|Earthquake|p1a: Bisharp
|-supereffective|p1a: Bisharp
|-damage|p1a: Bisharp|0 fnt
|faint|p1a: Bisharp
|
|-heal|p2a: Gliscor|286\/352 tox|[from] ability: Poison Heal
|
|switch|p1a: Chansey|Chansey, F|367\/703
|-damage|p1a: Chansey|280\/703|[from] Stealth Rock
|turn|48
|
|move|p2a: Gliscor|Taunt|p1a: Chansey
|-start|p1a: Chansey|move: Taunt
|move|p1a: Chansey|Seismic Toss|p2a: Gliscor
|-damage|p2a: Gliscor|186\/352 tox
|
|-heal|p2a: Gliscor|230\/352 tox|[from] ability: Poison Heal
|turn|49
|-message|CleanerThanRotom-W forfeited.
|
|win|still the n1
|raw|Ladder updating...
|leave|CleanerThanRotom-W
|player|p1
|raw|CleanerThanRotom-W's rating: 1881 &rarr; <strong>1856<\/strong><br \/>(-25 for losing)
|raw|still the n1's rating: 1789 &rarr; <strong>1814<\/strong><br \/>(+25 for winning)