|join|Yun0 Gasai
|join|Ox the Fox
|join|Senhor Anseio
|player|p1|Yun0 Gasai|101
|player|p2|Ox the Fox|201
|gametype|singles
|gen|6
|tier|OU
|clearpoke
|poke|p1|Gyarados, F
|poke|p1|Heatran, F
|poke|p1|Latios, M
|poke|p1|Landorus-Therian, M
|poke|p1|Rotom-Wash
|poke|p1|Clefable, M
|poke|p2|Latias, F
|poke|p2|Alomomola, F
|poke|p2|Chansey, F
|poke|p2|Chesnaught, F
|poke|p2|Heatran, F
|poke|p2|Keldeo
|rule|Swagger Clause: Swagger is banned
|rule|Baton Pass Clause: Limit one Pokémon knowing Baton Pass
|rule|Sleep Clause Mod: Limit one foe put to sleep
|rule|Species Clause: Limit one of each Pokémon
|rule|OHKO Clause: OHKO moves are banned
|rule|Moody Clause: Moody is banned
|rule|Evasion Moves Clause: Evasion moves are banned
|rule|Endless Battle Clause: Forcing endless battles is banned
|rule|HP Percentage Mod: HP is shown in percentages
|teampreview
|join|Sike2303
|join|Hoole Suspect
|join|Plepplep
|join|Maiora
|join|VagSlayer420
|join|AV Lugia
|join|I'm Virus (~'o')~
|join|LadderSoTall
|c|★Ox the Fox|glhf
|join|shadowthorn
|join|i came from leddit
|c| Sike2303|do this yuno
|join|KaKaToes
|join|wolfn
|join|AlldaAlts
|c|★Yun0 Gasai|gl
|join|dc94
|c| Sike2303|win this
|join|gigaimpactblissey
|c|★Ox the Fox|go yuno
|c| I'm Virus (~'o')~|semi finals hype
|join|jimmyjon
|leave|gigaimpactblissey
|join|iKray
|join|gigaimpactblissey
|
|start
|switch|p1a: Rotom-Wash|Rotom-Wash|304\/304
|switch|p2a: Latias|Latias, F|363\/363
|turn|1
|c| Sike2303|do it for the vine 0-0
|leave|gigaimpactblissey
|join|swag is an art
|join|TheSkyAboveUs
|
|detailschange|p2a: Latias|Latias-Mega, F
|-mega|p2a: Latias|Latias|Latiasite
|move|p2a: Latias|Psywave|p1a: Rotom-Wash
|-damage|p1a: Rotom-Wash|163\/304
|move|p1a: Rotom-Wash|Will-O-Wisp|p2a: Latias
|-status|p2a: Latias|brn
|
|-heal|p1a: Rotom-Wash|182\/304|[from] item: Leftovers
|-damage|p2a: Latias|318\/363 brn|[from] brn
|turn|2
|join|gigaimpactblissey
|c|★Ox the Fox|wait
|join|ffc - land
|c|★Ox the Fox|how do i beat cm clef
|c|★Ox the Fox|lol
|join|MegaSwagpert
|c| TheSkyAboveUs|Is this pdc lol
|
|switch|p2a: Heatran|Heatran, F|386\/386
|move|p1a: Rotom-Wash|Pain Split|p2a: Heatran
|-sethp|p2a: Heatran|284\/386|p1a: Rotom-Wash|284\/304|[from] move: Pain Split
|
|-heal|p1a: Rotom-Wash|303\/304|[from] item: Leftovers
|-heal|p2a: Heatran|308\/386|[from] item: Leftovers
|turn|3
|c| swag is an art|you psywave like no tomorrow
|join|senegal
|join|QuagGod
|
|move|p1a: Rotom-Wash|Hydro Pump|p2a: Heatran
|-supereffective|p2a: Heatran
|-damage|p2a: Heatran|120\/386
|move|p2a: Heatran|Stealth Rock|p1a: Rotom-Wash
|-sidestart|p1: Yun0 Gasai|move: Stealth Rock
|
|-heal|p1a: Rotom-Wash|304\/304|[from] item: Leftovers
|-heal|p2a: Heatran|144\/386|[from] item: Leftovers
|turn|4
|c| I'm Virus (~'o')~|how do you beat cc mega pinsir at +2?
|c| MegaSwagpert|damn this got started quick af
|c| I'm Virus (~'o')~|._.
|c|★Yun0 Gasai|that did
|c|★Yun0 Gasai|0x2
|
|move|p2a: Heatran|Protect|p2a: Heatran
|-singleturn|p2a: Heatran|Protect
|move|p1a: Rotom-Wash|Volt Switch|p2a: Heatran
|-activate|p2a: Heatran|Protect
|
|-heal|p2a: Heatran|168\/386|[from] item: Leftovers
|turn|5
|c| swag is an art|so 7
|join|WhyPokemonWhy
|join|slim mattie
|join|TheObsessed
|join|Gnaro
|c| WhyPokemonWhy|go ox
|c| MegaSwagpert|for a second, i though ox changed his team
|c| TheSkyAboveUs|Yea this is pdc
|
|switch|p2a: Chansey|Chansey, F|642\/642
|move|p1a: Rotom-Wash|Hydro Pump|p2a: Chansey
|-damage|p2a: Chansey|572\/642
|
|turn|6
|c| MegaSwagpert|then i realized he didnt change shit this entire tourney
|c|★Ox the Fox|pdc, big fan
|
|move|p1a: Rotom-Wash|Volt Switch|p2a: Chansey
|-damage|p2a: Chansey|526\/642
|
|switch|p1a: Clefable|Clefable, M|394\/394
|move|p2a: Chansey|Toxic|p1a: Clefable
|-status|p1a: Clefable|tox
|
|turn|7
|c| TheSkyAboveUs|I saw ur video earlier
|
|switch|p2a: Heatran|Heatran, F|168\/386
|move|p1a: Clefable|Calm Mind|p1a: Clefable
|-boost|p1a: Clefable|spa|1
|-boost|p1a: Clefable|spd|1
|
|-heal|p2a: Heatran|192\/386|[from] item: Leftovers
|turn|8
|c| TheSkyAboveUs|if that char x had eq
|c|★Ox the Fox|does this win right here
|
|move|p2a: Heatran|Lava Plume|p1a: Clefable
|-damage|p1a: Clefable|312\/394 tox
|move|p1a: Clefable|Focus Blast|p2a: Heatran
|-supereffective|p2a: Heatran
|-damage|p2a: Heatran|0 fnt
|faint|p2a: Heatran
|
|-heal|p1a: Clefable|336\/394 tox|[from] item: Leftovers
|c| I'm Virus (~'o')~|ehh
|c| I'm Virus (~'o')~|n imo
|c| I'm Virus (~'o')~|o
|c| I'm Virus (~'o')~|nvn
|c|★Ox the Fox|lol
|c| swag is an art|wut
|c| MegaSwagpert|pdc?
|
|switch|p2a: Chansey|Chansey, F|526\/642
|turn|9
|
|move|p1a: Clefable|Calm Mind|p1a: Clefable
|-boost|p1a: Clefable|spa|1
|-boost|p1a: Clefable|spd|1
|move|p2a: Chansey|Seismic Toss|p1a: Clefable
|-damage|p1a: Clefable|236\/394 tox
|
|-heal|p1a: Clefable|260\/394 tox|[from] item: Leftovers
|turn|10
|join|UrsaReign
|
|move|p1a: Clefable|Calm Mind|p1a: Clefable
|-boost|p1a: Clefable|spa|1
|-boost|p1a: Clefable|spd|1
|move|p2a: Chansey|Seismic Toss|p1a: Clefable
|-damage|p1a: Clefable|160\/394 tox
|
|-heal|p1a: Clefable|184\/394 tox|[from] item: Leftovers
|turn|11
|c| swag is an art|er, gg
|c| swag is an art|?
|join|rian888
|c| gigaimpactblissey|oh this is going to get ugly
|c| I'm Virus (~'o')~|gg ox
|c| MegaSwagpert|clefable pls be gentle senpai
|join|oml it's too ez
|c| gigaimpactblissey|seismic toss crit pls
|
|switch|p2a: Keldeo|Keldeo|323\/323
|move|p1a: Clefable|Calm Mind|p1a: Clefable
|-boost|p1a: Clefable|spa|1
|-boost|p1a: Clefable|spd|1
|
|-heal|p1a: Clefable|208\/394 tox|[from] item: Leftovers
|turn|12
|leave|oml it's too ez
|c| i came from leddit|lol
|c| UrsaReign|oh no
|c| jimmyjon|crit here can do it
|c| MegaSwagpert|HOLY SHIT
|c|★Ox the Fox|this team literally can't beat clefable
|c| swag is an art|le crit
|
|move|p2a: Keldeo|Calm Mind|p2a: Keldeo
|-boost|p2a: Keldeo|spa|1
|-boost|p2a: Keldeo|spd|1
|move|p1a: Clefable|Soft-Boiled|p1a: Clefable
|-heal|p1a: Clefable|394\/394 tox
|
|turn|13
|c| i came from leddit|people running stall that get 6-0d by cmfable
|c| i came from leddit|smh
|c| swag is an art|woah
|leave|i came from leddit
|c| MegaSwagpert|pray to the hax gods
|
|move|p2a: Keldeo|Secret Sword|p1a: Clefable
|-crit|p1a: Clefable
|-resisted|p1a: Clefable
|-damage|p1a: Clefable|236\/394 tox
|move|p1a: Clefable|Moonblast|p2a: Keldeo
|-supereffective|p2a: Keldeo
|-damage|p2a: Keldeo|0 fnt
|faint|p2a: Keldeo
|
|-heal|p1a: Clefable|260\/394 tox|[from] item: Leftovers
|c| QuagGod|cmon i want to see some slaughter
|c|★Ox the Fox|lel
|c| swag is an art|le crit
|c| swag is an art|is here
|c|★Yun0 Gasai|bop
|c| MegaSwagpert|toxic crits kappa
|
|switch|p2a: Latias|Latias-Mega, F|318\/363 brn
|turn|14
|c| UrsaReign|hax god answered
|c| UrsaReign|didnt matter
|c| MegaSwagpert|i think this means
|
|move|p2a: Latias|Psywave|p1a: Clefable
|-damage|p1a: Clefable|152\/394 tox
|move|p1a: Clefable|Moonblast|p2a: Latias
|-supereffective|p2a: Latias
|-damage|p2a: Latias|0 fnt
|faint|p2a: Latias
|
|-heal|p1a: Clefable|176\/394 tox|[from] item: Leftovers
|c| rian888|skill swap? hahaha
|leave|swag is an art
|c| MegaSwagpert|im a prophet now right
|c|★Ox the Fox|yo im taunt chansey
|c|★Ox the Fox|give up
|c|★Yun0 Gasai|n0
|
|switch|p2a: Chansey|Chansey, F|526\/642
|turn|15
|join|CSS)bleachzxzx
|leave|Plepplep
|
|move|p1a: Clefable|Soft-Boiled|p1a: Clefable
|-heal|p1a: Clefable|373\/394 tox
|move|p2a: Chansey|Seismic Toss|p1a: Clefable
|-damage|p1a: Clefable|273\/394 tox
|
|-heal|p1a: Clefable|297\/394 tox|[from] item: Leftovers
|turn|16
|c| I'm Virus (~'o')~|even if u r taunt chansey
|join|EternusDraco
|c| UrsaReign|wtf psywave?
|c| I'm Virus (~'o')~|he wins regardless .-.
|
|move|p1a: Clefable|Calm Mind|p1a: Clefable
|-boost|p1a: Clefable|spa|1
|-boost|p1a: Clefable|spd|1
|move|p2a: Chansey|Seismic Toss|p1a: Clefable
|-damage|p1a: Clefable|197\/394 tox
|
|-heal|p1a: Clefable|221\/394 tox|[from] item: Leftovers
|turn|17
|c| MegaSwagpert|i can see why yuno ran through the entire ladder now
|c| MegaSwagpert|calm mind clefable
|c|★Yun0 Gasai|its a dumb mon
|c| MegaSwagpert|dont take no shit from no body
|join|aurao
|c| LadderSoTall|thats common tho
|c| I'm Virus (~'o')~|not rlly
|c| LadderSoTall|nothing new
|c| MegaSwagpert|suspect test?
|c| I'm Virus (~'o')~|if smacked with phys moves
|c| MegaSwagpert|prolly not
|
|move|p1a: Clefable|Calm Mind|p1a: Clefable
|-boost|p1a: Clefable|spa|1
|-boost|p1a: Clefable|spd|1
|move|p2a: Chansey|Seismic Toss|p1a: Clefable
|-damage|p1a: Clefable|121\/394 tox
|
|-heal|p1a: Clefable|145\/394 tox|[from] item: Leftovers
|turn|18
|c| I'm Virus (~'o')~|ez death
|c| I'm Virus (~'o')~|.-.
|join|Ninja in Training
|c|★Ox the Fox|finish me pls
|
|move|p1a: Clefable|Soft-Boiled|p1a: Clefable
|-heal|p1a: Clefable|342\/394 tox
|move|p2a: Chansey|Seismic Toss|p1a: Clefable
|-damage|p1a: Clefable|242\/394 tox
|
|-heal|p1a: Clefable|266\/394 tox|[from] item: Leftovers
|turn|19
|c| QuagGod|slaughter pls
|
|move|p1a: Clefable|Focus Blast|p2a: Chansey
|-supereffective|p2a: Chansey
|-damage|p2a: Chansey|138\/642
|move|p2a: Chansey|Seismic Toss|p1a: Clefable
|-damage|p1a: Clefable|166\/394 tox
|
|-heal|p1a: Clefable|190\/394 tox|[from] item: Leftovers
|turn|20
|c| I'm Virus (~'o')~|slaughter
|c| MegaSwagpert|too concerned with greninja shredding the entire meta
|c|★Yun0 Gasai|that did
|c|★Yun0 Gasai|0x4
|c| I'm Virus (~'o')~|cant be spelt without laughter
|c| MegaSwagpert|skdfjalsdfkasjdf;klasdf
|
|move|p1a: Clefable|Moonblast|p2a: Chansey
|-damage|p2a: Chansey|0 fnt
|faint|p2a: Chansey
|
|-heal|p1a: Clefable|214\/394 tox|[from] item: Leftovers
|c| MegaSwagpert|what was that damage
|
|switch|p2a: Chesnaught|Chesnaught, F|380\/380
|turn|21
|c| MegaSwagpert|at plus 4
|
|move|p2a: Chesnaught|Spiky Shield|p2a: Chesnaught
|-singleturn|p2a: Chesnaught|move: Protect
|move|p1a: Clefable|Moonblast|p2a: Chesnaught
|-activate|p2a: Chesnaught|move: Protect
|
|-heal|p1a: Clefable|238\/394 tox|[from] item: Leftovers
|turn|22
|c| MegaSwagpert|chansey pls
|c|★Ox the Fox|maybe i can live now
|c|★Yun0 Gasai|fuk
|c|★Yun0 Gasai|got me
|
|move|p2a: Chesnaught|Spiky Shield|p2a: Chesnaught
|-fail|p2a: Chesnaught
|move|p1a: Clefable|Moonblast|p2a: Chesnaught
|-supereffective|p2a: Chesnaught
|-damage|p2a: Chesnaught|0 fnt
|faint|p2a: Chesnaught
|
|-heal|p1a: Clefable|262\/394 tox|[from] item: Leftovers
|c|★Ox the Fox|might need double
|c|★Ox the Fox|damn
|
|switch|p2a: Alomomola|Alomomola, F|534\/534
|turn|23
|c| MegaSwagpert|rip
|c|★Yun0 Gasai|mirror coat
|c|★Yun0 Gasai|right
|c|★Yun0 Gasai|here
|c|★Ox the Fox|ofc
|
|move|p2a: Alomomola|Protect|p2a: Alomomola
|-singleturn|p2a: Alomomola|Protect
|move|p1a: Clefable|Moonblast|p2a: Alomomola
|-activate|p2a: Alomomola|Protect
|
|-heal|p1a: Clefable|286\/394 tox|[from] item: Leftovers
|turn|24
|c| MegaSwagpert|why hasnt toxic been ticking?
|
|move|p2a: Alomomola|Scald|p1a: Clefable
|-damage|p1a: Clefable|274\/394 tox
|move|p1a: Clefable|Moonblast|p2a: Alomomola
|-damage|p2a: Alomomola|0 fnt
|faint|p2a: Alomomola
|
|win|Yun0 Gasai
|c|★Yun0 Gasai|geg
|c| gigaimpactblissey|magic guard
|c| wolfn|magic guard
|c| ffc - land|clefable that's a best stall braker
|c|★Ox the Fox|gg
|leave|Yun0 Gasai
|c| MegaSwagpert|oh i see
|leave|LadderSoTall
|leave|Ox the Fox
|player|p1
|leave|Ninja in Training
|leave|aurao
|player|p2
|leave|senegal
|leave|Maiora
|leave|gigaimpactblissey
|leave|QuagGod
|leave|AlldaAlts
|leave|WhyPokemonWhy
|leave|TheObsessed
|join|pyromaniac 963
|leave|iKray
|leave|slim mattie
|leave|wolfn
|leave|jimmyjon
|leave|shadowthorn
|c| MegaSwagpert|i forgot it got that, ive seen more unaware
|leave|ffc - land
|leave|MegaSwagpert
|leave|AV Lugia
|leave|pyromaniac 963
|leave|I'm Virus (~'o')~
|join|Too much swog
|leave|Hoole Suspect
|join|muhfugginmoo5e
|leave|EternusDraco