|join|Ox the Fox
|join|Gizmo
|player|p1|Ox the Fox|201
|player|p2|Gizmo|7
|gametype|singles
|gen|6
|tier|OU
|clearpoke
|poke|p1|Latias, F
|poke|p1|Alomomola, F
|poke|p1|Chansey, F
|poke|p1|Chesnaught, F
|poke|p1|Heatran, M
|poke|p1|Gothitelle, F
|poke|p2|Gyarados, M, shiny
|poke|p2|Heatran, M, shiny
|poke|p2|Azumarill, M, shiny
|poke|p2|Bisharp, M, shiny
|poke|p2|Latias, F, shiny
|poke|p2|Landorus-Therian, M, shiny
|rule|Swagger Clause: Swagger is banned
|rule|Baton Pass Clause: Limit one Pokémon knowing Baton Pass
|rule|Sleep Clause Mod: Limit one foe put to sleep
|rule|Species Clause: Limit one of each Pokémon
|rule|OHKO Clause: OHKO moves are banned
|rule|Moody Clause: Moody is banned
|rule|Evasion Moves Clause: Evasion moves are banned
|rule|Endless Battle Clause: Forcing endless battles is banned
|rule|HP Percentage Mod: HP is shown in percentages
|teampreview
|
|start
|switch|p1a: Latias|Latias, F|363\/363
|switch|p2a: Landorus-Therian|Landorus-Therian, M, shiny|368\/368
|-ability|p2a: Landorus-Therian|Intimidate|[of] p1a: Latias
|-unboost|p1a: Latias|atk|1
|turn|1
|c|★Gizmo|you better not be the whirlpool bullshit
|c|★Gizmo|i'll cut a bitch
|
|detailschange|p1a: Latias|Latias-Mega, F
|-mega|p1a: Latias|Latias|Latiasite
|move|p1a: Latias|Whirlpool|p2a: Landorus-Therian
|-supereffective|p2a: Landorus-Therian
|-damage|p2a: Landorus-Therian|272\/368
|-activate|p2a: Landorus-Therian|move: Whirlpool|[of] p1a: Latias
|move|p2a: Landorus-Therian|Stealth Rock|p1a: Latias
|-sidestart|p1: Ox the Fox|move: Stealth Rock
|
|-heal|p2a: Landorus-Therian|295\/368|[from] item: Leftovers
|-damage|p2a: Landorus-Therian|249\/368|[from] move: Whirlpool|[partiallytrapped]
|turn|2
|
|move|p1a: Latias|Reflect Type|p2a: Landorus-Therian
|-start|p1a: Latias|typechange|[from] move: Reflect Type|[of] p2a: Landorus-Therian
|move|p2a: Landorus-Therian|U-turn|p1a: Latias
|-resisted|p1a: Latias
|-damage|p1a: Latias|338\/363
|c|★Ox the Fox|got rid of ice beam :[
|c|★Gizmo|for what?
|c|★Gizmo|beam is crispy
|c|★Gizmo|you can't trap gliscor
|c|★Ox the Fox|psywave
|
|switch|p2a: Azumarill|Azumarill, M, shiny|352\/352
|
|turn|3
|c|★Gizmo|!dt psywave
|c|~|\/data-move Psywave
|raw|<font size="1"><font color=#585858>Priority:<\/font> 0&nbsp;|&ThickSpace;<font color=#585858><font color=black>&#10003; Blocked by Protect<\/font><\/font>&nbsp;|&ThickSpace;<font color=#585858>Target:<\/font> One Adjacent Pokemon<\/font>
|c|★Gizmo|i hope you're joking.
|c|★Ox the Fox|lol
|c|★Gizmo|FUCKED UP MY SETS AGAIN
|c|★Gizmo|HOLY SHIT
|c|★Gizmo|BD AZU WITH NO BD
|
|move|p1a: Latias|Reflect Type|p2a: Azumarill
|-start|p1a: Latias|typechange|[from] move: Reflect Type|[of] p2a: Azumarill
|move|p2a: Azumarill|Play Rough|p1a: Latias
|-damage|p1a: Latias|190\/363
|
|turn|4
|
|move|p1a: Latias|Roost|p1a: Latias
|-heal|p1a: Latias|363\/363
|move|p2a: Azumarill|Play Rough|p1a: Latias
|-damage|p1a: Latias|216\/363
|
|turn|5
|c|★Gizmo|this shit is so gay
|c|★Gizmo|who runs this
|
|move|p1a: Latias|Psywave|p2a: Azumarill
|-damage|p2a: Azumarill|249\/352
|move|p2a: Azumarill|Play Rough|p1a: Latias
|-damage|p1a: Latias|87\/363
|
|turn|6
|c|★Ox the Fox|me
|c|★Gizmo|i wish
|c|★Gizmo|no one
|c|★Gizmo|ever
|c|★Gizmo|knew about this
|c|★Gizmo|god damn set
|c|★Ox the Fox|I went for whirlpool
|c|★Ox the Fox|:[
|c|★Gizmo|every time i open my mouth
|c|★Ox the Fox|wati what
|c|★Ox the Fox|i picked a move
|c|★Gizmo|something bad happens
|
|move|p1a: Latias|Roost|p1a: Latias
|-heal|p1a: Latias|269\/363
|move|p2a: Azumarill|Play Rough|p1a: Latias
|-damage|p1a: Latias|137\/363
|
|turn|7
|
|move|p1a: Latias|Roost|p1a: Latias
|-heal|p1a: Latias|319\/363
|move|p2a: Azumarill|Play Rough|p1a: Latias
|-damage|p1a: Latias|181\/363
|
|turn|8
|c|★Gizmo|bd azu
|c|★Gizmo|without bd
|c|★Gizmo|sigh.
|c|★Ox the Fox|lol
|c|★Ox the Fox|i want quagsire
|c|★Ox the Fox|but fuck metagross
|
|move|p1a: Latias|Roost|p1a: Latias
|-heal|p1a: Latias|363\/363
|move|p2a: Azumarill|Play Rough|p1a: Latias
|-damage|p1a: Latias|230\/363
|
|turn|9
|c|★Gizmo|i can't
|c|★Gizmo|i'm crying inside
|c|★Gizmo|\/me waves white flag
|-message|Gizmo forfeited.
|
|win|Ox the Fox