|join|ZappyBoy
|join|Yyum
|player|p1|ZappyBoy|156
|player|p2|Yyum|234
|gametype|singles
|gen|6
|tier|OU
|rated
|clearpoke
|poke|p1|Tyranitar, M
|poke|p1|Excadrill, M
|poke|p1|Venusaur, F, shiny
|poke|p1|Thundurus, M
|poke|p1|Breloom, F
|poke|p1|Ferrothorn, M
|poke|p2|Aerodactyl, F
|poke|p2|Manectric, F
|poke|p2|Greninja, F
|poke|p2|Dragonite, M
|poke|p2|Bisharp, F
|poke|p2|Azumarill, M
|rule|Swagger Clause: Swagger is banned
|rule|Baton Pass Clause: Limit one Pokémon knowing Baton Pass
|rule|Sleep Clause Mod: Limit one foe put to sleep
|rule|Species Clause: Limit one of each Pokémon
|rule|OHKO Clause: OHKO moves are banned
|rule|Moody Clause: Moody is banned
|rule|Evasion Moves Clause: Evasion moves are banned
|rule|Endless Battle Clause: Forcing endless battles is banned
|rule|HP Percentage Mod: HP is shown in percentages
|teampreview
|join|bRiAnA sUx
|
|start
|switch|p1a: GODZILLA|Tyranitar, M|342\/342
|switch|p2a: Aerodactyl|Aerodactyl, F|301\/301
|-ability|p2a: Aerodactyl|Pressure
|-weather|Sandstorm
|turn|1
|
|move|p2a: Aerodactyl|Stealth Rock|p1a: GODZILLA
|-sidestart|p1: ZappyBoy|move: Stealth Rock
|move|p1a: GODZILLA|Ice Beam|p2a: Aerodactyl
|-supereffective|p2a: Aerodactyl
|-damage|p2a: Aerodactyl|149\/301
|
|-weather|Sandstorm|[upkeep]
|turn|2
|
|switch|p1a: Ferrothorn|Ferrothorn, M|352\/352
|-damage|p1a: Ferrothorn|330\/352|[from] Stealth Rock
|move|p2a: Aerodactyl|Earthquake|p1a: Ferrothorn
|-damage|p1a: Ferrothorn|269\/352
|
|-weather|Sandstorm|[upkeep]
|turn|3
|
|move|p2a: Aerodactyl|Taunt|p1a: Ferrothorn
|-start|p1a: Ferrothorn|move: Taunt
|move|p1a: Ferrothorn|Gyro Ball|p2a: Aerodactyl
|-supereffective|p2a: Aerodactyl
|-damage|p2a: Aerodactyl|0 fnt
|faint|p2a: Aerodactyl
|
|-weather|Sandstorm|[upkeep]
|
|switch|p2a: Manectric|Manectric, F|302\/302
|turn|4
|
|switch|p1a: GODZILLA|Tyranitar, M|342\/342
|-damage|p1a: GODZILLA|300\/342|[from] Stealth Rock
|move|p2a: Manectric|Volt Switch|p1a: GODZILLA
|-damage|p1a: GODZILLA|231\/342
|
|switch|p2a: Azumarill|Azumarill, M|404\/404
|
|-weather|Sandstorm|[upkeep]
|-damage|p2a: Azumarill|379\/404|[from] sandstorm
|turn|5
|
|switch|p1a: Ferrothorn|Ferrothorn, M|269\/352
|-damage|p1a: Ferrothorn|247\/352|[from] Stealth Rock
|switch|p2a: Dragonite|Dragonite, M|323\/323
|
|-weather|none
|turn|6
|
|move|p2a: Dragonite|Fire Blast|p1a: Ferrothorn
|-supereffective|p1a: Ferrothorn
|-damage|p1a: Ferrothorn|0 fnt
|-damage|p2a: Dragonite|291\/323|[from] item: Life Orb
|faint|p1a: Ferrothorn
|
|
|switch|p1a: Gurrenlaggan|Excadrill, M|362\/362
|-damage|p1a: Gurrenlaggan|351\/362|[from] Stealth Rock
|-ability|p1a: Gurrenlaggan|Mold Breaker
|turn|7
|
|switch|p2a: Azumarill|Azumarill, M|379\/404
|move|p1a: Gurrenlaggan|Rock Slide|p2a: Azumarill
|-damage|p2a: Azumarill|262\/404
|
|turn|8
|
|switch|p1a: Ms. Sunshine|Venusaur, F, shiny|351\/351
|-damage|p1a: Ms. Sunshine|308\/351|[from] Stealth Rock
|move|p2a: Azumarill|Waterfall|p1a: Ms. Sunshine
|-resisted|p1a: Ms. Sunshine
|-damage|p1a: Ms. Sunshine|217\/351
|
|turn|9
|
|switch|p2a: Bisharp|Bisharp, F|271\/271
|detailschange|p1a: Ms. Sunshine|Venusaur-Mega, F, shiny
|message|Venusaur has Mega Evolved into Mega Venusaur!
|move|p1a: Ms. Sunshine|Leech Seed|p2a: Bisharp
|-start|p2a: Bisharp|move: Leech Seed
|
|-damage|p2a: Bisharp|238\/271|[from] Leech Seed|[of] p1a: Ms. Sunshine
|-heal|p1a: Ms. Sunshine|250\/351|[silent]
|turn|10
|
|switch|p2a: Dragonite|Dragonite, M|291\/323
|move|p1a: Ms. Sunshine|Giga Drain|p2a: Dragonite
|-resisted|p2a: Dragonite
|-damage|p2a: Dragonite|264\/323
|-heal|p1a: Ms. Sunshine|264\/351|[from] drain|[of] p2a: Dragonite
|
|turn|11
|
|move|p2a: Dragonite|Draco Meteor|p1a: Ms. Sunshine
|-damage|p1a: Ms. Sunshine|89\/351
|-unboost|p2a: Dragonite|spa|2
|-damage|p2a: Dragonite|232\/323|[from] item: Life Orb
|move|p1a: Ms. Sunshine|Leech Seed|p2a: Dragonite
|-start|p2a: Dragonite|move: Leech Seed
|
|-damage|p2a: Dragonite|192\/323|[from] Leech Seed|[of] p1a: Ms. Sunshine
|-heal|p1a: Ms. Sunshine|129\/351|[silent]
|turn|12
|
|switch|p2a: Bisharp|Bisharp, F|238\/271
|move|p1a: Ms. Sunshine|Synthesis|p1a: Ms. Sunshine
|-heal|p1a: Ms. Sunshine|304\/351
|
|turn|13
|
|move|p2a: Bisharp|Swords Dance|p2a: Bisharp
|-boost|p2a: Bisharp|atk|2
|move|p1a: Ms. Sunshine|Leech Seed|p2a: Bisharp|[miss]
|-miss|p1a: Ms. Sunshine|p2a: Bisharp
|
|turn|14
|
|move|p2a: Bisharp|Iron Head|p1a: Ms. Sunshine
|-damage|p1a: Ms. Sunshine|0 fnt
|-damage|p2a: Bisharp|211\/271|[from] item: Life Orb
|faint|p1a: Ms. Sunshine
|
|
|switch|p1a: Srooms|Breloom, F|262\/262
|-damage|p1a: Srooms|246\/262|[from] Stealth Rock
|turn|15
|
|move|p1a: Srooms|Spore|p2a: Bisharp
|-status|p2a: Bisharp|slp
|cant|p2a: Bisharp|slp
|
|turn|16
|
|switch|p2a: Dragonite|Dragonite, M|192\/323
|move|p1a: Srooms|Mach Punch|p2a: Dragonite
|-resisted|p2a: Dragonite
|-damage|p2a: Dragonite|126\/323
|
|turn|17
|
|switch|p1a: GODZILLA|Tyranitar, M|231\/342
|-damage|p1a: GODZILLA|189\/342|[from] Stealth Rock
|-weather|Sandstorm
|move|p2a: Dragonite|Extreme Speed|p1a: GODZILLA
|-resisted|p1a: GODZILLA
|-damage|p1a: GODZILLA|137\/342
|-damage|p2a: Dragonite|94\/323|[from] item: Life Orb
|
|-weather|Sandstorm|[upkeep]
|-damage|p2a: Dragonite|74\/323|[from] sandstorm
|turn|18
|
|switch|p1a: Gurrenlaggan|Excadrill, M|351\/362
|-damage|p1a: Gurrenlaggan|340\/362|[from] Stealth Rock
|-ability|p1a: Gurrenlaggan|Mold Breaker
|switch|p2a: Bisharp|Bisharp, F|211\/271 slp
|
|-weather|Sandstorm|[upkeep]
|turn|19
|
|cant|p2a: Bisharp|slp
|move|p1a: Gurrenlaggan|Earthquake|p2a: Bisharp
|-supereffective|p2a: Bisharp
|-damage|p2a: Bisharp|0 fnt
|faint|p2a: Bisharp
|
|-weather|Sandstorm|[upkeep]
|
|switch|p2a: Azumarill|Azumarill, M|262\/404
|turn|20
|
|move|p2a: Azumarill|Aqua Jet|p1a: Gurrenlaggan
|-supereffective|p1a: Gurrenlaggan
|-damage|p1a: Gurrenlaggan|64\/362
|move|p1a: Gurrenlaggan|Earthquake|p2a: Azumarill
|-damage|p2a: Azumarill|13\/404
|-enditem|p2a: Azumarill|Sitrus Berry|[eat]
|-heal|p2a: Azumarill|114\/404|[from] item: Sitrus Berry
|
|-weather|Sandstorm|[upkeep]
|-damage|p2a: Azumarill|89\/404|[from] sandstorm
|turn|21
|
|move|p2a: Azumarill|Aqua Jet|p1a: Gurrenlaggan
|-supereffective|p1a: Gurrenlaggan
|-damage|p1a: Gurrenlaggan|0 fnt
|faint|p1a: Gurrenlaggan
|
|-weather|none
|
|switch|p1a: Srooms|Breloom, F|246\/262
|-damage|p1a: Srooms|230\/262|[from] Stealth Rock
|turn|22
|
|switch|p2a: Dragonite|Dragonite, M|74\/323
|move|p1a: Srooms|Bullet Seed|p2a: Dragonite
|-resisted|p2a: Dragonite
|-damage|p2a: Dragonite|53\/323
|-resisted|p2a: Dragonite
|-damage|p2a: Dragonite|33\/323
|-hitcount|p2a: Dragonite|2
|
|turn|23
|
|move|p2a: Dragonite|Extreme Speed|p1a: Srooms
|-damage|p1a: Srooms|82\/262
|-damage|p2a: Dragonite|1\/323|[from] item: Life Orb
|move|p1a: Srooms|Mach Punch|p2a: Dragonite
|-resisted|p2a: Dragonite
|-damage|p2a: Dragonite|0 fnt
|faint|p2a: Dragonite
|
|
|switch|p2a: Manectric|Manectric, F|302\/302
|turn|24
|
|switch|p1a: GODZILLA|Tyranitar, M|137\/342
|-damage|p1a: GODZILLA|95\/342|[from] Stealth Rock
|-weather|Sandstorm
|detailschange|p2a: Manectric|Manectric-Mega, F
|message|Manectric has Mega Evolved into Mega Manectric!
|-ability|p2a: Manectric|Intimidate|[of] p1a: GODZILLA
|-unboost|p1a: GODZILLA|atk|1
|move|p2a: Manectric|Volt Switch|p1a: GODZILLA
|-damage|p1a: GODZILLA|16\/342
|
|switch|p2a: Azumarill|Azumarill, M|89\/404
|
|-weather|Sandstorm|[upkeep]
|-damage|p2a: Azumarill|64\/404|[from] sandstorm
|turn|25
|
|switch|p1a: Srooms|Breloom, F|82\/262
|-damage|p1a: Srooms|66\/262|[from] Stealth Rock
|move|p2a: Azumarill|Aqua Jet|p1a: Srooms
|-resisted|p1a: Srooms
|-damage|p1a: Srooms|17\/262
|
|-weather|Sandstorm|[upkeep]
|-damage|p1a: Srooms|1\/262|[from] sandstorm
|-damage|p2a: Azumarill|39\/404|[from] sandstorm
|turn|26
|
|move|p1a: Srooms|Mach Punch|p2a: Azumarill
|-resisted|p2a: Azumarill
|-damage|p2a: Azumarill|0 fnt
|faint|p2a: Azumarill
|
|-weather|Sandstorm|[upkeep]
|-damage|p1a: Srooms|0 fnt|[from] sandstorm
|faint|p1a: Srooms
|
|switch|p2a: Greninja|Greninja, F|285\/285
|switch|p1a: GODZILLA|Tyranitar, M|16\/342
|-damage|p1a: GODZILLA|0 fnt|[from] Stealth Rock
|faint|p1a: GODZILLA
|c|★ZappyBoy|lol that was a bad switch
|
|switch|p1a: Thundasura|Thundurus, M|299\/299
|-damage|p1a: Thundasura|225\/299|[from] Stealth Rock
|turn|27
|c|★Yyum|yea. XD that's why i sacked azu
|
|move|p1a: Thundasura|Thunder Wave|p2a: Greninja
|-status|p2a: Greninja|par
|cant|p2a: Greninja|par
|
|-weather|Sandstorm|[upkeep]
|-damage|p1a: Thundasura|207\/299|[from] sandstorm
|-damage|p2a: Greninja|268\/285 par|[from] sandstorm
|turn|28
|
|move|p1a: Thundasura|Focus Blast|p2a: Greninja
|-supereffective|p2a: Greninja
|-damage|p2a: Greninja|0 fnt
|-damage|p1a: Thundasura|178\/299|[from] item: Life Orb
|faint|p2a: Greninja
|
|-weather|none
|c|★Yyum|gg
|
|switch|p2a: Manectric|Manectric-Mega, F|302\/302
|-ability|p2a: Manectric|Intimidate|[of] p1a: Thundasura
|-unboost|p1a: Thundasura|atk|1
|turn|29
|
|move|p1a: Thundasura|Focus Blast|p2a: Manectric
|-damage|p2a: Manectric|121\/302
|-damage|p1a: Thundasura|149\/299|[from] item: Life Orb
|move|p2a: Manectric|Thunderbolt|p1a: Thundasura
|-damage|p1a: Thundasura|0 fnt
|faint|p1a: Thundasura
|
|win|Yyum
|raw|Ladder updating...
|raw|ZappyBoy's rating: 1511 &rarr; <strong>1491<\/strong><br \/>(-20 for losing)
|raw|Yyum's rating: 1479 &rarr; <strong>1501<\/strong><br \/>(+22 for winning)
|leave|ZappyBoy
|player|p1
|leave|Yyum
|player|p2