|join|ZappyBoy
|join|volcarno129
|player|p1|ZappyBoy|156
|player|p2|volcarno129|209
|gametype|singles
|gen|6
|tier|OU
|rated
|clearpoke
|poke|p1|Metagross
|poke|p1|Keldeo
|poke|p1|Landorus-Therian, M
|poke|p1|Thundurus, M
|poke|p1|Victini
|poke|p1|Latias, F
|poke|p2|Ferrothorn, M
|poke|p2|Landorus-Therian, M
|poke|p2|Clefable, F
|poke|p2|Gyarados, F
|poke|p2|Hawlucha, M
|poke|p2|Latias, F
|rule|Swagger Clause: Swagger is banned
|rule|Baton Pass Clause: Limit one Pokémon knowing Baton Pass
|rule|Sleep Clause Mod: Limit one foe put to sleep
|rule|Species Clause: Limit one of each Pokémon
|rule|OHKO Clause: OHKO moves are banned
|rule|Moody Clause: Moody is banned
|rule|Evasion Moves Clause: Evasion moves are banned
|rule|Endless Battle Clause: Forcing endless battles is banned
|rule|HP Percentage Mod: HP is shown in percentages
|teampreview
|
|start
|switch|p1a: Victini|Victini|341\/341
|switch|p2a: Ago|Gyarados, F|331\/331
|-ability|p2a: Ago|Intimidate|[of] p1a: Victini
|-unboost|p1a: Victini|atk|1
|turn|1
|join|DOGE EBINEST
|
|detailschange|p2a: Ago|Gyarados-Mega, F
|-mega|p2a: Ago|Gyarados|Gyaradosite
|-ability|p2a: Ago|Mold Breaker
|move|p1a: Victini|U-turn|p2a: Ago
|-supereffective|p2a: Ago
|-damage|p2a: Ago|239\/331
|
|switch|p1a: Keldeo|Keldeo|353\/353
|move|p2a: Ago|Waterfall|p1a: Keldeo
|-resisted|p1a: Keldeo
|-damage|p1a: Keldeo|249\/353
|
|-heal|p1a: Keldeo|271\/353|[from] item: Leftovers
|turn|2
|
|switch|p2a: Ago|Latias, F|301\/301
|move|p1a: Keldeo|Icy Wind|p2a: Ago
|-supereffective|p2a: Ago
|-damage|p2a: Ago|185\/301
|-unboost|p2a: Ago|spe|1
|
|-heal|p1a: Keldeo|293\/353|[from] item: Leftovers
|turn|3
|c|★volcarno129|wow uh
|c|★volcarno129|good set
|c|★volcarno129|:D!
|c|★ZappyBoy|i thought every keldeo got icywind
|c| DOGE EBINEST|lefties icy wind
|c| DOGE EBINEST|thats good
|
|switch|p1a: Metagross|Metagross|339\/339
|move|p2a: Ago|Draco Meteor|p1a: Metagross
|-resisted|p1a: Metagross
|-damage|p1a: Metagross|206\/339
|-unboost|p2a: Ago|spa|2
|-damage|p2a: Ago|155\/301|[from] item: Life Orb
|
|turn|4
|c|★volcarno129|no its bad
|c|★volcarno129|ur bad!
|c|★volcarno129|:<
|c| DOGE EBINEST|http:\/\/i.imgur.com\/jYMDlLq.png
|
|switch|p2a: Ago|Landorus-Therian, M|319\/319
|-ability|p2a: Ago|Intimidate|[of] p1a: Metagross
|-fail|p1a: Metagross|unboost|[from] ability: Clear Body|[of] p1a: Metagross
|switch|p1a: Keldeo|Keldeo|293\/353
|
|-heal|p1a: Keldeo|315\/353|[from] item: Leftovers
|turn|5
|join|akkeshi
|
|move|p2a: Ago|Explosion|p1a: Keldeo
|-damage|p1a: Keldeo|0 fnt
|faint|p2a: Ago
|faint|p1a: Keldeo
|
|c|★ZappyBoy|hahahaaaaaaaaa
|
|switch|p1a: Victini|Victini|341\/341
|switch|p2a: Ago|Gyarados-Mega, F|239\/331
|-ability|p2a: Ago|Mold Breaker
|turn|6
|c|★ZappyBoy|thanks.. i didnt want to deal with lando either xD
|
|switch|p2a: Ago|Ferrothorn, M|352\/352
|move|p1a: Victini|Bolt Strike|p2a: Ago
|-crit|p2a: Ago
|-resisted|p2a: Ago
|-damage|p2a: Ago|284\/352
|-damage|p1a: Victini|299\/341|[from] ability: Iron Barbs|[of] p2a: Ago
|-status|p2a: Ago|par
|
|-heal|p2a: Ago|306\/352 par|[from] item: Leftovers
|turn|7
|c|★volcarno129|wow...
|c|★volcarno129|uh
|c|★volcarno129|ok..............
|
|switch|p1a: Landorus-Therian|Landorus-Therian, M|382\/382
|-ability|p1a: Landorus-Therian|Intimidate|[of] p2a: Ago
|-unboost|p2a: Ago|atk|1
|cant|p2a: Ago|par
|
|-heal|p2a: Ago|328\/352 par|[from] item: Leftovers
|turn|8
|
|move|p1a: Landorus-Therian|Knock Off|p2a: Ago
|-damage|p2a: Ago|224\/352 par
|-damage|p1a: Landorus-Therian|335\/382|[from] ability: Iron Barbs|[of] p2a: Ago
|-enditem|p2a: Ago|Leftovers|[from] move: Knock Off|[of] p1a: Landorus-Therian
|cant|p2a: Ago|par
|
|-heal|p1a: Landorus-Therian|358\/382|[from] item: Leftovers
|turn|9
|c|★ZappyBoy|well thats unfortunate
|c|★volcarno129|fuck you.
|
|move|p1a: Landorus-Therian|Stealth Rock|p2a: Ago
|-sidestart|p2: volcarno129|move: Stealth Rock
|cant|p2a: Ago|par
|
|-heal|p1a: Landorus-Therian|381\/382|[from] item: Leftovers
|turn|10
|c| akkeshi|rekt
|c|★ZappyBoy|loooool thats for saying fuck u to me
|c|★volcarno129|I don't fucking care
|c|★volcarno129|click faster
|join|Updated Kanto
|
|move|p1a: Landorus-Therian|Earthquake|p2a: Ago
|-damage|p2a: Ago|62\/352 par
|move|p2a: Ago|Stealth Rock|p1a: Landorus-Therian
|-sidestart|p1: ZappyBoy|move: Stealth Rock
|
|-heal|p1a: Landorus-Therian|382\/382|[from] item: Leftovers
|turn|11
|
|move|p1a: Landorus-Therian|U-turn|p2a: Ago
|-damage|p2a: Ago|0 fnt
|-damage|p1a: Landorus-Therian|335\/382|[from] ability: Iron Barbs|[of] p2a: Ago
|faint|p2a: Ago
|join|volcarno
|
|switch|p1a: Thundurus|Thundurus, M|299\/299
|-damage|p1a: Thundurus|225\/299|[from] Stealth Rock
|
|
|switch|p2a: Ago|Latias, F|155\/301
|-damage|p2a: Ago|118\/301|[from] Stealth Rock
|turn|12
|
|move|p1a: Thundurus|Hidden Power|p2a: Ago
|-supereffective|p2a: Ago
|-damage|p2a: Ago|0 fnt
|-damage|p1a: Thundurus|196\/299|[from] item: Life Orb
|faint|p2a: Ago
|
|
|switch|p2a: Ago|Clefable, F|394\/394
|turn|13
|
|move|p1a: Thundurus|Sludge Wave|p2a: Ago
|-supereffective|p2a: Ago
|-damage|p2a: Ago|105\/394
|-damage|p1a: Thundurus|167\/299|[from] item: Life Orb
|move|p2a: Ago|Flamethrower|p1a: Thundurus
|-damage|p1a: Thundurus|93\/299
|
|-heal|p2a: Ago|129\/394|[from] item: Leftovers
|turn|14
|-message|volcarno129 forfeited.
|
|win|ZappyBoy
|raw|Ladder updating...
|leave|Updated Kanto
|raw|ZappyBoy's rating: 1553 &rarr; <strong>1575<\/strong><br \/>(+22 for winning)
|raw|volcarno129's rating: 1592 &rarr; <strong>1569<\/strong><br \/>(-23 for losing)
|leave|ZappyBoy
|player|p1
|leave|volcarnal
|join|Breeloom
|leave|Breeloom