|join|hide rock
|join|Defensive Yanmega
|player|p1|hide rock|51
|player|p2|Defensive Yanmega|29
|gametype|singles
|gen|6
|tier|UU
|rated
|rule|Sleep Clause Mod: Limit one foe put to sleep
|rule|Species Clause: Limit one of each Pokémon
|rule|OHKO Clause: OHKO moves are banned
|rule|Moody Clause: Moody is banned
|rule|Evasion Moves Clause: Evasion moves are banned
|rule|Endless Battle Clause: Forcing endless battles is banned
|rule|HP Percentage Mod: HP is shown in percentages
|clearpoke
|poke|p1|Cresselia, F
|poke|p1|Celebi
|poke|p1|Swampert, M
|poke|p1|Blissey, F
|poke|p1|Alomomola, F
|poke|p1|Empoleon, M
|poke|p2|Yanmega, M
|poke|p2|Arcanine, F
|poke|p2|Blastoise, F
|poke|p2|Mienshao, F
|poke|p2|Galvantula, M
|poke|p2|Jirachi
|rule|Swagger Clause: Swagger is banned
|rule|Baton Pass Clause: Limit one Pokémon knowing Baton Pass
|teampreview
|c|★Defensive Yanmega|wow, stall this low on the ladder
|
|start
|switch|p1a: Blissey|Blissey, F|714\/714
|switch|p2a: Yanmega|Yanmega, M|338\/338
|turn|1
|
|switch|p2a: Galvantula|Galvantula, M|282\/282
|move|p1a: Blissey|Seismic Toss|p2a: Galvantula
|-damage|p2a: Galvantula|182\/282
|
|turn|2
|
|move|p2a: Galvantula|Sticky Web|p1a: Blissey
|-sidestart|p1: hide rock|move: Sticky Web
|move|p1a: Blissey|Seismic Toss|p2a: Galvantula
|-damage|p2a: Galvantula|82\/282
|
|turn|3
|
|switch|p2a: Mienshao|Mienshao, F|272\/272
|move|p1a: Blissey|Thunder Wave|p2a: Mienshao
|-status|p2a: Mienshao|par
|
|turn|4
|
|switch|p1a: Alomomola|Alomomola, F|534\/534
|-activate|p1a: Alomomola|move: Sticky Web
|-unboost|p1a: Alomomola|spe|1
|move|p2a: Mienshao|U-turn|p1a: Alomomola
|-damage|p1a: Alomomola|439\/534
|-damage|p2a: Mienshao|245\/272 par|[from] item: Life Orb
|
|switch|p2a: Yanmega|Yanmega, M|338\/338
|
|-heal|p1a: Alomomola|472\/534|[from] item: Leftovers
|turn|5
|
|switch|p1a: Blissey|Blissey, F|714\/714
|-activate|p1a: Blissey|move: Sticky Web
|-unboost|p1a: Blissey|spe|1
|move|p2a: Yanmega|Bug Buzz|p1a: Blissey
|-damage|p1a: Blissey|585\/714
|-unboost|p1a: Blissey|spd|1
|-damage|p2a: Yanmega|305\/338|[from] item: Life Orb
|
|-heal|p1a: Blissey|629\/714|[from] item: Leftovers
|-boost|p2a: Yanmega|spe|1|[from] ability: Speed Boost
|turn|6
|
|switch|p2a: Mienshao|Mienshao, F|272\/272 par
|move|p1a: Blissey|Seismic Toss|p2a: Mienshao
|-damage|p2a: Mienshao|172\/272 par
|
|-heal|p1a: Blissey|673\/714|[from] item: Leftovers
|turn|7
|
|switch|p1a: Alomomola|Alomomola, F|534\/534
|-activate|p1a: Alomomola|move: Sticky Web
|-unboost|p1a: Alomomola|spe|1
|move|p2a: Mienshao|High Jump Kick|p1a: Alomomola
|-damage|p1a: Alomomola|295\/534
|-damage|p2a: Mienshao|145\/272 par|[from] item: Life Orb
|
|-heal|p1a: Alomomola|328\/534|[from] item: Leftovers
|turn|8
|
|switch|p2a: Yanmega|Yanmega, M|305\/338
|move|p1a: Alomomola|Scald|p2a: Yanmega
|-damage|p2a: Yanmega|229\/338
|
|-heal|p1a: Alomomola|361\/534|[from] item: Leftovers
|turn|9
|
|switch|p1a: Blissey|Blissey, F|673\/714
|-activate|p1a: Blissey|move: Sticky Web
|-unboost|p1a: Blissey|spe|1
|move|p2a: Yanmega|Giga Drain|p1a: Blissey
|-damage|p1a: Blissey|600\/714
|-heal|p2a: Yanmega|266\/338|[from] drain|[of] p1a: Blissey
|-damage|p2a: Yanmega|233\/338|[from] item: Life Orb
|
|-heal|p1a: Blissey|644\/714|[from] item: Leftovers
|-boost|p2a: Yanmega|spe|1|[from] ability: Speed Boost
|turn|10
|
|switch|p2a: Mienshao|Mienshao, F|235\/272 par
|move|p1a: Blissey|Seismic Toss|p2a: Mienshao
|-damage|p2a: Mienshao|135\/272 par
|
|-heal|p1a: Blissey|688\/714|[from] item: Leftovers
|turn|11
|
|switch|p1a: Alomomola|Alomomola, F|534\/534
|-activate|p1a: Alomomola|move: Sticky Web
|-unboost|p1a: Alomomola|spe|1
|move|p2a: Mienshao|High Jump Kick|p1a: Alomomola
|-damage|p1a: Alomomola|281\/534
|-damage|p2a: Mienshao|108\/272 par|[from] item: Life Orb
|
|-heal|p1a: Alomomola|314\/534|[from] item: Leftovers
|turn|12
|
|switch|p2a: Blastoise|Blastoise, F|362\/362
|move|p1a: Alomomola|Scald|p2a: Blastoise
|-resisted|p2a: Blastoise
|-damage|p2a: Blastoise|341\/362
|
|-heal|p1a: Alomomola|347\/534|[from] item: Leftovers
|turn|13
|
|switch|p2a: Mienshao|Mienshao, F|198\/272 par
|switch|p1a: Blissey|Blissey, F|688\/714
|-activate|p1a: Blissey|move: Sticky Web
|-unboost|p1a: Blissey|spe|1
|
|-heal|p1a: Blissey|714\/714|[from] item: Leftovers
|turn|14
|
|switch|p1a: Alomomola|Alomomola, F|525\/534
|-activate|p1a: Alomomola|move: Sticky Web
|-unboost|p1a: Alomomola|spe|1
|move|p2a: Mienshao|U-turn|p1a: Alomomola
|-damage|p1a: Alomomola|437\/534
|-damage|p2a: Mienshao|171\/272 par|[from] item: Life Orb
|
|switch|p2a: Yanmega|Yanmega, M|233\/338
|
|-heal|p1a: Alomomola|470\/534|[from] item: Leftovers
|turn|15
|
|switch|p2a: Mienshao|Mienshao, F|261\/272 par
|switch|p1a: Empoleon|Empoleon, M|372\/372
|-activate|p1a: Empoleon|move: Sticky Web
|-unboost|p1a: Empoleon|spe|1
|
|turn|16
|c|★Defensive Yanmega|go ahead defog
|c|★Defensive Yanmega|make my day
|
|switch|p1a: Alomomola|Alomomola, F|534\/534
|-activate|p1a: Alomomola|move: Sticky Web
|-unboost|p1a: Alomomola|spe|1
|move|p2a: Mienshao|High Jump Kick|p1a: Alomomola
|-damage|p1a: Alomomola|283\/534
|-damage|p2a: Mienshao|234\/272 par|[from] item: Life Orb
|
|-heal|p1a: Alomomola|316\/534|[from] item: Leftovers
|turn|17
|
|move|p1a: Alomomola|Wish|p1a: Alomomola
|move|p2a: Mienshao|High Jump Kick|p1a: Alomomola
|-damage|p1a: Alomomola|61\/534
|-damage|p2a: Mienshao|207\/272 par|[from] item: Life Orb
|
|-heal|p1a: Alomomola|94\/534|[from] item: Leftovers
|turn|18
|
|move|p1a: Alomomola|Toxic|p2a: Mienshao|[miss]
|-miss|p1a: Alomomola|p2a: Mienshao
|move|p2a: Mienshao|U-turn|p1a: Alomomola
|-damage|p1a: Alomomola|0 fnt
|-damage|p2a: Mienshao|180\/272 par|[from] item: Life Orb
|faint|p1a: Alomomola
|c|★Defensive Yanmega|thank god
|c|★Defensive Yanmega|jesus your a terrible person
|c|★Defensive Yanmega|you're
|
|switch|p2a: Jirachi|Jirachi|341\/341
|
|
|switch|p1a: Swampert|Swampert, M|403\/403
|-activate|p1a: Swampert|move: Sticky Web
|-unboost|p1a: Swampert|spe|1
|turn|19
|
|detailschange|p1a: Swampert|Swampert-Mega, M
|-mega|p1a: Swampert|Swampert|Swampertite
|move|p2a: Jirachi|U-turn|p1a: Swampert
|-crit|p1a: Swampert
|-damage|p1a: Swampert|314\/403
|
|switch|p2a: Yanmega|Yanmega, M|233\/338
|move|p1a: Swampert|Scald|p2a: Yanmega
|-damage|p2a: Yanmega|91\/338
|
|turn|20
|c|★Defensive Yanmega|what?
|c|★Defensive Yanmega|lmaoooo
|
|switch|p1a: Blissey|Blissey, F|714\/714
|-activate|p1a: Blissey|move: Sticky Web
|-unboost|p1a: Blissey|spe|1
|move|p2a: Yanmega|Roost|p2a: Yanmega
|-heal|p2a: Yanmega|260\/338
|
|-boost|p2a: Yanmega|spe|1|[from] ability: Speed Boost
|turn|21
|
|switch|p2a: Mienshao|Mienshao, F|270\/272 par
|switch|p1a: Cresselia|Cresselia, F|444\/444
|
|turn|22
|
|move|p1a: Cresselia|Psyshock|p2a: Mienshao
|-supereffective|p2a: Mienshao
|-damage|p2a: Mienshao|40\/272 par
|move|p2a: Mienshao|Knock Off|p1a: Cresselia
|-supereffective|p1a: Cresselia
|-damage|p1a: Cresselia|252\/444
|-enditem|p1a: Cresselia|Leftovers|[from] move: Knock Off|[of] p2a: Mienshao
|-damage|p2a: Mienshao|13\/272 par|[from] item: Life Orb
|
|turn|23
|
|switch|p2a: Jirachi|Jirachi|341\/341
|move|p1a: Cresselia|Thunder Wave|p2a: Jirachi
|-status|p2a: Jirachi|par
|
|turn|24
|
|move|p1a: Cresselia|Moonlight|p1a: Cresselia
|-heal|p1a: Cresselia|444\/444
|move|p2a: Jirachi|U-turn|p1a: Cresselia
|-supereffective|p1a: Cresselia
|-damage|p1a: Cresselia|346\/444
|
|switch|p2a: Yanmega|Yanmega, M|260\/338
|
|turn|25
|
|switch|p2a: Mienshao|Mienshao, F|103\/272 par
|switch|p1a: Empoleon|Empoleon, M|372\/372
|-activate|p1a: Empoleon|move: Sticky Web
|-unboost|p1a: Empoleon|spe|1
|
|turn|26
|
|switch|p1a: Cresselia|Cresselia, F|346\/444
|switch|p2a: Blastoise|Blastoise, F|341\/362
|
|turn|27
|
|detailschange|p2a: Blastoise|Blastoise-Mega, F
|-mega|p2a: Blastoise|Blastoise|Blastoisinite
|move|p2a: Blastoise|Dark Pulse|p1a: Cresselia
|-supereffective|p1a: Cresselia
|-damage|p1a: Cresselia|116\/444
|move|p1a: Cresselia|Thunder Wave|p2a: Blastoise
|-status|p2a: Blastoise|par
|
|turn|28
|c|★Defensive Yanmega|lol, the worst player of all time
|
|switch|p2a: Mienshao|Mienshao, F|193\/272 par
|move|p1a: Cresselia|Moonlight|p1a: Cresselia
|-heal|p1a: Cresselia|338\/444
|
|turn|29
|
|switch|p2a: Jirachi|Jirachi|341\/341 par
|move|p1a: Cresselia|Psyshock|p2a: Jirachi
|-resisted|p2a: Jirachi
|-damage|p2a: Jirachi|322\/341 par
|
|turn|30
|
|switch|p1a: Empoleon|Empoleon, M|372\/372
|-activate|p1a: Empoleon|move: Sticky Web
|-unboost|p1a: Empoleon|spe|1
|move|p2a: Jirachi|Healing Wish|p2a: Jirachi
|faint|p2a: Jirachi
|
|
|switch|p2a: Mienshao|Mienshao, F|272\/272 par
|-heal|p2a: Mienshao|272\/272|[from] move: Healing Wish
|turn|31
|
|switch|p1a: Cresselia|Cresselia, F|338\/444
|move|p2a: Mienshao|High Jump Kick|p1a: Cresselia
|-resisted|p1a: Cresselia
|-damage|p1a: Cresselia|242\/444
|-damage|p2a: Mienshao|245\/272|[from] item: Life Orb
|
|turn|32
|
|move|p2a: Mienshao|U-turn|p1a: Cresselia
|-supereffective|p1a: Cresselia
|-damage|p1a: Cresselia|94\/444
|-damage|p2a: Mienshao|218\/272|[from] item: Life Orb
|
|switch|p2a: Blastoise|Blastoise-Mega, F|341\/362 par
|move|p1a: Cresselia|Moonlight|p1a: Cresselia
|-heal|p1a: Cresselia|316\/444
|
|turn|33
|
|switch|p1a: Blissey|Blissey, F|714\/714
|-activate|p1a: Blissey|move: Sticky Web
|-unboost|p1a: Blissey|spe|1
|move|p2a: Blastoise|Dark Pulse|p1a: Blissey
|-damage|p1a: Blissey|599\/714
|
|-heal|p1a: Blissey|643\/714|[from] item: Leftovers
|turn|34
|
|switch|p2a: Galvantula|Galvantula, M|82\/282
|move|p1a: Blissey|Thunder Wave|p2a: Galvantula
|-fail|p2a: Galvantula
|
|-heal|p1a: Blissey|687\/714|[from] item: Leftovers
|turn|35
|
|move|p2a: Galvantula|Thunder|p1a: Blissey
|-damage|p1a: Blissey|552\/714
|-status|p1a: Blissey|par
|cant|p1a: Blissey|par
|
|-heal|p1a: Blissey|596\/714 par|[from] item: Leftovers
|turn|36
|
|move|p2a: Galvantula|Bug Buzz|p1a: Blissey
|-damage|p1a: Blissey|499\/714 par
|move|p1a: Blissey|Thunder Wave|p2a: Galvantula
|-fail|p2a: Galvantula
|
|-heal|p1a: Blissey|543\/714 par|[from] item: Leftovers
|turn|37
|
|move|p2a: Galvantula|Bug Buzz|p1a: Blissey
|-damage|p1a: Blissey|437\/714 par
|move|p1a: Blissey|Seismic Toss|p2a: Galvantula
|-damage|p2a: Galvantula|0 fnt
|faint|p2a: Galvantula
|
|-heal|p1a: Blissey|481\/714 par|[from] item: Leftovers
|
|switch|p2a: Mienshao|Mienshao, F|272\/272
|turn|38
|
|switch|p1a: Swampert|Swampert-Mega, M|314\/403
|-activate|p1a: Swampert|move: Sticky Web
|-unboost|p1a: Swampert|spe|1
|move|p2a: Mienshao|Knock Off|p1a: Swampert
|-damage|p1a: Swampert|239\/403
|-damage|p2a: Mienshao|245\/272|[from] item: Life Orb
|
|turn|39
|
|move|p2a: Mienshao|U-turn|p1a: Swampert
|-damage|p1a: Swampert|164\/403
|-damage|p2a: Mienshao|218\/272|[from] item: Life Orb
|
|switch|p2a: Yanmega|Yanmega, M|260\/338
|move|p1a: Swampert|Scald|p2a: Yanmega
|-damage|p2a: Yanmega|124\/338
|
|turn|40
|
|switch|p1a: Empoleon|Empoleon, M|372\/372
|-activate|p1a: Empoleon|move: Sticky Web
|-unboost|p1a: Empoleon|spe|1
|move|p2a: Yanmega|Roost|p2a: Yanmega
|-heal|p2a: Yanmega|293\/338
|
|-boost|p2a: Yanmega|spe|1|[from] ability: Speed Boost
|turn|41
|
|switch|p2a: Blastoise|Blastoise-Mega, F|341\/362 par
|move|p1a: Empoleon|Stealth Rock|p2a: Blastoise
|-sidestart|p2: Defensive Yanmega|move: Stealth Rock
|
|turn|42
|
|switch|p1a: Celebi|Celebi|404\/404
|-activate|p1a: Celebi|move: Sticky Web
|-unboost|p1a: Celebi|spe|1
|move|p2a: Blastoise|Rapid Spin|p1a: Celebi
|-damage|p1a: Celebi|386\/404
|-sideend|p2: Defensive Yanmega|Stealth Rock|[from] move: Rapid Spin|[of] p2a: Blastoise
|
|-heal|p1a: Celebi|404\/404|[from] item: Leftovers
|turn|43
|
|switch|p1a: Empoleon|Empoleon, M|372\/372
|-activate|p1a: Empoleon|move: Sticky Web
|-unboost|p1a: Empoleon|spe|1
|switch|p2a: Yanmega|Yanmega, M|293\/338
|
|turn|44
|
|move|p2a: Yanmega|Giga Drain|p1a: Empoleon
|-damage|p1a: Empoleon|265\/372
|-heal|p2a: Yanmega|338\/338|[from] drain|[of] p1a: Empoleon
|-damage|p2a: Yanmega|305\/338|[from] item: Life Orb
|move|p1a: Empoleon|Stealth Rock|p2a: Yanmega
|-sidestart|p2: Defensive Yanmega|move: Stealth Rock
|
|-heal|p1a: Empoleon|288\/372|[from] item: Leftovers
|-boost|p2a: Yanmega|spe|1|[from] ability: Speed Boost
|turn|45
|
|switch|p2a: Mienshao|Mienshao, F|272\/272
|-damage|p2a: Mienshao|255\/272|[from] Stealth Rock
|move|p1a: Empoleon|Roar|p2a: Mienshao
|drag|p2a: Arcanine|Arcanine, F|384\/384
|-damage|p2a: Arcanine|288\/384|[from] Stealth Rock
|-ability|p2a: Arcanine|Intimidate|[of] p1a: Empoleon
|-unboost|p1a: Empoleon|atk|1
|
|-heal|p2a: Arcanine|312\/384|[from] item: Leftovers
|-heal|p1a: Empoleon|311\/372|[from] item: Leftovers
|turn|46
|
|move|p2a: Arcanine|Flare Blitz|p1a: Empoleon
|-damage|p1a: Empoleon|185\/372
|-damage|p2a: Arcanine|270\/384|[from] recoil|[of] p1a: Empoleon
|move|p1a: Empoleon|Scald|p2a: Arcanine
|-supereffective|p2a: Arcanine
|-damage|p2a: Arcanine|6\/384
|
|-heal|p2a: Arcanine|30\/384|[from] item: Leftovers
|-heal|p1a: Empoleon|208\/372|[from] item: Leftovers
|turn|47
|
|move|p2a: Arcanine|Will-O-Wisp|p1a: Empoleon
|-status|p1a: Empoleon|brn
|move|p1a: Empoleon|Scald|p2a: Arcanine
|-supereffective|p2a: Arcanine
|-damage|p2a: Arcanine|0 fnt
|faint|p2a: Arcanine
|
|-heal|p1a: Empoleon|231\/372 brn|[from] item: Leftovers
|-damage|p1a: Empoleon|185\/372 brn|[from] brn
|
|switch|p2a: Mienshao|Mienshao, F|272\/272
|-damage|p2a: Mienshao|255\/272|[from] Stealth Rock
|turn|48
|
|move|p2a: Mienshao|U-turn|p1a: Empoleon
|-resisted|p1a: Empoleon
|-damage|p1a: Empoleon|143\/372 brn
|-damage|p2a: Mienshao|228\/272|[from] item: Life Orb
|
|switch|p2a: Blastoise|Blastoise-Mega, F|341\/362 par
|-damage|p2a: Blastoise|296\/362 par|[from] Stealth Rock
|move|p1a: Empoleon|Scald|p2a: Blastoise
|-resisted|p2a: Blastoise
|-damage|p2a: Blastoise|247\/362 par
|
|-heal|p1a: Empoleon|166\/372 brn|[from] item: Leftovers
|-damage|p1a: Empoleon|120\/372 brn|[from] brn
|turn|49
|
|switch|p2a: Mienshao|Mienshao, F|272\/272
|-damage|p2a: Mienshao|255\/272|[from] Stealth Rock
|move|p1a: Empoleon|Scald|p2a: Mienshao
|-damage|p2a: Mienshao|12\/272
|
|-heal|p1a: Empoleon|143\/372 brn|[from] item: Leftovers
|-damage|p1a: Empoleon|97\/372 brn|[from] brn
|turn|50
|
|switch|p2a: Blastoise|Blastoise-Mega, F|247\/362 par
|-damage|p2a: Blastoise|202\/362 par|[from] Stealth Rock
|move|p1a: Empoleon|Scald|p2a: Blastoise
|-resisted|p2a: Blastoise
|-damage|p2a: Blastoise|139\/362 par
|
|-heal|p1a: Empoleon|120\/372 brn|[from] item: Leftovers
|-damage|p1a: Empoleon|74\/372 brn|[from] brn
|turn|51
|
|move|p1a: Empoleon|Scald|p2a: Blastoise
|-resisted|p2a: Blastoise
|-damage|p2a: Blastoise|65\/362 par
|move|p2a: Blastoise|Rapid Spin|p1a: Empoleon
|-resisted|p1a: Empoleon
|-damage|p1a: Empoleon|68\/372 brn
|-sideend|p2: Defensive Yanmega|Stealth Rock|[from] move: Rapid Spin|[of] p2a: Blastoise
|
|-heal|p1a: Empoleon|91\/372 brn|[from] item: Leftovers
|-damage|p1a: Empoleon|45\/372 brn|[from] brn
|turn|52
|
|move|p1a: Empoleon|Stealth Rock|p2a: Blastoise
|-sidestart|p2: Defensive Yanmega|move: Stealth Rock
|move|p2a: Blastoise|Scald|p1a: Empoleon
|-resisted|p1a: Empoleon
|-damage|p1a: Empoleon|0 fnt
|faint|p1a: Empoleon
|
|
|switch|p1a: Cresselia|Cresselia, F|316\/444
|turn|53
|
|move|p1a: Cresselia|Psyshock|p2a: Blastoise
|-damage|p2a: Blastoise|0 fnt
|faint|p2a: Blastoise
|
|
|switch|p2a: Yanmega|Yanmega, M|305\/338
|-damage|p2a: Yanmega|136\/338|[from] Stealth Rock
|turn|54
|
|switch|p1a: Blissey|Blissey, F|481\/714
|-activate|p1a: Blissey|move: Sticky Web
|-unboost|p1a: Blissey|spe|1
|move|p2a: Yanmega|Roost|p2a: Yanmega
|-heal|p2a: Yanmega|305\/338
|
|-heal|p1a: Blissey|525\/714|[from] item: Leftovers
|-boost|p2a: Yanmega|spe|1|[from] ability: Speed Boost
|turn|55
|c|★Defensive Yanmega|just para me, idc
|
|move|p2a: Yanmega|Bug Buzz|p1a: Blissey
|-damage|p1a: Blissey|385\/714
|-damage|p2a: Yanmega|272\/338|[from] item: Life Orb
|move|p1a: Blissey|Thunder Wave|p2a: Yanmega
|-status|p2a: Yanmega|par
|
|-heal|p1a: Blissey|429\/714|[from] item: Leftovers
|-boost|p2a: Yanmega|spe|1|[from] ability: Speed Boost
|turn|56
|
|move|p2a: Yanmega|Bug Buzz|p1a: Blissey
|-damage|p1a: Blissey|283\/714
|-damage|p2a: Yanmega|239\/338 par|[from] item: Life Orb
|move|p1a: Blissey|Soft-Boiled|p1a: Blissey
|-heal|p1a: Blissey|640\/714
|
|-heal|p1a: Blissey|684\/714|[from] item: Leftovers
|-boost|p2a: Yanmega|spe|1|[from] ability: Speed Boost
|turn|57
|
|move|p2a: Yanmega|Bug Buzz|p1a: Blissey
|-damage|p1a: Blissey|544\/714
|-damage|p2a: Yanmega|206\/338 par|[from] item: Life Orb
|move|p1a: Blissey|Seismic Toss|p2a: Yanmega
|-damage|p2a: Yanmega|106\/338 par
|
|-heal|p1a: Blissey|588\/714|[from] item: Leftovers
|-boost|p2a: Yanmega|spe|1|[from] ability: Speed Boost
|turn|58
|
|move|p2a: Yanmega|Roost|p2a: Yanmega
|-heal|p2a: Yanmega|275\/338 par
|move|p1a: Blissey|Seismic Toss|p2a: Yanmega
|-damage|p2a: Yanmega|175\/338 par
|
|-heal|p1a: Blissey|632\/714|[from] item: Leftovers
|-boost|p2a: Yanmega|spe|1|[from] ability: Speed Boost
|turn|59
|
|move|p2a: Yanmega|Bug Buzz|p1a: Blissey
|-damage|p1a: Blissey|490\/714
|-damage|p2a: Yanmega|142\/338 par|[from] item: Life Orb
|move|p1a: Blissey|Seismic Toss|p2a: Yanmega
|-damage|p2a: Yanmega|42\/338 par
|
|-heal|p1a: Blissey|534\/714|[from] item: Leftovers
|-boost|p2a: Yanmega|spe|1|[from] ability: Speed Boost
|turn|60
|
|cant|p2a: Yanmega|par
|move|p1a: Blissey|Seismic Toss|p2a: Yanmega
|-damage|p2a: Yanmega|0 fnt
|faint|p2a: Yanmega
|
|-heal|p1a: Blissey|578\/714|[from] item: Leftovers
|
|switch|p2a: Mienshao|Mienshao, F|102\/272
|-damage|p2a: Mienshao|85\/272|[from] Stealth Rock
|turn|61
|
|switch|p1a: Celebi|Celebi|404\/404
|-activate|p1a: Celebi|move: Sticky Web
|-unboost|p1a: Celebi|spe|1
|move|p2a: Mienshao|High Jump Kick|p1a: Celebi
|-resisted|p1a: Celebi
|-damage|p1a: Celebi|249\/404
|-damage|p2a: Mienshao|58\/272|[from] item: Life Orb
|
|-heal|p1a: Celebi|274\/404|[from] item: Leftovers
|turn|62
|
|switch|p1a: Swampert|Swampert-Mega, M|164\/403
|-activate|p1a: Swampert|move: Sticky Web
|-unboost|p1a: Swampert|spe|1
|move|p2a: Mienshao|Knock Off|p1a: Swampert
|-damage|p1a: Swampert|86\/403
|-damage|p2a: Mienshao|31\/272|[from] item: Life Orb
|
|turn|63
|
|switch|p1a: Celebi|Celebi|274\/404
|-activate|p1a: Celebi|move: Sticky Web
|-unboost|p1a: Celebi|spe|1
|move|p2a: Mienshao|Knock Off|p1a: Celebi
|-supereffective|p1a: Celebi
|-damage|p1a: Celebi|0 fnt
|-enditem|p1a: Celebi|Leftovers|[from] move: Knock Off|[of] p2a: Mienshao
|-damage|p2a: Mienshao|4\/272|[from] item: Life Orb
|faint|p1a: Celebi
|
|
|switch|p1a: Blissey|Blissey, F|578\/714
|-activate|p1a: Blissey|move: Sticky Web
|-unboost|p1a: Blissey|spe|1
|turn|64
|c|★Defensive Yanmega|god you're bad, i have no idea how you let this shitty team of mine come anywhere near beating this stall piece of shit...IM RUNNING DEFENSIVE YANMEGA..you're terrible
|
|switch|p1a: Cresselia|Cresselia, F|316\/444
|move|p2a: Mienshao|Knock Off|p1a: Cresselia
|-supereffective|p1a: Cresselia
|-damage|p1a: Cresselia|183\/444
|-damage|p2a: Mienshao|0 fnt|[from] item: Life Orb
|faint|p2a: Mienshao
|
|win|hide rock
|raw|Ladder updating...
|leave|Defensive Yanmega
|raw|hide rock's rating: 1477 &rarr; <strong>1483<\/strong><br \/>(+6 for winning)
|raw|Defensive Yanmega's rating: 1186 &rarr; <strong>1178<\/strong><br \/>(-8 for losing)
|player|p2