|join|MaryLa
|join|hide rock
hide rock turned on modjoin.
hide rock made this room hidden.
|player|p1|MaryLa|289
|player|p2|hide rock|1
|gametype|singles
|gen|6
|tier|UU
|rated
|rule|Sleep Clause Mod: Limit one foe put to sleep
|rule|Species Clause: Limit one of each Pokémon
|rule|OHKO Clause: OHKO moves are banned
|rule|Moody Clause: Moody is banned
|rule|Evasion Moves Clause: Evasion moves are banned
|rule|Endless Battle Clause: Forcing endless battles is banned
|rule|HP Percentage Mod: HP is shown in percentages
|clearpoke
|poke|p1|Crobat, M
|poke|p1|Swampert, M
|poke|p1|Absol, F, shiny
|poke|p1|Entei, shiny
|poke|p1|Jirachi, shiny
|poke|p1|Blissey, F
|poke|p2|Toxicroak, F
|poke|p2|Celebi
|poke|p2|Swampert, M
|poke|p2|Blissey, F
|poke|p2|Alomomola, M
|poke|p2|Jirachi
|rule|Swagger Clause: Swagger is banned
|rule|Baton Pass Clause: Limit one Pokémon knowing Baton Pass
|teampreview
|
|start
|switch|p1a: Crowbar|Crobat, M|373\/373
|switch|p2a: Swampert|Swampert, M|403\/403
|turn|1
|
|detailschange|p2a: Swampert|Swampert-Mega, M
|-mega|p2a: Swampert|Swampert|Swampertite
|move|p1a: Crowbar|Taunt|p2a: Swampert
|-start|p2a: Swampert|move: Taunt
|move|p2a: Swampert|Scald|p1a: Crowbar
|-damage|p1a: Crowbar|267\/373
|-status|p1a: Crowbar|brn
|
|-damage|p1a: Crowbar|221\/373 brn|[from] brn
|turn|2
|
|move|p1a: Crowbar|Roost|p1a: Crowbar
|-heal|p1a: Crowbar|373\/373 brn
|move|p2a: Swampert|Earthquake|p1a: Crowbar
|-supereffective|p1a: Crowbar
|-damage|p1a: Crowbar|7\/373 brn
|
|-damage|p1a: Crowbar|0 fnt|[from] brn
|faint|p1a: Crowbar
|join|Synchronation
|
|switch|p1a: TeamPlayer|Swampert, M|401\/401
|turn|3
|
|switch|p2a: Celebi|Celebi|404\/404
|move|p1a: TeamPlayer|Scald|p2a: Celebi
|-resisted|p2a: Celebi
|-damage|p2a: Celebi|377\/404
|-status|p2a: Celebi|brn
|
|-heal|p2a: Celebi|402\/404 brn|[from] item: Leftovers
|-damage|p2a: Celebi|352\/404 brn|[from] brn
|turn|4
|
|switch|p2a: Swampert|Swampert-Mega, M|403\/403
|switch|p1a: Doom|Jirachi, shiny|403\/403
|
|turn|5
|
|move|p1a: Doom|U-turn|p2a: Swampert
|-damage|p2a: Swampert|361\/403
|
|switch|p1a: TeamPlayer|Swampert, M|401\/401
|move|p2a: Swampert|Earthquake|p1a: TeamPlayer
|-damage|p1a: TeamPlayer|262\/401
|
|-heal|p1a: TeamPlayer|287\/401|[from] item: Leftovers
|turn|6
|
|move|p2a: Swampert|Scald|p1a: TeamPlayer
|-damage|p1a: TeamPlayer|187\/401
|move|p1a: TeamPlayer|Roar|p2a: Swampert
|drag|p2a: Blissey|Blissey, F|714\/714
|
|-heal|p1a: TeamPlayer|212\/401|[from] item: Leftovers
|turn|7
|
|switch|p2a: Celebi|Celebi|352\/404
|move|p1a: TeamPlayer|Stealth Rock|p2a: Celebi
|-sidestart|p2: hide rock|move: Stealth Rock
|
|-heal|p2a: Celebi|377\/404|[from] item: Leftovers
|-heal|p1a: TeamPlayer|237\/401|[from] item: Leftovers
|turn|8
|
|switch|p2a: Alomomola|Alomomola, M|534\/534
|-damage|p2a: Alomomola|468\/534|[from] Stealth Rock
|switch|p1a: Mufasa|Entei, shiny|371\/371
|-ability|p1a: Mufasa|Pressure
|
|-heal|p2a: Alomomola|501\/534|[from] item: Leftovers
|turn|9
|
|switch|p1a: GoodWall|Blissey, F|714\/714
|move|p2a: Alomomola|Toxic|p1a: GoodWall
|-status|p1a: GoodWall|tox
|
|-heal|p2a: Alomomola|534\/534|[from] item: Leftovers
|-damage|p1a: GoodWall|670\/714 tox|[from] psn
|turn|10
|
|switch|p2a: Jirachi|Jirachi|397\/397
|-damage|p2a: Jirachi|373\/397|[from] Stealth Rock
|move|p1a: GoodWall|Wish|p1a: GoodWall
|
|-heal|p2a: Jirachi|397\/397|[from] item: Leftovers
|-heal|p1a: GoodWall|714\/714 tox|[from] item: Leftovers
|-damage|p1a: GoodWall|626\/714 tox|[from] psn
|turn|11
|
|switch|p1a: TeamPlayer|Swampert, M|237\/401
|move|p2a: Jirachi|Stealth Rock|p1a: TeamPlayer
|-sidestart|p1: MaryLa|move: Stealth Rock
|
|-heal|p1a: TeamPlayer|401\/401|[from] move: Wish|[wisher] GoodWall
|turn|12
|
|move|p2a: Jirachi|U-turn|p1a: TeamPlayer
|-damage|p1a: TeamPlayer|347\/401
|
|switch|p2a: Alomomola|Alomomola, M|534\/534
|-damage|p2a: Alomomola|468\/534|[from] Stealth Rock
|move|p1a: TeamPlayer|Earthquake|p2a: Alomomola
|-damage|p2a: Alomomola|365\/534
|
|-heal|p2a: Alomomola|398\/534|[from] item: Leftovers
|-heal|p1a: TeamPlayer|372\/401|[from] item: Leftovers
|turn|13
|
|move|p2a: Alomomola|Toxic|p1a: TeamPlayer
|-status|p1a: TeamPlayer|tox
|move|p1a: TeamPlayer|Roar|p2a: Alomomola
|drag|p2a: Jirachi|Jirachi|397\/397
|-damage|p2a: Jirachi|373\/397|[from] Stealth Rock
|
|-heal|p2a: Jirachi|397\/397|[from] item: Leftovers
|-heal|p1a: TeamPlayer|397\/401 tox|[from] item: Leftovers
|-damage|p1a: TeamPlayer|372\/401 tox|[from] psn
|turn|14
|
|move|p2a: Jirachi|U-turn|p1a: TeamPlayer
|-damage|p1a: TeamPlayer|317\/401 tox
|
|switch|p2a: Alomomola|Alomomola, M|534\/534
|-damage|p2a: Alomomola|468\/534|[from] Stealth Rock
|move|p1a: TeamPlayer|Roar|p2a: Alomomola
|drag|p2a: Celebi|Celebi|377\/404
|-damage|p2a: Celebi|327\/404|[from] Stealth Rock
|
|-heal|p2a: Celebi|352\/404|[from] item: Leftovers
|-heal|p1a: TeamPlayer|342\/401 tox|[from] item: Leftovers
|-damage|p1a: TeamPlayer|292\/401 tox|[from] psn
|turn|15
|
|switch|p2a: Toxicroak|Toxicroak, F|307\/307
|-damage|p2a: Toxicroak|288\/307|[from] Stealth Rock
|switch|p1a: Doom|Jirachi, shiny|403\/403
|-damage|p1a: Doom|378\/403|[from] Stealth Rock
|
|-heal|p2a: Toxicroak|307\/307|[from] item: Black Sludge
|-heal|p1a: Doom|403\/403|[from] item: Leftovers
|turn|16
|
|switch|p2a: Alomomola|Alomomola, M|534\/534
|-damage|p2a: Alomomola|468\/534|[from] Stealth Rock
|move|p1a: Doom|Substitute|p1a: Doom
|-start|p1a: Doom|Substitute
|-damage|p1a: Doom|303\/403
|
|-heal|p1a: Doom|328\/403|[from] item: Leftovers
|-heal|p2a: Alomomola|501\/534|[from] item: Leftovers
|turn|17
|
|move|p1a: Doom|Body Slam|p2a: Alomomola
|-damage|p2a: Alomomola|447\/534
|-status|p2a: Alomomola|par
|cant|p2a: Alomomola|par
|
|-heal|p1a: Doom|353\/403|[from] item: Leftovers
|-heal|p2a: Alomomola|480\/534 par|[from] item: Leftovers
|turn|18
|
|move|p1a: Doom|Iron Head|p2a: Alomomola
|-resisted|p2a: Alomomola
|-damage|p2a: Alomomola|439\/534 par
|cant|p2a: Alomomola|flinch
|
|-heal|p1a: Doom|378\/403|[from] item: Leftovers
|-heal|p2a: Alomomola|472\/534 par|[from] item: Leftovers
|turn|19
|
|move|p1a: Doom|Iron Head|p2a: Alomomola
|-resisted|p2a: Alomomola
|-damage|p2a: Alomomola|436\/534 par
|cant|p2a: Alomomola|flinch
|
|-heal|p1a: Doom|403\/403|[from] item: Leftovers
|-heal|p2a: Alomomola|469\/534 par|[from] item: Leftovers
|turn|20
|
|move|p1a: Doom|Iron Head|p2a: Alomomola
|-resisted|p2a: Alomomola
|-damage|p2a: Alomomola|429\/534 par
|cant|p2a: Alomomola|flinch
|
|-heal|p2a: Alomomola|462\/534 par|[from] item: Leftovers
|turn|21
|
|move|p1a: Doom|U-turn|p2a: Alomomola
|-damage|p2a: Alomomola|418\/534 par
|
|switch|p1a: Celestia|Absol, F, shiny|271\/271
|-damage|p1a: Celestia|238\/271|[from] Stealth Rock
|move|p2a: Alomomola|Wish|p2a: Alomomola
|
|-heal|p2a: Alomomola|451\/534 par|[from] item: Leftovers
|turn|22
|
|switch|p2a: Toxicroak|Toxicroak, F|307\/307
|-damage|p2a: Toxicroak|288\/307|[from] Stealth Rock
|detailschange|p1a: Celestia|Absol-Mega, F, shiny
|-mega|p1a: Celestia|Absol|Absolite
|move|p1a: Celestia|Swords Dance|p1a: Celestia
|-boost|p1a: Celestia|atk|2
|
|-heal|p2a: Toxicroak|307\/307|[from] move: Wish|[wisher] Alomomola
|turn|23
|
|move|p1a: Celestia|Play Rough|p2a: Toxicroak
|-damage|p2a: Toxicroak|0 fnt
|faint|p2a: Toxicroak
|
|
|switch|p2a: Swampert|Swampert-Mega, M|361\/403
|-damage|p2a: Swampert|336\/403|[from] Stealth Rock
|turn|24
|
|switch|p1a: TeamPlayer|Swampert, M|292\/401 tox
|-damage|p1a: TeamPlayer|267\/401 tox|[from] Stealth Rock
|move|p2a: Swampert|Earthquake|p1a: TeamPlayer
|-damage|p1a: TeamPlayer|137\/401 tox
|
|-heal|p1a: TeamPlayer|162\/401 tox|[from] item: Leftovers
|-damage|p1a: TeamPlayer|137\/401 tox|[from] psn
|turn|25
|
|switch|p2a: Celebi|Celebi|352\/404
|-damage|p2a: Celebi|302\/404|[from] Stealth Rock
|move|p1a: TeamPlayer|Earthquake|p2a: Celebi
|-resisted|p2a: Celebi
|-damage|p2a: Celebi|239\/404
|
|-heal|p2a: Celebi|264\/404|[from] item: Leftovers
|-heal|p1a: TeamPlayer|162\/401 tox|[from] item: Leftovers
|-damage|p1a: TeamPlayer|112\/401 tox|[from] psn
|turn|26
|
|move|p2a: Celebi|Giga Drain|p1a: TeamPlayer
|-supereffective|p1a: TeamPlayer
|-damage|p1a: TeamPlayer|0 fnt
|-heal|p2a: Celebi|320\/404|[from] drain|[of] p1a: TeamPlayer
|faint|p1a: TeamPlayer
|
|-heal|p2a: Celebi|345\/404|[from] item: Leftovers
|
|switch|p1a: Mufasa|Entei, shiny|371\/371
|-damage|p1a: Mufasa|279\/371|[from] Stealth Rock
|-ability|p1a: Mufasa|Pressure
|turn|27
|
|switch|p2a: Alomomola|Alomomola, M|534\/534 par
|-damage|p2a: Alomomola|468\/534 par|[from] Stealth Rock
|move|p1a: Mufasa|Sacred Fire|p2a: Alomomola
|-resisted|p2a: Alomomola
|-damage|p2a: Alomomola|362\/534 par
|
|-heal|p2a: Alomomola|395\/534 par|[from] item: Leftovers
|turn|28
|
|move|p1a: Mufasa|Sacred Fire|p2a: Alomomola
|-resisted|p2a: Alomomola
|-damage|p2a: Alomomola|277\/534 par
|cant|p2a: Alomomola|par
|
|-heal|p2a: Alomomola|310\/534 par|[from] item: Leftovers
|turn|29
|
|switch|p1a: Celestia|Absol-Mega, F, shiny|238\/271
|-damage|p1a: Celestia|205\/271|[from] Stealth Rock
|cant|p2a: Alomomola|par
|
|-heal|p2a: Alomomola|343\/534 par|[from] item: Leftovers
|turn|30
|
|switch|p2a: Swampert|Swampert-Mega, M|336\/403
|-damage|p2a: Swampert|311\/403|[from] Stealth Rock
|move|p1a: Celestia|Play Rough|p2a: Swampert
|-damage|p2a: Swampert|213\/403
|
|turn|31
|
|switch|p1a: GoodWall|Blissey, F|626\/714
|-damage|p1a: GoodWall|537\/714|[from] Stealth Rock
|move|p2a: Swampert|Earthquake|p1a: GoodWall
|-damage|p1a: GoodWall|0 fnt
|faint|p1a: GoodWall
|
|
|switch|p1a: Mufasa|Entei, shiny|279\/371
|-damage|p1a: Mufasa|187\/371|[from] Stealth Rock
|-ability|p1a: Mufasa|Pressure
|turn|32
|
|switch|p2a: Alomomola|Alomomola, M|521\/534 par
|-damage|p2a: Alomomola|455\/534 par|[from] Stealth Rock
|move|p1a: Mufasa|Bulldoze|p2a: Alomomola
|-damage|p2a: Alomomola|365\/534 par
|-unboost|p2a: Alomomola|spe|1
|
|-heal|p2a: Alomomola|398\/534 par|[from] item: Leftovers
|turn|33
|
|switch|p1a: Celestia|Absol-Mega, F, shiny|205\/271
|-damage|p1a: Celestia|172\/271|[from] Stealth Rock
|move|p2a: Alomomola|Wish|p2a: Alomomola
|
|-heal|p2a: Alomomola|431\/534 par|[from] item: Leftovers
|turn|34
|-message|MaryLa forfeited.
|leave|MaryLa
|c| Synchronation|there goes the hope
|
|win|hide rock
|raw|Ladder updating...
|player|p1
|raw|MaryLa's rating: 1325 &rarr; <strong>1309<\/strong><br \/>(-16 for losing)
|raw|hide rock's rating: 1381 &rarr; <strong>1398<\/strong><br \/>(+17 for winning)
|leave|Synchronation