|join|ult lowgock
|join|hide rock
|player|p1|ult lowgock|2
|player|p2|hide rock|170
|gametype|singles
|gen|6
|tier|UU
|rated
|rule|Sleep Clause Mod: Limit one foe put to sleep
|rule|Species Clause: Limit one of each Pokémon
|rule|OHKO Clause: OHKO moves are banned
|rule|Moody Clause: Moody is banned
|rule|Evasion Moves Clause: Evasion moves are banned
|rule|Endless Battle Clause: Forcing endless battles is banned
|rule|HP Percentage Mod: HP is shown in percentages
|clearpoke
|poke|p1|Shedinja
|poke|p1|Starmie
|poke|p1|Crobat, F
|poke|p1|Diancie
|poke|p1|Swampert, M
|poke|p1|Blissey, F
|poke|p2|Cresselia, F
|poke|p2|Celebi
|poke|p2|Swampert, F
|poke|p2|Blissey, F
|poke|p2|Alomomola, M
|poke|p2|Empoleon, M
|rule|Swagger Clause: Swagger is banned
|rule|Baton Pass Clause: Limit one Pokémon knowing Baton Pass
|teampreview
|c|★hide rock|fuck
|c|★hide rock|why do you do this elo
|
|start
|switch|p1a: Shedinja|Shedinja|1\/1
|switch|p2a: Swampert|Swampert, F|404\/404
|turn|1
|
|switch|p2a: Empoleon|Empoleon, M|372\/372
|move|p1a: Shedinja|Will-O-Wisp|p2a: Empoleon
|-status|p2a: Empoleon|brn
|
|-damage|p2a: Empoleon|326\/372 brn|[from] brn
|turn|2
|
|switch|p1a: Starmie|Starmie|324\/324
|move|p2a: Empoleon|Stealth Rock|p1a: Starmie
|-sidestart|p1: ult lowgock|move: Stealth Rock
|
|-heal|p2a: Empoleon|349\/372 brn|[from] item: Leftovers
|-damage|p2a: Empoleon|303\/372 brn|[from] brn
|turn|3
|
|switch|p2a: Blissey|Blissey, F|714\/714
|move|p1a: Starmie|Rapid Spin|p2a: Blissey
|-damage|p2a: Blissey|694\/714
|-sideend|p1: ult lowgock|Stealth Rock|[from] move: Rapid Spin|[of] p1a: Starmie
|
|-heal|p2a: Blissey|714\/714|[from] item: Leftovers
|turn|4
|join|ult rh156
|
|switch|p1a: Blissey|Blissey, F|677\/677
|move|p2a: Blissey|Seismic Toss|p1a: Blissey
|-damage|p1a: Blissey|577\/677
|
|-heal|p1a: Blissey|619\/677|[from] item: Leftovers
|turn|5
|
|switch|p2a: Swampert|Swampert, F|404\/404
|move|p1a: Blissey|Stealth Rock|p2a: Swampert
|-sidestart|p2: hide rock|move: Stealth Rock
|
|-heal|p1a: Blissey|661\/677|[from] item: Leftovers
|turn|6
|
|switch|p2a: Celebi|Celebi|404\/404
|-damage|p2a: Celebi|354\/404|[from] Stealth Rock
|move|p1a: Blissey|Toxic|p2a: Celebi
|-status|p2a: Celebi|tox
|
|-heal|p2a: Celebi|379\/404 tox|[from] item: Leftovers
|-heal|p1a: Blissey|677\/677|[from] item: Leftovers
|-damage|p2a: Celebi|354\/404 tox|[from] psn
|turn|7
|
|switch|p2a: Blissey|Blissey, F|714\/714
|-damage|p2a: Blissey|625\/714|[from] Stealth Rock
|switch|p1a: Shedinja|Shedinja|1\/1
|
|-heal|p2a: Blissey|669\/714|[from] item: Leftovers
|turn|8
|
|switch|p1a: Blissey|Blissey, F|677\/677
|move|p2a: Blissey|Seismic Toss|p1a: Blissey
|-damage|p1a: Blissey|577\/677
|
|-heal|p2a: Blissey|713\/714|[from] item: Leftovers
|-heal|p1a: Blissey|619\/677|[from] item: Leftovers
|turn|9
|
|move|p1a: Blissey|Toxic|p2a: Blissey
|-status|p2a: Blissey|tox
|move|p2a: Blissey|Aromatherapy|p2a: Blissey
|-cureteam|p2a: Blissey|[from] move: Aromatherapy
|
|-heal|p1a: Blissey|661\/677|[from] item: Leftovers
|-heal|p2a: Blissey|714\/714|[from] item: Leftovers
|turn|10
|
|switch|p2a: Empoleon|Empoleon, M|303\/372
|-damage|p2a: Empoleon|280\/372|[from] Stealth Rock
|move|p1a: Blissey|Seismic Toss|p2a: Empoleon
|-damage|p2a: Empoleon|180\/372
|
|-heal|p2a: Empoleon|203\/372|[from] item: Leftovers
|-heal|p1a: Blissey|677\/677|[from] item: Leftovers
|turn|11
|
|switch|p1a: Starmie|Starmie|324\/324
|move|p2a: Empoleon|Defog|p1a: Starmie
|-unboost|p1a: Starmie|evasion|1
|-sideend|p2: hide rock|Stealth Rock|[from] move: Defog|[of] p2a: Empoleon
|
|-heal|p2a: Empoleon|226\/372|[from] item: Leftovers
|turn|12
|
|switch|p2a: Celebi|Celebi|354\/404
|move|p1a: Starmie|Scald|p2a: Celebi
|-resisted|p2a: Celebi
|-damage|p2a: Celebi|321\/404
|-status|p2a: Celebi|brn
|
|-heal|p2a: Celebi|346\/404 brn|[from] item: Leftovers
|-damage|p2a: Celebi|296\/404 brn|[from] brn
|turn|13
|
|switch|p1a: Shedinja|Shedinja|1\/1
|switch|p2a: Swampert|Swampert, F|404\/404
|
|turn|14
|
|switch|p2a: Blissey|Blissey, F|714\/714
|move|p1a: Shedinja|Will-O-Wisp|p2a: Blissey
|-status|p2a: Blissey|brn
|
|-damage|p2a: Blissey|625\/714 brn|[from] brn
|turn|15
|
|switch|p1a: Crobat|Crobat, F|373\/373
|switch|p2a: Celebi|Celebi|296\/404
|
|-heal|p2a: Celebi|321\/404|[from] item: Leftovers
|turn|16
|
|switch|p1a: Starmie|Starmie|324\/324
|switch|p2a: Alomomola|Alomomola, M|534\/534
|
|turn|17
|
|switch|p1a: Blissey|Blissey, F|677\/677
|switch|p2a: Celebi|Celebi|321\/404
|
|-heal|p2a: Celebi|346\/404|[from] item: Leftovers
|turn|18
|
|switch|p2a: Blissey|Blissey, F|625\/714
|switch|p1a: Shedinja|Shedinja|1\/1
|
|-heal|p2a: Blissey|669\/714|[from] item: Leftovers
|turn|19
|
|switch|p1a: Blissey|Blissey, F|677\/677
|switch|p2a: Swampert|Swampert, F|404\/404
|
|turn|20
|
|switch|p1a: Starmie|Starmie|324\/324
|detailschange|p2a: Swampert|Swampert-Mega, F
|-mega|p2a: Swampert|Swampert|Swampertite
|move|p2a: Swampert|Earthquake|p1a: Starmie
|-damage|p1a: Starmie|161\/324
|
|-heal|p1a: Starmie|181\/324|[from] item: Leftovers
|turn|21
|
|switch|p2a: Empoleon|Empoleon, M|226\/372
|move|p1a: Starmie|Reflect|p1a: Starmie
|-sidestart|p1: ult lowgock|Reflect
|
|-heal|p1a: Starmie|201\/324|[from] item: Leftovers
|-heal|p2a: Empoleon|249\/372|[from] item: Leftovers
|turn|22
|
|switch|p2a: Celebi|Celebi|346\/404
|move|p1a: Starmie|Scald|p2a: Celebi
|-resisted|p2a: Celebi
|-damage|p2a: Celebi|313\/404
|-status|p2a: Celebi|brn
|
|-heal|p1a: Starmie|221\/324|[from] item: Leftovers
|-heal|p2a: Celebi|338\/404 brn|[from] item: Leftovers
|-damage|p2a: Celebi|288\/404 brn|[from] brn
|turn|23
|
|switch|p1a: Shedinja|Shedinja|1\/1
|switch|p2a: Empoleon|Empoleon, M|249\/372
|
|-heal|p2a: Empoleon|272\/372|[from] item: Leftovers
|turn|24
|
|switch|p1a: Starmie|Starmie|221\/324
|switch|p2a: Celebi|Celebi|288\/404
|
|-heal|p1a: Starmie|241\/324|[from] item: Leftovers
|-heal|p2a: Celebi|313\/404|[from] item: Leftovers
|turn|25
|c|★hide rock|ready for a 300 turn game?
|
|switch|p1a: Shedinja|Shedinja|1\/1
|switch|p2a: Blissey|Blissey, F|669\/714
|
|-heal|p2a: Blissey|713\/714|[from] item: Leftovers
|-sideend|p1: ult lowgock|Reflect
|turn|26
|
|switch|p1a: Blissey|Blissey, F|677\/677
|switch|p2a: Swampert|Swampert-Mega, F|404\/404
|
|turn|27
|
|switch|p2a: Alomomola|Alomomola, M|534\/534
|move|p1a: Blissey|Toxic|p2a: Alomomola
|-status|p2a: Alomomola|tox
|
|-damage|p2a: Alomomola|501\/534 tox|[from] psn
|turn|28
|
|switch|p2a: Empoleon|Empoleon, M|272\/372
|move|p1a: Blissey|Stealth Rock|p2a: Empoleon
|-sidestart|p2: hide rock|move: Stealth Rock
|
|-heal|p2a: Empoleon|295\/372|[from] item: Leftovers
|turn|29
|
|move|p2a: Empoleon|Defog|p1a: Blissey
|-unboost|p1a: Blissey|evasion|1
|-sideend|p2: hide rock|Stealth Rock|[from] move: Defog|[of] p2a: Empoleon
|move|p1a: Blissey|Seismic Toss|p2a: Empoleon
|-damage|p2a: Empoleon|195\/372
|
|-heal|p2a: Empoleon|218\/372|[from] item: Leftovers
|turn|30
|
|move|p2a: Empoleon|Stealth Rock|p1a: Blissey
|-sidestart|p1: ult lowgock|move: Stealth Rock
|move|p1a: Blissey|Seismic Toss|p2a: Empoleon
|-damage|p2a: Empoleon|118\/372
|
|-heal|p2a: Empoleon|141\/372|[from] item: Leftovers
|turn|31
|
|move|p1a: Blissey|Seismic Toss|p2a: Empoleon
|-damage|p2a: Empoleon|41\/372
|move|p2a: Empoleon|Roar|p1a: Blissey
|drag|p1a: Crobat|Crobat, F|373\/373
|-damage|p1a: Crobat|280\/373|[from] Stealth Rock
|
|-heal|p2a: Empoleon|64\/372|[from] item: Leftovers
|turn|32
|
|move|p1a: Crobat|Defog|p2a: Empoleon
|-unboost|p2a: Empoleon|evasion|1
|-sideend|p1: ult lowgock|Stealth Rock|[from] move: Defog|[of] p1a: Crobat
|move|p2a: Empoleon|Roar|p1a: Crobat
|drag|p1a: Diancie|Diancie|304\/304
|
|-heal|p2a: Empoleon|87\/372|[from] item: Leftovers
|turn|33
|
|switch|p2a: Blissey|Blissey, F|713\/714
|switch|p1a: Starmie|Starmie|241\/324
|
|-heal|p1a: Starmie|261\/324|[from] item: Leftovers
|-heal|p2a: Blissey|714\/714|[from] item: Leftovers
|turn|34
|
|switch|p1a: Blissey|Blissey, F|677\/677
|switch|p2a: Alomomola|Alomomola, M|534\/534 tox
|
|-damage|p2a: Alomomola|501\/534 tox|[from] psn
|turn|35
|
|switch|p2a: Empoleon|Empoleon, M|87\/372
|move|p1a: Blissey|Stealth Rock|p2a: Empoleon
|-sidestart|p2: hide rock|move: Stealth Rock
|
|-heal|p2a: Empoleon|110\/372|[from] item: Leftovers
|turn|36
|
|switch|p2a: Alomomola|Alomomola, M|534\/534 tox
|-damage|p2a: Alomomola|468\/534 tox|[from] Stealth Rock
|switch|p1a: Starmie|Starmie|261\/324
|
|-heal|p1a: Starmie|281\/324|[from] item: Leftovers
|-heal|p2a: Alomomola|501\/534 tox|[from] item: Leftovers
|-damage|p2a: Alomomola|468\/534 tox|[from] psn
|turn|37
|
|switch|p1a: Blissey|Blissey, F|677\/677
|move|p2a: Alomomola|Wish|p2a: Alomomola
|
|-heal|p2a: Alomomola|501\/534 tox|[from] item: Leftovers
|-damage|p2a: Alomomola|435\/534 tox|[from] psn
|turn|38
|
|switch|p2a: Celebi|Celebi|313\/404
|-damage|p2a: Celebi|263\/404|[from] Stealth Rock
|move|p1a: Blissey|Seismic Toss|p2a: Celebi
|-damage|p2a: Celebi|163\/404
|
|-heal|p2a: Celebi|404\/404|[from] move: Wish|[wisher] Alomomola
|turn|39
|
|switch|p2a: Alomomola|Alomomola, M|534\/534 tox
|-damage|p2a: Alomomola|468\/534 tox|[from] Stealth Rock
|switch|p1a: Shedinja|Shedinja|1\/1
|
|-heal|p2a: Alomomola|501\/534 tox|[from] item: Leftovers
|-damage|p2a: Alomomola|468\/534 tox|[from] psn
|turn|40
|
|switch|p1a: Blissey|Blissey, F|677\/677
|switch|p2a: Swampert|Swampert-Mega, F|404\/404
|-damage|p2a: Swampert|379\/404|[from] Stealth Rock
|
|turn|41
|
|move|p2a: Swampert|Earthquake|p1a: Blissey
|-damage|p1a: Blissey|398\/677
|move|p1a: Blissey|Toxic|p2a: Swampert
|-status|p2a: Swampert|tox
|
|-heal|p1a: Blissey|440\/677|[from] item: Leftovers
|-damage|p2a: Swampert|354\/404 tox|[from] psn
|turn|42
|
|switch|p2a: Alomomola|Alomomola, M|534\/534 tox
|-damage|p2a: Alomomola|468\/534 tox|[from] Stealth Rock
|switch|p1a: Crobat|Crobat, F|280\/373
|
|-heal|p2a: Alomomola|501\/534 tox|[from] item: Leftovers
|-damage|p2a: Alomomola|468\/534 tox|[from] psn
|turn|43
|
|switch|p1a: Shedinja|Shedinja|1\/1
|move|p2a: Alomomola|Toxic|p1a: Shedinja
|-status|p1a: Shedinja|tox
|
|-heal|p2a: Alomomola|501\/534 tox|[from] item: Leftovers
|-damage|p1a: Shedinja|0 fnt|[from] psn
|-damage|p2a: Alomomola|435\/534 tox|[from] psn
|faint|p1a: Shedinja
|c|★ult lowgock|ah
|c|★hide rock|HAHAHAHA
|
|switch|p1a: Crobat|Crobat, F|280\/373
|turn|44
|
|move|p1a: Crobat|Taunt|p2a: Alomomola
|-start|p2a: Alomomola|move: Taunt
|cant|p2a: Alomomola|move: Taunt|Wish
|
|-heal|p2a: Alomomola|468\/534 tox|[from] item: Leftovers
|-damage|p2a: Alomomola|369\/534 tox|[from] psn
|turn|45
|
|switch|p2a: Cresselia|Cresselia, F|444\/444
|-damage|p2a: Cresselia|389\/444|[from] Stealth Rock
|move|p1a: Crobat|Acrobatics|p2a: Cresselia
|-damage|p2a: Cresselia|313\/444
|
|-heal|p2a: Cresselia|340\/444|[from] item: Leftovers
|turn|46
|
|move|p1a: Crobat|Taunt|p2a: Cresselia
|-start|p2a: Cresselia|move: Taunt
|move|p2a: Cresselia|Psyshock|p1a: Crobat
|-supereffective|p1a: Crobat
|-damage|p1a: Crobat|88\/373
|
|-heal|p2a: Cresselia|367\/444|[from] item: Leftovers
|turn|47
|join|Wat For
|
|switch|p1a: Swampert|Swampert, M|404\/404
|switch|p2a: Swampert|Swampert-Mega, F|354\/404 tox
|-damage|p2a: Swampert|329\/404 tox|[from] Stealth Rock
|
|-damage|p2a: Swampert|304\/404 tox|[from] psn
|turn|48
|
|detailschange|p1a: Swampert|Swampert-Mega, M
|-mega|p1a: Swampert|Swampert|Swampertite
|move|p2a: Swampert|Scald|p1a: Swampert
|-damage|p1a: Swampert|347\/404
|-status|p1a: Swampert|brn
|move|p1a: Swampert|Curse|p1a: Swampert
|-boost|p1a: Swampert|atk|1
|-boost|p1a: Swampert|def|1
|-unboost|p1a: Swampert|spe|1
|
|-damage|p2a: Swampert|254\/404 tox|[from] psn
|-damage|p1a: Swampert|297\/404 brn|[from] brn
|turn|49
|
|switch|p2a: Celebi|Celebi|404\/404
|-damage|p2a: Celebi|354\/404|[from] Stealth Rock
|move|p1a: Swampert|Curse|p1a: Swampert
|-boost|p1a: Swampert|atk|1
|-boost|p1a: Swampert|def|1
|-unboost|p1a: Swampert|spe|1
|
|-heal|p2a: Celebi|379\/404|[from] item: Leftovers
|-damage|p1a: Swampert|247\/404 brn|[from] brn
|turn|50
|
|switch|p2a: Swampert|Swampert-Mega, F|254\/404 tox
|-damage|p2a: Swampert|229\/404 tox|[from] Stealth Rock
|move|p1a: Swampert|Rest|p1a: Swampert
|-status|p1a: Swampert|slp
|-heal|p1a: Swampert|404\/404 slp|[silent]
|-status|p1a: Swampert|slp|[from] move: Rest
|
|-damage|p2a: Swampert|204\/404 tox|[from] psn
|turn|51
|
|switch|p2a: Celebi|Celebi|379\/404
|-damage|p2a: Celebi|329\/404|[from] Stealth Rock
|cant|p1a: Swampert|slp
|move|p1a: Swampert|Sleep Talk|p1a: Swampert
|move|p1a: Swampert|Rest|p1a: Swampert|[from]Sleep Talk
|-fail|p1a: Swampert
|
|-heal|p2a: Celebi|354\/404|[from] item: Leftovers
|turn|52
|
|move|p2a: Celebi|Perish Song|p2a: Celebi
|-fieldactivate|move: Perish Song
|cant|p1a: Swampert|slp
|move|p1a: Swampert|Sleep Talk|p1a: Swampert
|move|p1a: Swampert|Waterfall|p2a: Celebi|[from]Sleep Talk
|-resisted|p2a: Celebi
|-damage|p2a: Celebi|225\/404
|
|-start|p2a: Celebi|perish3
|-start|p1a: Swampert|perish3
|-heal|p2a: Celebi|250\/404|[from] item: Leftovers
|turn|53
|
|switch|p1a: Blissey|Blissey, F|440\/677
|move|p2a: Celebi|Giga Drain|p1a: Blissey
|-damage|p1a: Blissey|379\/677
|-heal|p2a: Celebi|281\/404|[from] drain|[of] p1a: Blissey
|
|-start|p2a: Celebi|perish2
|-heal|p2a: Celebi|306\/404|[from] item: Leftovers
|-heal|p1a: Blissey|421\/677|[from] item: Leftovers
|turn|54
|
|switch|p2a: Swampert|Swampert-Mega, F|204\/404 tox
|-damage|p2a: Swampert|179\/404 tox|[from] Stealth Rock
|move|p1a: Blissey|Seismic Toss|p2a: Swampert
|-damage|p2a: Swampert|79\/404 tox
|
|-heal|p1a: Blissey|463\/677|[from] item: Leftovers
|-damage|p2a: Swampert|54\/404 tox|[from] psn
|turn|55
|
|move|p2a: Swampert|Rest|p2a: Swampert
|-status|p2a: Swampert|slp
|-heal|p2a: Swampert|404\/404 slp|[silent]
|-status|p2a: Swampert|slp|[from] move: Rest
|move|p1a: Blissey|Seismic Toss|p2a: Swampert
|-damage|p2a: Swampert|304\/404 slp
|
|-heal|p1a: Blissey|505\/677|[from] item: Leftovers
|turn|56
|-message|ult lowgock forfeited.
|
|win|hide rock
|raw|Ladder updating...
|leave|ult lowgock
|player|p1
|raw|ult lowgock's rating: 1713 &rarr; <strong>1683<\/strong><br \/>(-30 for losing)
|raw|hide rock's rating: 1511 &rarr; <strong>1542<\/strong><br \/>(+31 for winning)