|join|hide rock
|join|Black Nitrogen
|player|p1|hide rock|265
|player|p2|Black Nitrogen|101
|gametype|singles
|gen|6
|tier|UU
|rated
|rule|Sleep Clause Mod: Limit one foe put to sleep
|rule|Species Clause: Limit one of each Pokémon
|rule|OHKO Clause: OHKO moves are banned
|rule|Moody Clause: Moody is banned
|rule|Evasion Moves Clause: Evasion moves are banned
|rule|Endless Battle Clause: Forcing endless battles is banned
|rule|HP Percentage Mod: HP is shown in percentages
|clearpoke
|poke|p1|Medicham, M
|poke|p1|Hydreigon, M
|poke|p1|Blissey, F
|poke|p1|Empoleon, F
|poke|p1|Crobat, M
|poke|p1|Cresselia, F
|poke|p2|Mienshao, F
|poke|p2|Forretress, M
|poke|p2|Arcanine, M
|poke|p2|Crobat, M
|poke|p2|Galvantula, M
|poke|p2|Sharpedo, M
|rule|Swagger Clause: Swagger is banned
|rule|Baton Pass Clause: Limit one Pokémon knowing Baton Pass
|teampreview
|c|★hide rock|hi
|c|★hide rock|gl hf
|
|start
|switch|p1a: SMOOTH|Blissey, F|714\/714
|switch|p2a: Galvantula|Galvantula, M|282\/282
|turn|1
|
|move|p2a: Galvantula|Sticky Web|p1a: SMOOTH
|-sidestart|p1: hide rock|move: Sticky Web
|move|p1a: SMOOTH|Seismic Toss|p2a: Galvantula
|-damage|p2a: Galvantula|182\/282
|
|turn|2
|
|switch|p2a: Mienshao|Mienshao, F|272\/272
|move|p1a: SMOOTH|Seismic Toss|p2a: Mienshao
|-damage|p2a: Mienshao|172\/272
|
|turn|3
|
|switch|p1a: Bonjour|Cresselia, F|444\/444
|move|p2a: Mienshao|Fake Out|p1a: Bonjour
|-damage|p1a: Bonjour|404\/444
|-damage|p2a: Mienshao|145\/272|[from] item: Life Orb
|
|-heal|p1a: Bonjour|431\/444|[from] item: Leftovers
|turn|4
|
|move|p2a: Mienshao|Knock Off|p1a: Bonjour
|-supereffective|p1a: Bonjour
|-damage|p1a: Bonjour|228\/444
|-enditem|p1a: Bonjour|Leftovers|[from] move: Knock Off|[of] p2a: Mienshao
|-damage|p2a: Mienshao|118\/272|[from] item: Life Orb
|move|p1a: Bonjour|Thunder Wave|p2a: Mienshao
|-status|p2a: Mienshao|par
|
|turn|5
|
|move|p1a: Bonjour|Psyshock|p2a: Mienshao
|-supereffective|p2a: Mienshao
|-damage|p2a: Mienshao|0 fnt
|faint|p2a: Mienshao
|
|
|switch|p2a: Sharpedo|Sharpedo, M|295\/295
|turn|6
|
|switch|p1a: GILLETTE|Empoleon, F|372\/372
|-activate|p1a: GILLETTE|move: Sticky Web
|-unboost|p1a: GILLETTE|spe|1
|detailschange|p2a: Sharpedo|Sharpedo-Mega, M
|-mega|p2a: Sharpedo|Sharpedo|Sharpedonite
|move|p2a: Sharpedo|Crunch|p1a: GILLETTE
|-damage|p1a: GILLETTE|162\/372
|
|-heal|p1a: GILLETTE|185\/372|[from] item: Leftovers
|turn|7
|
|switch|p1a: Bonjour|Cresselia, F|228\/444
|move|p2a: Sharpedo|Crunch|p1a: Bonjour
|-supereffective|p1a: Bonjour
|-damage|p1a: Bonjour|0 fnt
|faint|p1a: Bonjour
|
|
|switch|p1a: Versace|Hydreigon, M|325\/325
|turn|8
|
|switch|p2a: Arcanine|Arcanine, M|384\/384
|-ability|p2a: Arcanine|Intimidate|[of] p1a: Versace
|-unboost|p1a: Versace|atk|1
|move|p1a: Versace|Superpower|p2a: Arcanine
|-damage|p2a: Arcanine|281\/384
|-unboost|p1a: Versace|atk|1
|-unboost|p1a: Versace|def|1
|-damage|p1a: Versace|293\/325|[from] item: Life Orb
|
|-heal|p2a: Arcanine|305\/384|[from] item: Leftovers
|turn|9
|
|move|p1a: Versace|Draco Meteor|p2a: Arcanine
|-damage|p2a: Arcanine|0 fnt
|-unboost|p1a: Versace|spa|2
|-damage|p1a: Versace|261\/325|[from] item: Life Orb
|faint|p2a: Arcanine
|
|
|switch|p2a: Sharpedo|Sharpedo-Mega, M|295\/295
|turn|10
|
|switch|p1a: GILLETTE|Empoleon, F|185\/372
|-activate|p1a: GILLETTE|move: Sticky Web
|-unboost|p1a: GILLETTE|spe|1
|move|p2a: Sharpedo|Ice Fang|p1a: GILLETTE
|-resisted|p1a: GILLETTE
|-damage|p1a: GILLETTE|160\/372
|
|-heal|p1a: GILLETTE|183\/372|[from] item: Leftovers
|turn|11
|
|move|p2a: Sharpedo|Crunch|p1a: GILLETTE
|-damage|p1a: GILLETTE|0 fnt
|faint|p1a: GILLETTE
|
|
|switch|p1a: Pikkon|Medicham, M|261\/261
|-activate|p1a: Pikkon|move: Sticky Web
|-unboost|p1a: Pikkon|spe|1
|turn|12
|
|switch|p2a: Crobat|Crobat, M|320\/320
|detailschange|p1a: Pikkon|Medicham-Mega, M
|-mega|p1a: Pikkon|Medicham|Medichamite
|move|p1a: Pikkon|Ice Punch|p2a: Crobat
|-supereffective|p2a: Crobat
|-damage|p2a: Crobat|0 fnt
|faint|p2a: Crobat
|
|
|switch|p2a: Sharpedo|Sharpedo-Mega, M|295\/295
|turn|13
|
|move|p2a: Sharpedo|Crunch|p1a: Pikkon
|-damage|p1a: Pikkon|0 fnt
|faint|p1a: Pikkon
|
|
|switch|p1a: SMOOTH|Blissey, F|714\/714
|-activate|p1a: SMOOTH|move: Sticky Web
|-unboost|p1a: SMOOTH|spe|1
|turn|14
|
|move|p2a: Sharpedo|Crunch|p1a: SMOOTH
|-damage|p1a: SMOOTH|234\/714
|move|p1a: SMOOTH|Thunder Wave|p2a: Sharpedo
|-status|p2a: Sharpedo|par
|
|-heal|p1a: SMOOTH|278\/714|[from] item: Leftovers
|turn|15
|
|switch|p1a: I.D. CRISIS|Crobat, M|311\/311
|move|p2a: Sharpedo|Crunch|p1a: I.D. CRISIS
|-damage|p1a: I.D. CRISIS|71\/311
|
|-heal|p1a: I.D. CRISIS|90\/311|[from] item: Leftovers
|turn|16
|
|move|p1a: I.D. CRISIS|Brave Bird|p2a: Sharpedo
|-crit|p2a: Sharpedo
|-damage|p2a: Sharpedo|33\/295 par
|-damage|p1a: I.D. CRISIS|4\/311|[from] recoil|[of] p2a: Sharpedo
|move|p2a: Sharpedo|Waterfall|p1a: I.D. CRISIS
|-damage|p1a: I.D. CRISIS|0 fnt
|faint|p1a: I.D. CRISIS
|
|
|switch|p1a: Versace|Hydreigon, M|261\/325
|turn|17
|
|move|p1a: Versace|Dark Pulse|p2a: Sharpedo
|-resisted|p2a: Sharpedo
|-damage|p2a: Sharpedo|0 fnt
|-damage|p1a: Versace|229\/325|[from] item: Life Orb
|faint|p2a: Sharpedo
|
|
|switch|p2a: Galvantula|Galvantula, M|182\/282
|turn|18
|
|switch|p1a: SMOOTH|Blissey, F|278\/714
|-activate|p1a: SMOOTH|move: Sticky Web
|-unboost|p1a: SMOOTH|spe|1
|move|p2a: Galvantula|Bug Buzz|p1a: SMOOTH
|-damage|p1a: SMOOTH|167\/714
|
|-heal|p1a: SMOOTH|211\/714|[from] item: Leftovers
|turn|19
|
|move|p2a: Galvantula|Thunder|p1a: SMOOTH
|-damage|p1a: SMOOTH|94\/714
|move|p1a: SMOOTH|Soft-Boiled|p1a: SMOOTH
|-heal|p1a: SMOOTH|451\/714
|
|-heal|p1a: SMOOTH|495\/714|[from] item: Leftovers
|turn|20
|
|move|p2a: Galvantula|Thunder|p1a: SMOOTH
|-damage|p1a: SMOOTH|380\/714
|move|p1a: SMOOTH|Seismic Toss|p2a: Galvantula
|-damage|p2a: Galvantula|82\/282
|
|-heal|p1a: SMOOTH|424\/714|[from] item: Leftovers
|turn|21
|c|★hide rock|sorry about my luck
|
|switch|p2a: Forretress|Forretress, M|354\/354
|move|p1a: SMOOTH|Soft-Boiled|p1a: SMOOTH
|-heal|p1a: SMOOTH|714\/714
|
|turn|22
|c|★Black Nitrogen|all part of the game
|
|move|p1a: SMOOTH|Seismic Toss|p2a: Forretress
|-damage|p2a: Forretress|254\/354
|move|p2a: Forretress|Stealth Rock|p1a: SMOOTH
|-sidestart|p1: hide rock|move: Stealth Rock
|
|-heal|p2a: Forretress|276\/354|[from] item: Leftovers
|turn|23
|
|move|p1a: SMOOTH|Seismic Toss|p2a: Forretress
|-damage|p2a: Forretress|176\/354
|move|p2a: Forretress|Counter|p1a: SMOOTH
|-damage|p1a: SMOOTH|514\/714
|
|-heal|p1a: SMOOTH|558\/714|[from] item: Leftovers
|-heal|p2a: Forretress|198\/354|[from] item: Leftovers
|turn|24
|
|move|p1a: SMOOTH|Seismic Toss|p2a: Forretress
|-damage|p2a: Forretress|98\/354
|move|p2a: Forretress|Gyro Ball|p1a: SMOOTH
|-damage|p1a: SMOOTH|507\/714
|
|-heal|p1a: SMOOTH|551\/714|[from] item: Leftovers
|-heal|p2a: Forretress|120\/354|[from] item: Leftovers
|turn|25
|
|switch|p1a: Versace|Hydreigon, M|229\/325
|-damage|p1a: Versace|189\/325|[from] Stealth Rock
|move|p2a: Forretress|Counter|p1a: Versace
|-fail|p1a: Versace
|
|-heal|p2a: Forretress|142\/354|[from] item: Leftovers
|turn|26
|
|move|p1a: Versace|Dark Pulse|p2a: Forretress
|-damage|p2a: Forretress|0 fnt
|-damage|p1a: Versace|157\/325|[from] item: Life Orb
|faint|p2a: Forretress
|
|
|switch|p2a: Galvantula|Galvantula, M|82\/282
|turn|27
|
|move|p2a: Galvantula|Bug Buzz|p1a: Versace
|-supereffective|p1a: Versace
|-damage|p1a: Versace|0 fnt
|faint|p1a: Versace
|
|
|switch|p1a: SMOOTH|Blissey, F|551\/714
|-activate|p1a: SMOOTH|move: Sticky Web
|-unboost|p1a: SMOOTH|spe|1
|-damage|p1a: SMOOTH|462\/714|[from] Stealth Rock
|turn|28
|c|★hide rock|gg
|
|move|p2a: Galvantula|Thunder|p1a: SMOOTH|[miss]
|-miss|p2a: Galvantula|p1a: SMOOTH
|move|p1a: SMOOTH|Seismic Toss|p2a: Galvantula
|-damage|p2a: Galvantula|0 fnt
|faint|p2a: Galvantula
|
|win|hide rock
|raw|Ladder updating...
|raw|hide rock's rating: 1480 &rarr; <strong>1492<\/strong><br \/>(+12 for winning)
|raw|Black Nitrogen's rating: 1316 &rarr; <strong>1305<\/strong><br \/>(-11 for losing)