|join|Mega Pidgeotto
|join|hide rock
|player|p1|Mega Pidgeotto|171
|player|p2|hide rock|50
|gametype|singles
|gen|6
|tier|UU
|rated
|rule|Sleep Clause Mod: Limit one foe put to sleep
|rule|Species Clause: Limit one of each Pokémon
|rule|OHKO Clause: OHKO moves are banned
|rule|Moody Clause: Moody is banned
|rule|Evasion Moves Clause: Evasion moves are banned
|rule|Endless Battle Clause: Forcing endless battles is banned
|rule|HP Percentage Mod: HP is shown in percentages
|clearpoke
|poke|p1|Gligar, M
|poke|p1|Sharpedo, M
|poke|p1|Nidoqueen, F
|poke|p1|Serperior, M
|poke|p1|Suicune
|poke|p1|Entei, shiny
|poke|p2|Toxicroak, M
|poke|p2|Celebi
|poke|p2|Swampert, F
|poke|p2|Blissey, F
|poke|p2|Alomomola, M
|poke|p2|Empoleon, M
|rule|Swagger Clause: Swagger is banned
|rule|Baton Pass Clause: Limit one Pokémon knowing Baton Pass
|teampreview
|
|start
|switch|p1a: Serperior|Serperior, M|291\/291
|switch|p2a: Empoleon|Empoleon, M|372\/372
|turn|1
|
|switch|p2a: Blissey|Blissey, F|714\/714
|move|p1a: Serperior|Leaf Storm|p2a: Blissey
|-damage|p2a: Blissey|554\/714
|-boost|p1a: Serperior|spa|2
|-damage|p1a: Serperior|262\/291|[from] item: Life Orb
|
|-heal|p2a: Blissey|598\/714|[from] item: Leftovers
|turn|2
|
|switch|p1a: Gligar|Gligar, M|334\/334
|move|p2a: Blissey|Thunder Wave|p1a: Gligar
|-immune|p1a: Gligar|[msg]
|
|-heal|p2a: Blissey|642\/714|[from] item: Leftovers
|turn|3
|join|THEiTodd
|c| THEiTodd|bruh
|
|switch|p2a: Swampert|Swampert, F|403\/403
|move|p1a: Gligar|Swords Dance|p1a: Gligar
|-boost|p1a: Gligar|atk|2
|
|turn|4
|c| THEiTodd|i just got back from american sniper
|
|detailschange|p2a: Swampert|Swampert-Mega, F
|-mega|p2a: Swampert|Swampert|Swampertite
|move|p1a: Gligar|Baton Pass|p1a: Gligar
|c|★Mega Pidgeotto|o how was it
|
|switch|p1a: Sharpedo|Sharpedo, M|281\/281
|move|p2a: Swampert|Scald|p1a: Sharpedo
|-resisted|p1a: Sharpedo
|-damage|p1a: Sharpedo|198\/281
|
|turn|5
|c|★Mega Pidgeotto|fuck
|c| THEiTodd|it was
|c| THEiTodd|so good
|
|detailschange|p1a: Sharpedo|Sharpedo-Mega, M
|-mega|p1a: Sharpedo|Sharpedo|Sharpedonite
|move|p1a: Sharpedo|Crunch|p2a: Swampert
|-damage|p2a: Swampert|54\/403
|move|p2a: Swampert|Earthquake|p1a: Sharpedo
|-damage|p1a: Sharpedo|0 fnt
|faint|p1a: Sharpedo
|
|c|★Mega Pidgeotto|nice :]
|join|Dad's Dad
|
|switch|p1a: Nidoqueen|Nidoqueen, F|329\/329
|turn|6
|
|switch|p2a: Blissey|Blissey, F|642\/714
|move|p1a: Nidoqueen|Earth Power|p2a: Blissey
|-damage|p2a: Blissey|493\/714
|
|-heal|p2a: Blissey|537\/714|[from] item: Leftovers
|turn|7
|
|move|p1a: Nidoqueen|Stealth Rock|p2a: Blissey
|-sidestart|p2: hide rock|move: Stealth Rock
|move|p2a: Blissey|Thunder Wave|p1a: Nidoqueen
|-immune|p1a: Nidoqueen|[msg]
|
|-heal|p2a: Blissey|581\/714|[from] item: Leftovers
|turn|8
|
|switch|p1a: Gligar|Gligar, M|334\/334
|move|p2a: Blissey|Thunder Wave|p1a: Gligar
|-immune|p1a: Gligar|[msg]
|
|-heal|p2a: Blissey|625\/714|[from] item: Leftovers
|turn|9
|
|switch|p2a: Alomomola|Alomomola, M|534\/534
|-damage|p2a: Alomomola|468\/534|[from] Stealth Rock
|move|p1a: Gligar|Swords Dance|p1a: Gligar
|-boost|p1a: Gligar|atk|2
|
|-heal|p2a: Alomomola|501\/534|[from] item: Leftovers
|turn|10
|
|move|p1a: Gligar|Swords Dance|p1a: Gligar
|-boost|p1a: Gligar|atk|2
|move|p2a: Alomomola|Toxic|p1a: Gligar
|-fail|p1a: Gligar
|
|-heal|p2a: Alomomola|534\/534|[from] item: Leftovers
|turn|11
|
|move|p1a: Gligar|Earthquake|p2a: Alomomola
|-damage|p2a: Alomomola|308\/534
|move|p2a: Alomomola|Wish|p2a: Alomomola
|
|-heal|p2a: Alomomola|341\/534|[from] item: Leftovers
|turn|12
|
|move|p1a: Gligar|Swords Dance|p1a: Gligar
|-boost|p1a: Gligar|atk|2
|move|p2a: Alomomola|Scald|p1a: Gligar
|-supereffective|p1a: Gligar
|-damage|p1a: Gligar|272\/334
|
|-heal|p2a: Alomomola|534\/534|[from] move: Wish|[wisher] Alomomola
|turn|13
|
|move|p1a: Gligar|Earthquake|p2a: Alomomola
|-damage|p2a: Alomomola|222\/534
|move|p2a: Alomomola|Scald|p1a: Gligar
|-supereffective|p1a: Gligar
|-damage|p1a: Gligar|212\/334
|-status|p1a: Gligar|brn
|
|-heal|p2a: Alomomola|255\/534|[from] item: Leftovers
|-damage|p1a: Gligar|171\/334 brn|[from] brn
|turn|14
|
|move|p1a: Gligar|Earthquake|p2a: Alomomola
|-damage|p2a: Alomomola|92\/534
|move|p2a: Alomomola|Wish|p2a: Alomomola
|
|-heal|p2a: Alomomola|125\/534|[from] item: Leftovers
|-damage|p1a: Gligar|130\/334 brn|[from] brn
|turn|15
|
|move|p1a: Gligar|Roost|p1a: Gligar
|-heal|p1a: Gligar|297\/334 brn
|move|p2a: Alomomola|Toxic|p1a: Gligar
|-fail|p1a: Gligar
|
|-heal|p2a: Alomomola|392\/534|[from] move: Wish|[wisher] Alomomola
|-heal|p2a: Alomomola|425\/534|[from] item: Leftovers
|-damage|p1a: Gligar|256\/334 brn|[from] brn
|turn|16
|
|move|p1a: Gligar|Earthquake|p2a: Alomomola
|-damage|p2a: Alomomola|277\/534
|move|p2a: Alomomola|Wish|p2a: Alomomola
|
|-heal|p2a: Alomomola|310\/534|[from] item: Leftovers
|-damage|p1a: Gligar|215\/334 brn|[from] brn
|turn|17
|
|move|p1a: Gligar|Baton Pass|p1a: Gligar
|c|★Mega Pidgeotto|o
|c|★Mega Pidgeotto|mis
|c|★Mega Pidgeotto|clicked
|
|switch|p1a: Nidoqueen|Nidoqueen, F|329\/329
|move|p2a: Alomomola|Scald|p1a: Nidoqueen
|-supereffective|p1a: Nidoqueen
|-damage|p1a: Nidoqueen|227\/329
|
|-heal|p2a: Alomomola|534\/534|[from] move: Wish|[wisher] Alomomola
|turn|18
|
|switch|p1a: Gligar|Gligar, M|215\/334 brn
|switch|p2a: Blissey|Blissey, F|625\/714
|-damage|p2a: Blissey|536\/714|[from] Stealth Rock
|
|-heal|p2a: Blissey|580\/714|[from] item: Leftovers
|-damage|p1a: Gligar|174\/334 brn|[from] brn
|turn|19
|
|switch|p2a: Empoleon|Empoleon, M|372\/372
|-damage|p2a: Empoleon|349\/372|[from] Stealth Rock
|move|p1a: Gligar|Swords Dance|p1a: Gligar
|-boost|p1a: Gligar|atk|2
|
|-heal|p2a: Empoleon|372\/372|[from] item: Leftovers
|-damage|p1a: Gligar|133\/334 brn|[from] brn
|turn|20
|
|move|p1a: Gligar|Baton Pass|p1a: Gligar
|
|switch|p1a: Entei|Entei, shiny|371\/371
|-ability|p1a: Entei|Pressure
|move|p2a: Empoleon|Stealth Rock|p1a: Entei
|-sidestart|p1: Mega Pidgeotto|move: Stealth Rock
|
|turn|21
|
|switch|p2a: Alomomola|Alomomola, M|534\/534
|-damage|p2a: Alomomola|468\/534|[from] Stealth Rock
|move|p1a: Entei|Sacred Fire|p2a: Alomomola
|-resisted|p2a: Alomomola
|-damage|p2a: Alomomola|294\/534
|
|-heal|p2a: Alomomola|327\/534|[from] item: Leftovers
|turn|22
|
|move|p1a: Entei|Sacred Fire|p2a: Alomomola
|-resisted|p2a: Alomomola
|-damage|p2a: Alomomola|153\/534
|move|p2a: Alomomola|Toxic|p1a: Entei
|-status|p1a: Entei|tox
|
|-heal|p2a: Alomomola|186\/534|[from] item: Leftovers
|-damage|p1a: Entei|348\/371 tox|[from] psn
|turn|23
|
|move|p2a: Alomomola|Protect|p2a: Alomomola
|-singleturn|p2a: Alomomola|Protect
|move|p1a: Entei|Sacred Fire|p2a: Alomomola
|-activate|p2a: Alomomola|Protect
|
|-heal|p2a: Alomomola|219\/534|[from] item: Leftovers
|-damage|p1a: Entei|302\/371 tox|[from] psn
|turn|24
|
|switch|p2a: Swampert|Swampert-Mega, F|54\/403
|-damage|p2a: Swampert|29\/403|[from] Stealth Rock
|move|p1a: Entei|Flare Blitz|p2a: Swampert
|-resisted|p2a: Swampert
|-damage|p2a: Swampert|0 fnt
|-damage|p1a: Entei|292\/371 tox|[from] recoil|[of] p2a: Swampert
|faint|p2a: Swampert
|
|-damage|p1a: Entei|223\/371 tox|[from] psn
|
|switch|p2a: Alomomola|Alomomola, M|397\/534
|-damage|p2a: Alomomola|331\/534|[from] Stealth Rock
|turn|25
|
|switch|p1a: Gligar|Gligar, M|133\/334 brn
|-damage|p1a: Gligar|92\/334 brn|[from] Stealth Rock
|move|p2a: Alomomola|Wish|p2a: Alomomola
|
|-heal|p2a: Alomomola|364\/534|[from] item: Leftovers
|-damage|p1a: Gligar|51\/334 brn|[from] brn
|turn|26
|
|move|p1a: Gligar|Roost|p1a: Gligar
|-heal|p1a: Gligar|218\/334 brn
|move|p2a: Alomomola|Scald|p1a: Gligar
|-supereffective|p1a: Gligar
|-damage|p1a: Gligar|158\/334 brn
|
|-heal|p2a: Alomomola|534\/534|[from] move: Wish|[wisher] Alomomola
|-damage|p1a: Gligar|117\/334 brn|[from] brn
|turn|27
|
|switch|p2a: Celebi|Celebi|404\/404
|-damage|p2a: Celebi|354\/404|[from] Stealth Rock
|move|p1a: Gligar|Roost|p1a: Gligar
|-heal|p1a: Gligar|284\/334 brn
|
|-heal|p2a: Celebi|379\/404|[from] item: Leftovers
|-damage|p1a: Gligar|243\/334 brn|[from] brn
|turn|28
|
|move|p2a: Celebi|Perish Song|p2a: Celebi
|-fieldactivate|move: Perish Song
|move|p1a: Gligar|Baton Pass|p1a: Gligar
|c|★Mega Pidgeotto|fucking entei
|
|switch|p1a: Nidoqueen|Nidoqueen, F|227\/329
|-damage|p1a: Nidoqueen|207\/329|[from] Stealth Rock
|
|-start|p1a: Nidoqueen|perish3
|-start|p2a: Celebi|perish3
|-heal|p2a: Celebi|404\/404|[from] item: Leftovers
|turn|29
|c|★Mega Pidgeotto|can't get a mother
|c|★Mega Pidgeotto|fucking burn
|-message|Mega Pidgeotto forfeited.
|leave|Mega Pidgeotto
|
|win|hide rock
|raw|Ladder updating...
|player|p1