|join|Magalli Presidente
|join|AAamen
|player|p1|Magalli Presidente|1
|player|p2|AAamen|101
|gametype|singles
|gen|6
|tier|OU
|clearpoke
|poke|p1|Scizor, M
|poke|p1|Landorus-Therian, M
|poke|p1|Magnezone
|poke|p1|Celebi
|poke|p1|Talonflame, M
|poke|p1|Keldeo-Resolute
|poke|p2|Beedrill, M
|poke|p2|Magnezone
|poke|p2|Latios, M
|poke|p2|Landorus-Therian, M
|poke|p2|Gengar, M
|poke|p2|Azumarill, M
|rule|Swagger Clause: Swagger is banned
|rule|Baton Pass Clause: Limit one Pokémon knowing Baton Pass
|rule|Sleep Clause Mod: Limit one foe put to sleep
|rule|Species Clause: Limit one of each Pokémon
|rule|OHKO Clause: OHKO moves are banned
|rule|Moody Clause: Moody is banned
|rule|Evasion Moves Clause: Evasion moves are banned
|rule|Endless Battle Clause: Forcing endless battles is banned
|rule|HP Percentage Mod: HP is shown in percentages
|teampreview
|
|start
|switch|p1a: Landorus-Therian|Landorus-Therian, M|381\/381
|switch|p2a: Beedrill|Beedrill, M|271\/271
|-ability|p1a: Landorus-Therian|Intimidate|[of] p2a: Beedrill
|-unboost|p2a: Beedrill|atk|1
|turn|1
|
|switch|p2a: Landorus-Therian|Landorus-Therian, M|381\/381
|-ability|p2a: Landorus-Therian|Intimidate|[of] p1a: Landorus-Therian
|-unboost|p1a: Landorus-Therian|atk|1
|move|p1a: Landorus-Therian|Stealth Rock|p2a: Landorus-Therian
|-sidestart|p2: AAamen|move: Stealth Rock
|
|turn|2
|
|move|p2a: Landorus-Therian|Stealth Rock|p1a: Landorus-Therian
|-sidestart|p1: Magalli Presidente|move: Stealth Rock
|move|p1a: Landorus-Therian|U-turn|p2a: Landorus-Therian
|-resisted|p2a: Landorus-Therian
|-damage|p2a: Landorus-Therian|363\/381
|
|switch|p1a: Keldeo-Resolute|Keldeo-Resolute|323\/323
|-damage|p1a: Keldeo-Resolute|303\/323|[from] Stealth Rock
|
|-heal|p2a: Landorus-Therian|381\/381|[from] item: Leftovers
|turn|3
|
|switch|p2a: Azumarill|Azumarill, M|381\/381
|-damage|p2a: Azumarill|334\/381|[from] Stealth Rock
|move|p1a: Keldeo-Resolute|Scald|p2a: Azumarill
|-resisted|p2a: Azumarill
|-damage|p2a: Azumarill|248\/381
|
|turn|4
|
|switch|p1a: Celebi|Celebi|403\/403
|-damage|p1a: Celebi|353\/403|[from] Stealth Rock
|move|p2a: Azumarill|Waterfall|p1a: Celebi
|-resisted|p1a: Celebi
|-damage|p1a: Celebi|225\/403
|
|-heal|p1a: Celebi|250\/403|[from] item: Leftovers
|turn|5
|
|switch|p2a: Magnezone|Magnezone|282\/282
|-damage|p2a: Magnezone|265\/282|[from] Stealth Rock
|move|p1a: Celebi|Baton Pass|p1a: Celebi
|
|switch|p1a: Landorus-Therian|Landorus-Therian, M|381\/381
|-damage|p1a: Landorus-Therian|334\/381|[from] Stealth Rock
|-ability|p1a: Landorus-Therian|Intimidate|[of] p2a: Magnezone
|-unboost|p2a: Magnezone|atk|1
|
|-heal|p1a: Landorus-Therian|357\/381|[from] item: Leftovers
|turn|6
|
|switch|p2a: Landorus-Therian|Landorus-Therian, M|381\/381
|-damage|p2a: Landorus-Therian|334\/381|[from] Stealth Rock
|-ability|p2a: Landorus-Therian|Intimidate|[of] p1a: Landorus-Therian
|-unboost|p1a: Landorus-Therian|atk|1
|move|p1a: Landorus-Therian|U-turn|p2a: Landorus-Therian
|-resisted|p2a: Landorus-Therian
|-damage|p2a: Landorus-Therian|315\/381
|
|switch|p1a: Keldeo-Resolute|Keldeo-Resolute|303\/323
|-damage|p1a: Keldeo-Resolute|283\/323|[from] Stealth Rock
|
|-heal|p2a: Landorus-Therian|338\/381|[from] item: Leftovers
|turn|7
|
|switch|p2a: Latios|Latios, M|302\/302
|-damage|p2a: Latios|265\/302|[from] Stealth Rock
|move|p1a: Keldeo-Resolute|Scald|p2a: Latios
|-resisted|p2a: Latios
|-damage|p2a: Latios|196\/302
|
|turn|8
|
|switch|p1a: Magnezone|Magnezone|281\/281
|-damage|p1a: Magnezone|264\/281|[from] Stealth Rock
|move|p2a: Latios|Defog|p1a: Magnezone
|-unboost|p1a: Magnezone|evasion|1
|-sideend|p1: Magalli Presidente|Stealth Rock|[from] move: Defog|[of] p1a: Magnezone
|-sideend|p2: AAamen|Stealth Rock|[from] move: Defog|[of] p2a: Latios
|
|turn|9
|
|switch|p2a: Landorus-Therian|Landorus-Therian, M|338\/381
|-ability|p2a: Landorus-Therian|Intimidate|[of] p1a: Magnezone
|-unboost|p1a: Magnezone|atk|1
|move|p1a: Magnezone|Volt Switch|p2a: Landorus-Therian
|-immune|p2a: Landorus-Therian|[msg]
|
|-heal|p2a: Landorus-Therian|361\/381|[from] item: Leftovers
|turn|10
|
|switch|p1a: Landorus-Therian|Landorus-Therian, M|357\/381
|-ability|p1a: Landorus-Therian|Intimidate|[of] p2a: Landorus-Therian
|-unboost|p2a: Landorus-Therian|atk|1
|move|p2a: Landorus-Therian|U-turn|p1a: Landorus-Therian
|-resisted|p1a: Landorus-Therian
|-damage|p1a: Landorus-Therian|339\/381
|
|switch|p2a: Gengar|Gengar, M|262\/262
|
|-heal|p1a: Landorus-Therian|362\/381|[from] item: Leftovers
|turn|11
|
|move|p2a: Gengar|Icy Wind|p1a: Landorus-Therian
|-supereffective|p1a: Landorus-Therian
|-damage|p1a: Landorus-Therian|66\/381
|-unboost|p1a: Landorus-Therian|spe|1
|move|p1a: Landorus-Therian|Stealth Rock|p2a: Gengar
|-sidestart|p2: AAamen|move: Stealth Rock
|
|-heal|p1a: Landorus-Therian|89\/381|[from] item: Leftovers
|turn|12
|c|★Magalli Presidente|lolcosa
|
|switch|p2a: Landorus-Therian|Landorus-Therian, M|361\/381
|-damage|p2a: Landorus-Therian|314\/381|[from] Stealth Rock
|-ability|p2a: Landorus-Therian|Intimidate|[of] p1a: Landorus-Therian
|-unboost|p1a: Landorus-Therian|atk|1
|switch|p1a: Scizor|Scizor, M|343\/343
|
|-heal|p2a: Landorus-Therian|337\/381|[from] item: Leftovers
|turn|13
|
|switch|p1a: Keldeo-Resolute|Keldeo-Resolute|283\/323
|move|p2a: Landorus-Therian|Stealth Rock|p1a: Keldeo-Resolute
|-sidestart|p1: Magalli Presidente|move: Stealth Rock
|
|-heal|p2a: Landorus-Therian|360\/381|[from] item: Leftovers
|turn|14
|
|switch|p2a: Latios|Latios, M|196\/302
|-damage|p2a: Latios|159\/302|[from] Stealth Rock
|move|p1a: Keldeo-Resolute|Scald|p2a: Latios
|-resisted|p2a: Latios
|-damage|p2a: Latios|96\/302
|
|turn|15
|c|★AAamen|hai visto bene
|
|switch|p1a: Magnezone|Magnezone|264\/281
|-damage|p1a: Magnezone|247\/281|[from] Stealth Rock
|move|p2a: Latios|Defog|p1a: Magnezone
|-unboost|p1a: Magnezone|evasion|1
|-sideend|p1: Magalli Presidente|Stealth Rock|[from] move: Defog|[of] p1a: Magnezone
|-sideend|p2: AAamen|Stealth Rock|[from] move: Defog|[of] p2a: Latios
|
|turn|16
|
|switch|p2a: Landorus-Therian|Landorus-Therian, M|360\/381
|-ability|p2a: Landorus-Therian|Intimidate|[of] p1a: Magnezone
|-unboost|p1a: Magnezone|atk|1
|move|p1a: Magnezone|Volt Switch|p2a: Landorus-Therian
|-immune|p2a: Landorus-Therian|[msg]
|
|-heal|p2a: Landorus-Therian|381\/381|[from] item: Leftovers
|turn|17
|
|switch|p1a: Keldeo-Resolute|Keldeo-Resolute|283\/323
|move|p2a: Landorus-Therian|U-turn|p1a: Keldeo-Resolute
|-resisted|p1a: Keldeo-Resolute
|-damage|p1a: Keldeo-Resolute|239\/323
|
|switch|p2a: Latios|Latios, M|96\/302
|
|turn|18
|
|move|p1a: Keldeo-Resolute|Hidden Power|p2a: Latios
|-supereffective|p2a: Latios
|-damage|p2a: Latios|0 fnt
|faint|p2a: Latios
|
|
|switch|p2a: Gengar|Gengar, M|262\/262
|turn|19
|
|switch|p1a: Talonflame|Talonflame, M|359\/359
|move|p2a: Gengar|Shadow Ball|p1a: Talonflame
|-damage|p1a: Talonflame|229\/359
|
|-heal|p1a: Talonflame|251\/359|[from] item: Leftovers
|turn|20
|
|switch|p2a: Magnezone|Magnezone|265\/282
|move|p1a: Talonflame|Will-O-Wisp|p2a: Magnezone|[miss]
|-miss|p1a: Talonflame|p2a: Magnezone
|
|-heal|p1a: Talonflame|273\/359|[from] item: Leftovers
|turn|21
|
|move|p1a: Talonflame|Roost|p1a: Talonflame
|-heal|p1a: Talonflame|359\/359
|move|p2a: Magnezone|Flash Cannon|p1a: Talonflame
|-resisted|p1a: Talonflame
|-damage|p1a: Talonflame|297\/359
|
|-heal|p1a: Talonflame|319\/359|[from] item: Leftovers
|turn|22
|
|move|p1a: Talonflame|Will-O-Wisp|p2a: Magnezone|[miss]
|-miss|p1a: Talonflame|p2a: Magnezone
|move|p2a: Magnezone|Flash Cannon|p1a: Talonflame
|-resisted|p1a: Talonflame
|-damage|p1a: Talonflame|249\/359
|
|-heal|p1a: Talonflame|271\/359|[from] item: Leftovers
|turn|23
|c|★AAamen|madò
|c|★Magalli Presidente|ma daii
|
|move|p1a: Talonflame|Will-O-Wisp|p2a: Magnezone
|-status|p2a: Magnezone|brn
|move|p2a: Magnezone|Volt Switch|p1a: Talonflame
|-supereffective|p1a: Talonflame
|-damage|p1a: Talonflame|53\/359
|
|switch|p2a: Landorus-Therian|Landorus-Therian, M|381\/381
|-ability|p2a: Landorus-Therian|Intimidate|[of] p1a: Talonflame
|-unboost|p1a: Talonflame|atk|1
|
|-heal|p1a: Talonflame|75\/359|[from] item: Leftovers
|turn|24
|c|★Magalli Presidente|lol ma cosa
|
|move|p1a: Talonflame|Will-O-Wisp|p2a: Landorus-Therian
|-status|p2a: Landorus-Therian|brn
|move|p2a: Landorus-Therian|Knock Off|p1a: Talonflame
|-damage|p1a: Talonflame|7\/359
|-enditem|p1a: Talonflame|Leftovers|[from] move: Knock Off|[of] p2a: Landorus-Therian
|
|-damage|p2a: Landorus-Therian|334\/381 brn|[from] brn
|turn|25
|
|move|p1a: Talonflame|Roost|p1a: Talonflame
|-heal|p1a: Talonflame|187\/359
|move|p2a: Landorus-Therian|Earthquake|p1a: Talonflame
|-crit|p1a: Talonflame
|-supereffective|p1a: Talonflame
|-damage|p1a: Talonflame|0 fnt
|faint|p1a: Talonflame
|
|-heal|p2a: Landorus-Therian|357\/381 brn|[from] item: Leftovers
|-damage|p2a: Landorus-Therian|310\/381 brn|[from] brn
|c|★AAamen|ma che cazzo
|c|★Magalli Presidente|eh crit pure
|c|★AAamen|orcodio sti hax
|
|switch|p1a: Keldeo-Resolute|Keldeo-Resolute|239\/323
|turn|26
|c|★AAamen|vb
|c|★AAamen|calculiamo
|c|★AAamen|4 Atk burned Landorus-T Earthquake vs. 248 HP \/ 0 Def Talonflame: 198-234 (55.1 - 65.1%) -- guaranteed 2HKO after Leftovers recovery
|c|★AAamen|non era hax
|
|switch|p2a: Magnezone|Magnezone|265\/282 brn
|move|p1a: Keldeo-Resolute|Hydro Pump|p2a: Magnezone
|-damage|p2a: Magnezone|120\/282 brn
|
|-damage|p2a: Magnezone|85\/282 brn|[from] brn
|turn|27
|c|★Magalli Presidente|mh k
|
|switch|p1a: Landorus-Therian|Landorus-Therian, M|89\/381
|-ability|p1a: Landorus-Therian|Intimidate|[of] p2a: Magnezone
|-unboost|p2a: Magnezone|atk|1
|move|p2a: Magnezone|Volt Switch|p1a: Landorus-Therian
|-immune|p1a: Landorus-Therian|[msg]
|
|-heal|p1a: Landorus-Therian|112\/381|[from] item: Leftovers
|-damage|p2a: Magnezone|50\/282 brn|[from] brn
|turn|28
|
|move|p2a: Magnezone|Flash Cannon|p1a: Landorus-Therian
|-damage|p1a: Landorus-Therian|0 fnt
|faint|p1a: Landorus-Therian
|
|-damage|p2a: Magnezone|15\/282 brn|[from] brn
|c|★Magalli Presidente|max speed?
|
|switch|p1a: Scizor|Scizor, M|343\/343
|turn|29
|
|detailschange|p1a: Scizor|Scizor-Mega, M
|-mega|p1a: Scizor|Scizor|Scizorite
|move|p1a: Scizor|Bullet Punch|p2a: Magnezone
|-resisted|p2a: Magnezone
|-damage|p2a: Magnezone|0 fnt
|faint|p2a: Magnezone
|
|c|★AAamen|si
|
|switch|p2a: Azumarill|Azumarill, M|248\/381
|turn|30
|
|move|p1a: Scizor|Bullet Punch|p2a: Azumarill
|-damage|p2a: Azumarill|128\/381
|move|p2a: Azumarill|Waterfall|p1a: Scizor
|-damage|p1a: Scizor|205\/343
|
|turn|31
|
|move|p1a: Scizor|Roost|p1a: Scizor
|-heal|p1a: Scizor|343\/343
|move|p2a: Azumarill|Waterfall|p1a: Scizor
|-damage|p1a: Scizor|189\/343
|
|turn|32
|
|switch|p1a: Magnezone|Magnezone|247\/281
|move|p2a: Azumarill|Waterfall|p1a: Magnezone
|-damage|p1a: Magnezone|12\/281
|
|turn|33
|
|switch|p1a: Celebi|Celebi|250\/403
|switch|p2a: Landorus-Therian|Landorus-Therian, M|310\/381 brn
|-ability|p2a: Landorus-Therian|Intimidate|[of] p1a: Celebi
|-unboost|p1a: Celebi|atk|1
|
|-heal|p1a: Celebi|275\/403|[from] item: Leftovers
|-heal|p2a: Landorus-Therian|333\/381 brn|[from] item: Leftovers
|-damage|p2a: Landorus-Therian|286\/381 brn|[from] brn
|turn|34
|
|switch|p1a: Scizor|Scizor-Mega, M|189\/343
|move|p2a: Landorus-Therian|U-turn|p1a: Scizor
|-resisted|p1a: Scizor
|-damage|p1a: Scizor|178\/343
|
|switch|p2a: Gengar|Gengar, M|262\/262
|
|turn|35
|
|switch|p1a: Magnezone|Magnezone|12\/281
|move|p2a: Gengar|Shadow Ball|p1a: Magnezone
|-damage|p1a: Magnezone|0 fnt
|faint|p1a: Magnezone
|
|
|switch|p1a: Keldeo-Resolute|Keldeo-Resolute|239\/323
|turn|36
|
|switch|p2a: Landorus-Therian|Landorus-Therian, M|286\/381 brn
|-ability|p2a: Landorus-Therian|Intimidate|[of] p1a: Keldeo-Resolute
|-unboost|p1a: Keldeo-Resolute|atk|1
|move|p1a: Keldeo-Resolute|Hydro Pump|p2a: Landorus-Therian
|-supereffective|p2a: Landorus-Therian
|-damage|p2a: Landorus-Therian|0 fnt
|faint|p2a: Landorus-Therian
|
|
|switch|p2a: Azumarill|Azumarill, M|128\/381
|turn|37
|
|move|p2a: Azumarill|Aqua Jet|p1a: Keldeo-Resolute
|-resisted|p1a: Keldeo-Resolute
|-damage|p1a: Keldeo-Resolute|168\/323
|move|p1a: Keldeo-Resolute|Hydro Pump|p2a: Azumarill
|-resisted|p2a: Azumarill
|-damage|p2a: Azumarill|11\/381
|
|turn|38
|
|switch|p1a: Celebi|Celebi|275\/403
|move|p2a: Azumarill|Aqua Jet|p1a: Celebi
|-crit|p1a: Celebi
|-resisted|p1a: Celebi
|-damage|p1a: Celebi|180\/403
|
|-heal|p1a: Celebi|205\/403|[from] item: Leftovers
|turn|39
|
|move|p2a: Azumarill|Aqua Jet|p1a: Celebi
|-resisted|p1a: Celebi
|-damage|p1a: Celebi|144\/403
|move|p1a: Celebi|Giga Drain|p2a: Azumarill
|-supereffective|p2a: Azumarill
|-damage|p2a: Azumarill|0 fnt
|-heal|p1a: Celebi|150\/403|[from] drain|[of] p2a: Azumarill
|faint|p2a: Azumarill
|
|-heal|p1a: Celebi|175\/403|[from] item: Leftovers
|
|switch|p2a: Gengar|Gengar, M|262\/262
|turn|40
|
|move|p2a: Gengar|Shadow Ball|p1a: Celebi
|-supereffective|p1a: Celebi
|-damage|p1a: Celebi|0 fnt
|faint|p1a: Celebi
|
|
|switch|p1a: Keldeo-Resolute|Keldeo-Resolute|168\/323
|turn|41
|
|move|p2a: Gengar|Shadow Ball|p1a: Keldeo-Resolute
|-damage|p1a: Keldeo-Resolute|5\/323
|move|p1a: Keldeo-Resolute|Hydro Pump|p2a: Gengar
|-damage|p2a: Gengar|7\/262
|
|turn|42
|
|switch|p1a: Scizor|Scizor-Mega, M|178\/343
|move|p2a: Gengar|Shadow Ball|p1a: Scizor
|-damage|p1a: Scizor|37\/343
|-unboost|p1a: Scizor|spd|1
|
|turn|43
|
|move|p1a: Scizor|Bullet Punch|p2a: Gengar
|-damage|p2a: Gengar|0 fnt
|faint|p2a: Gengar
|
|
|switch|p2a: Beedrill|Beedrill, M|271\/271
|turn|44
|
|move|p1a: Scizor|Bullet Punch|p2a: Beedrill
|-damage|p2a: Beedrill|82\/271
|move|p2a: Beedrill|Drill Run|p1a: Scizor
|-damage|p1a: Scizor|0 fnt
|faint|p1a: Scizor
|
|
|switch|p1a: Keldeo-Resolute|Keldeo-Resolute|5\/323
|turn|45
|
|detailschange|p2a: Beedrill|Beedrill-Mega, M
|-mega|p2a: Beedrill|Beedrill|Beedrillite
|move|p2a: Beedrill|Protect|p2a: Beedrill
|-singleturn|p2a: Beedrill|Protect
|move|p1a: Keldeo-Resolute|Scald|p2a: Beedrill
|-activate|p2a: Beedrill|Protect
|
|turn|46
|c|★AAamen|gg
|
|move|p1a: Keldeo-Resolute|Scald|p2a: Beedrill
|-damage|p2a: Beedrill|0 fnt
|faint|p2a: Beedrill
|
|win|Magalli Presidente
|c|★Magalli Presidente|gg
|leave|AAamen
|leave|Magalli Presidente
|player|p2
|player|p1
|join|Magalli Presidente