|join|citak
|join|Magalli Presidente
|player|p1|citak|266
|player|p2|Magalli Presidente|169
|gametype|singles
|gen|6
|tier|OU
|clearpoke
|poke|p1|Scizor, M
|poke|p1|Talonflame, M
|poke|p1|Starmie
|poke|p1|Bisharp, F
|poke|p1|Altaria, M
|poke|p1|Mamoswine, M
|poke|p2|Scizor, M
|poke|p2|Dugtrio, M
|poke|p2|Celebi
|poke|p2|Heatran, M
|poke|p2|Talonflame, M
|poke|p2|Keldeo-Resolute
|rule|Swagger Clause: Swagger is banned
|rule|Baton Pass Clause: Limit one Pokémon knowing Baton Pass
|rule|Sleep Clause Mod: Limit one foe put to sleep
|rule|Species Clause: Limit one of each Pokémon
|rule|OHKO Clause: OHKO moves are banned
|rule|Moody Clause: Moody is banned
|rule|Evasion Moves Clause: Evasion moves are banned
|rule|Endless Battle Clause: Forcing endless battles is banned
|rule|HP Percentage Mod: HP is shown in percentages
|teampreview
|join|Wolflink88
|
|start
|switch|p1a: Mamoswine|Mamoswine, M|361\/361
|switch|p2a: Scizor|Scizor, M|343\/343
|turn|1
|join|getrektlolo
|
|detailschange|p2a: Scizor|Scizor-Mega, M
|-mega|p2a: Scizor|Scizor|Scizorite
|move|p2a: Scizor|Bullet Punch|p1a: Mamoswine
|-supereffective|p1a: Mamoswine
|-damage|p1a: Mamoswine|113\/361
|move|p1a: Mamoswine|Stealth Rock|p2a: Scizor
|-sidestart|p2: Magalli Presidente|move: Stealth Rock
|
|turn|2
|
|switch|p1a: Talonflame|Talonflame, M|359\/359
|move|p2a: Scizor|Bullet Punch|p1a: Talonflame
|-resisted|p1a: Talonflame
|-damage|p1a: Talonflame|290\/359
|
|-heal|p1a: Talonflame|312\/359|[from] item: Leftovers
|turn|3
|join|L.Lord
|
|switch|p1a: Mamoswine|Mamoswine, M|113\/361
|switch|p2a: Heatran|Heatran, M|385\/385
|-damage|p2a: Heatran|337\/385|[from] Stealth Rock
|
|-heal|p2a: Heatran|361\/385|[from] item: Leftovers
|turn|4
|
|switch|p2a: Scizor|Scizor-Mega, M|343\/343
|-damage|p2a: Scizor|301\/343|[from] Stealth Rock
|move|p1a: Mamoswine|Earthquake|p2a: Scizor
|-damage|p2a: Scizor|195\/343
|
|turn|5
|
|move|p1a: Mamoswine|Earthquake|p2a: Scizor
|-damage|p2a: Scizor|90\/343
|move|p2a: Scizor|Defog|p1a: Mamoswine
|-unboost|p1a: Mamoswine|evasion|1
|-sideend|p2: Magalli Presidente|Stealth Rock|[from] move: Defog|[of] p2a: Scizor
|
|turn|6
|
|move|p2a: Scizor|Bullet Punch|p1a: Mamoswine
|-supereffective|p1a: Mamoswine
|-damage|p1a: Mamoswine|0 fnt
|faint|p1a: Mamoswine
|
|
|switch|p1a: Bisharp|Bisharp, F|271\/271
|turn|7
|
|switch|p2a: Keldeo-Resolute|Keldeo-Resolute|323\/323
|move|p1a: Bisharp|Knock Off|p2a: Keldeo-Resolute
|-resisted|p2a: Keldeo-Resolute
|-damage|p2a: Keldeo-Resolute|198\/323
|-boost|p2a: Keldeo-Resolute|atk|1|[from] ability: Justified
|-enditem|p2a: Keldeo-Resolute|Choice Scarf|[from] move: Knock Off|[of] p1a: Bisharp
|-damage|p1a: Bisharp|244\/271|[from] item: Life Orb
|
|turn|8
|c|★citak|dai che devo cenare
|c|★Magalli Presidente|eh ma allora sei cojone
|c|★Magalli Presidente|che mi dici di battlare
|
|switch|p1a: Starmie|Starmie|261\/261
|move|p2a: Keldeo-Resolute|Scald|p1a: Starmie
|-resisted|p1a: Starmie
|-damage|p1a: Starmie|179\/261
|-status|p1a: Starmie|brn
|
|-damage|p1a: Starmie|147\/261 brn|[from] brn
|turn|9
|c|★citak|non pensavo fosse gia' pronto >.>
|
|switch|p2a: Celebi|Celebi|403\/403
|move|p1a: Starmie|Recover|p1a: Starmie
|-heal|p1a: Starmie|261\/261 brn
|
|-damage|p1a: Starmie|229\/261 brn|[from] brn
|turn|10
|
|switch|p1a: Talonflame|Talonflame, M|312\/359
|move|p2a: Celebi|Baton Pass|p2a: Celebi
|
|switch|p2a: Heatran|Heatran, M|361\/385
|
|-heal|p1a: Talonflame|334\/359|[from] item: Leftovers
|-heal|p2a: Heatran|385\/385|[from] item: Leftovers
|turn|11
|
|switch|p1a: Starmie|Starmie|229\/261
|move|p2a: Heatran|Stealth Rock|p1a: Starmie
|-sidestart|p1: citak|move: Stealth Rock
|
|turn|12
|
|switch|p2a: Celebi|Celebi|403\/403
|move|p1a: Starmie|Rapid Spin|p2a: Celebi
|-damage|p2a: Celebi|386\/403
|-sideend|p1: citak|Stealth Rock|[from] move: Rapid Spin|[of] p1a: Starmie
|-damage|p1a: Starmie|203\/261|[from] item: Life Orb
|
|-heal|p2a: Celebi|403\/403|[from] item: Leftovers
|turn|13
|
|switch|p1a: Altaria|Altaria, M|353\/353
|move|p2a: Celebi|Giga Drain|p1a: Altaria
|-resisted|p1a: Altaria
|-damage|p1a: Altaria|332\/353
|
|turn|14
|
|switch|p2a: Talonflame|Talonflame, M|359\/359
|move|p1a: Altaria|Dragon Dance|p1a: Altaria
|-boost|p1a: Altaria|atk|1
|-boost|p1a: Altaria|spe|1
|
|turn|15
|
|detailschange|p1a: Altaria|Altaria-Mega, M
|-mega|p1a: Altaria|Altaria|Altarianite
|move|p1a: Altaria|Facade|p2a: Talonflame
|-resisted|p2a: Talonflame
|-damage|p2a: Talonflame|245\/359
|move|p2a: Talonflame|Bulk Up|p2a: Talonflame
|-boost|p2a: Talonflame|atk|1
|-boost|p2a: Talonflame|def|1
|
|-heal|p2a: Talonflame|267\/359|[from] item: Leftovers
|turn|16
|c|★citak|noo stronz
|c|★citak|dovevi woware
|c|★Magalli Presidente|ahah
|
|move|p1a: Altaria|Facade|p2a: Talonflame
|-resisted|p2a: Talonflame
|-damage|p2a: Talonflame|189\/359
|move|p2a: Talonflame|Bulk Up|p2a: Talonflame
|-boost|p2a: Talonflame|atk|1
|-boost|p2a: Talonflame|def|1
|
|-heal|p2a: Talonflame|211\/359|[from] item: Leftovers
|turn|17
|c|★Magalli Presidente|non ho wowato per ncure
|c|★citak|dai ma che pall
|c|★citak|gg
|c|★Magalli Presidente|gg
|leave|citak
|player|p1
|leave|getrektlolo
|leave|L.Lord
|leave|Wolflink88
|-message|Player 1 lost due to inactivity.
|
|win|Magalli Presidente