|join|Magalli Presidente
|join|dan5bck
|player|p1|Magalli Presidente|265
|player|p2|dan5bck|265
|gametype|singles
|gen|6
|tier|OU
|rated
|clearpoke
|poke|p1|Scizor, M
|poke|p1|Dugtrio, M
|poke|p1|Celebi
|poke|p1|Heatran, F
|poke|p1|Talonflame, M
|poke|p1|Keldeo-Resolute
|poke|p2|Rotom-Wash
|poke|p2|Landorus-Therian, M
|poke|p2|Latias, F
|poke|p2|Gallade, M, shiny
|poke|p2|Heatran, F
|poke|p2|Azumarill, M
|rule|Swagger Clause: Swagger is banned
|rule|Baton Pass Clause: Limit one Pokémon knowing Baton Pass
|rule|Sleep Clause Mod: Limit one foe put to sleep
|rule|Species Clause: Limit one of each Pokémon
|rule|OHKO Clause: OHKO moves are banned
|rule|Moody Clause: Moody is banned
|rule|Evasion Moves Clause: Evasion moves are banned
|rule|Endless Battle Clause: Forcing endless battles is banned
|rule|HP Percentage Mod: HP is shown in percentages
|teampreview
|
|start
|switch|p1a: Heatran|Heatran, F|385\/385
|switch|p2a: Landorus-Therian|Landorus-Therian, M|319\/319
|-ability|p2a: Landorus-Therian|Intimidate|[of] p1a: Heatran
|-unboost|p1a: Heatran|atk|1
|turn|1
|
|switch|p1a: Scizor|Scizor, M|343\/343
|move|p2a: Landorus-Therian|Superpower|p1a: Scizor
|-damage|p1a: Scizor|225\/343
|-unboost|p2a: Landorus-Therian|atk|1
|-unboost|p2a: Landorus-Therian|def|1
|
|turn|2
|
|switch|p2a: Rotom-Wash|Rotom-Wash|304\/304
|detailschange|p1a: Scizor|Scizor-Mega, M
|-mega|p1a: Scizor|Scizor|Scizorite
|move|p1a: Scizor|Roost|p1a: Scizor
|-heal|p1a: Scizor|343\/343
|
|turn|3
|
|switch|p1a: Celebi|Celebi|403\/403
|move|p2a: Rotom-Wash|Will-O-Wisp|p1a: Celebi|[miss]
|-miss|p2a: Rotom-Wash|p1a: Celebi
|
|turn|4
|
|switch|p2a: Landorus-Therian|Landorus-Therian, M|319\/319
|-ability|p2a: Landorus-Therian|Intimidate|[of] p1a: Celebi
|-unboost|p1a: Celebi|atk|1
|move|p1a: Celebi|Baton Pass|p1a: Celebi
|
|switch|p1a: Keldeo-Resolute|Keldeo-Resolute|323\/323
|
|turn|5
|
|move|p1a: Keldeo-Resolute|Scald|p2a: Landorus-Therian
|-supereffective|p2a: Landorus-Therian
|-damage|p2a: Landorus-Therian|0 fnt
|faint|p2a: Landorus-Therian
|
|
|switch|p2a: Rotom-Wash|Rotom-Wash|304\/304
|turn|6
|
|switch|p1a: Celebi|Celebi|403\/403
|move|p2a: Rotom-Wash|Volt Switch|p1a: Celebi
|-resisted|p1a: Celebi
|-damage|p1a: Celebi|369\/403
|
|switch|p2a: Heatran|Heatran, F|326\/326
|
|-heal|p1a: Celebi|394\/403|[from] item: Leftovers
|turn|7
|
|switch|p2a: Azumarill|Azumarill, M|401\/401
|switch|p1a: Dugtrio|Dugtrio, M|211\/211
|
|turn|8
|
|switch|p1a: Celebi|Celebi|394\/403
|move|p2a: Azumarill|Knock Off|p1a: Celebi
|-supereffective|p1a: Celebi
|-damage|p1a: Celebi|118\/403
|-enditem|p1a: Celebi|Leftovers|[from] move: Knock Off|[of] p2a: Azumarill
|
|turn|9
|
|move|p1a: Celebi|Recover|p1a: Celebi
|-heal|p1a: Celebi|320\/403
|move|p2a: Azumarill|Knock Off|p1a: Celebi
|-supereffective|p1a: Celebi
|-damage|p1a: Celebi|136\/403
|
|turn|10
|
|move|p1a: Celebi|Recover|p1a: Celebi
|-heal|p1a: Celebi|338\/403
|move|p2a: Azumarill|Knock Off|p1a: Celebi
|-supereffective|p1a: Celebi
|-damage|p1a: Celebi|152\/403
|
|turn|11
|
|move|p1a: Celebi|Recover|p1a: Celebi
|-heal|p1a: Celebi|354\/403
|move|p2a: Azumarill|Knock Off|p1a: Celebi
|-supereffective|p1a: Celebi
|-damage|p1a: Celebi|156\/403
|
|turn|12
|
|move|p1a: Celebi|Giga Drain|p2a: Azumarill
|-supereffective|p2a: Azumarill
|-damage|p2a: Azumarill|261\/401
|-heal|p1a: Celebi|226\/403|[from] drain|[of] p2a: Azumarill
|move|p2a: Azumarill|Knock Off|p1a: Celebi
|-supereffective|p1a: Celebi
|-damage|p1a: Celebi|34\/403
|
|turn|13
|
|switch|p1a: Scizor|Scizor-Mega, M|343\/343
|move|p2a: Azumarill|Aqua Jet|p1a: Scizor
|-damage|p1a: Scizor|294\/343
|
|turn|14
|
|switch|p2a: Rotom-Wash|Rotom-Wash|304\/304
|move|p1a: Scizor|Bullet Punch|p2a: Rotom-Wash
|-resisted|p2a: Rotom-Wash
|-damage|p2a: Rotom-Wash|286\/304
|
|-heal|p2a: Rotom-Wash|304\/304|[from] item: Leftovers
|turn|15
|
|move|p2a: Rotom-Wash|Hydro Pump|p1a: Scizor|[miss]
|-miss|p2a: Rotom-Wash|p1a: Scizor
|move|p1a: Scizor|U-turn|p2a: Rotom-Wash
|-damage|p2a: Rotom-Wash|225\/304
|
|switch|p1a: Celebi|Celebi|34\/403
|
|-heal|p2a: Rotom-Wash|244\/304|[from] item: Leftovers
|turn|16
|
|switch|p2a: Heatran|Heatran, F|326\/326
|move|p1a: Celebi|Recover|p1a: Celebi
|-heal|p1a: Celebi|236\/403
|
|turn|17
|
|switch|p2a: Gallade|Gallade, M, shiny|277\/277
|move|p1a: Celebi|Baton Pass|p1a: Celebi
|
|switch|p1a: Talonflame|Talonflame, M|359\/359
|
|turn|18
|
|switch|p2a: Rotom-Wash|Rotom-Wash|244\/304
|move|p1a: Talonflame|Will-O-Wisp|p2a: Rotom-Wash|[miss]
|-miss|p1a: Talonflame|p2a: Rotom-Wash
|
|-heal|p2a: Rotom-Wash|263\/304|[from] item: Leftovers
|turn|19
|
|move|p1a: Talonflame|Will-O-Wisp|p2a: Rotom-Wash
|-status|p2a: Rotom-Wash|brn
|move|p2a: Rotom-Wash|Volt Switch|p1a: Talonflame
|-supereffective|p1a: Talonflame
|-damage|p1a: Talonflame|191\/359
|
|switch|p2a: Azumarill|Azumarill, M|261\/401
|
|-heal|p1a: Talonflame|213\/359|[from] item: Leftovers
|turn|20
|
|switch|p1a: Scizor|Scizor-Mega, M|294\/343
|move|p2a: Azumarill|Knock Off|p1a: Scizor
|-damage|p1a: Scizor|244\/343
|
|turn|21
|
|switch|p2a: Rotom-Wash|Rotom-Wash|263\/304 brn
|move|p1a: Scizor|U-turn|p2a: Rotom-Wash
|-damage|p2a: Rotom-Wash|178\/304 brn
|
|switch|p1a: Celebi|Celebi|236\/403
|
|-heal|p2a: Rotom-Wash|197\/304 brn|[from] item: Leftovers
|-damage|p2a: Rotom-Wash|159\/304 brn|[from] brn
|turn|22
|
|move|p1a: Celebi|Giga Drain|p2a: Rotom-Wash
|-supereffective|p2a: Rotom-Wash
|-damage|p2a: Rotom-Wash|0 fnt
|-heal|p1a: Celebi|316\/403|[from] drain|[of] p2a: Rotom-Wash
|faint|p2a: Rotom-Wash
|
|
|switch|p2a: Gallade|Gallade, M, shiny|277\/277
|turn|23
|
|detailschange|p2a: Gallade|Gallade-Mega, M, shiny
|-mega|p2a: Gallade|Gallade|Galladite
|move|p2a: Gallade|Swords Dance|p2a: Gallade
|-boost|p2a: Gallade|atk|2
|move|p1a: Celebi|Baton Pass|p1a: Celebi
|
|switch|p1a: Talonflame|Talonflame, M|213\/359
|
|-heal|p1a: Talonflame|235\/359|[from] item: Leftovers
|turn|24
|
|switch|p2a: Heatran|Heatran, F|326\/326
|move|p1a: Talonflame|Brave Bird|p2a: Heatran
|-resisted|p2a: Heatran
|-damage|p2a: Heatran|272\/326
|-damage|p1a: Talonflame|217\/359|[from] recoil|[of] p2a: Heatran
|
|-heal|p1a: Talonflame|239\/359|[from] item: Leftovers
|-heal|p2a: Heatran|292\/326|[from] item: Leftovers
|turn|25
|
|switch|p1a: Dugtrio|Dugtrio, M|211\/211
|switch|p2a: Azumarill|Azumarill, M|261\/401
|
|turn|26
|
|switch|p1a: Scizor|Scizor-Mega, M|244\/343
|move|p2a: Azumarill|Waterfall|p1a: Scizor
|-damage|p1a: Scizor|148\/343
|
|turn|27
|
|switch|p2a: Heatran|Heatran, F|292\/326
|move|p1a: Scizor|Roost|p1a: Scizor
|-heal|p1a: Scizor|320\/343
|
|-heal|p2a: Heatran|312\/326|[from] item: Leftovers
|turn|28
|
|switch|p1a: Keldeo-Resolute|Keldeo-Resolute|323\/323
|move|p2a: Heatran|Fire Blast|p1a: Keldeo-Resolute
|-resisted|p1a: Keldeo-Resolute
|-damage|p1a: Keldeo-Resolute|221\/323
|
|-heal|p2a: Heatran|326\/326|[from] item: Leftovers
|turn|29
|
|switch|p2a: Latias|Latias, F|319\/319
|move|p1a: Keldeo-Resolute|Hydro Pump|p2a: Latias
|-resisted|p2a: Latias
|-damage|p2a: Latias|247\/319
|
|turn|30
|
|switch|p1a: Scizor|Scizor-Mega, M|320\/343
|move|p2a: Latias|Draco Meteor|p1a: Scizor
|-resisted|p1a: Scizor
|-damage|p1a: Scizor|191\/343
|-unboost|p2a: Latias|spa|2
|-damage|p2a: Latias|216\/319|[from] item: Life Orb
|
|turn|31
|
|switch|p2a: Heatran|Heatran, F|326\/326
|move|p1a: Scizor|U-turn|p2a: Heatran
|-resisted|p2a: Heatran
|-damage|p2a: Heatran|299\/326
|
|switch|p1a: Dugtrio|Dugtrio, M|211\/211
|
|-heal|p2a: Heatran|319\/326|[from] item: Leftovers
|turn|32
|
|move|p1a: Dugtrio|Earthquake|p2a: Heatran
|-supereffective|p2a: Heatran
|-damage|p2a: Heatran|0 fnt
|faint|p2a: Heatran
|
|
|switch|p2a: Gallade|Gallade-Mega, M, shiny|277\/277
|turn|33
|
|move|p1a: Dugtrio|Earthquake|p2a: Gallade
|-damage|p2a: Gallade|132\/277
|move|p2a: Gallade|Knock Off|p1a: Dugtrio
|-enditem|p1a: Dugtrio|Focus Sash
|-damage|p1a: Dugtrio|1\/211
|
|turn|34
|
|move|p1a: Dugtrio|Earthquake|p2a: Gallade
|-damage|p2a: Gallade|0 fnt
|faint|p2a: Gallade
|
|
|switch|p2a: Azumarill|Azumarill, M|261\/401
|turn|35
|
|switch|p1a: Celebi|Celebi|316\/403
|move|p2a: Azumarill|Aqua Jet|p1a: Celebi
|-resisted|p1a: Celebi
|-damage|p1a: Celebi|268\/403
|
|turn|36
|
|move|p1a: Celebi|Giga Drain|p2a: Azumarill
|-supereffective|p2a: Azumarill
|-damage|p2a: Azumarill|133\/401
|-heal|p1a: Celebi|332\/403|[from] drain|[of] p2a: Azumarill
|move|p2a: Azumarill|Knock Off|p1a: Celebi
|-supereffective|p1a: Celebi
|-damage|p1a: Celebi|142\/403
|
|turn|37
|
|switch|p2a: Latias|Latias, F|216\/319
|move|p1a: Celebi|Baton Pass|p1a: Celebi
|
|switch|p1a: Scizor|Scizor-Mega, M|191\/343
|
|turn|38
|
|move|p2a: Latias|Roost|p2a: Latias
|-heal|p2a: Latias|319\/319
|move|p1a: Scizor|U-turn|p2a: Latias
|-supereffective|p2a: Latias
|-damage|p2a: Latias|65\/319
|
|switch|p1a: Talonflame|Talonflame, M|239\/359
|
|-heal|p1a: Talonflame|261\/359|[from] item: Leftovers
|turn|39
|
|move|p1a: Talonflame|Brave Bird|p2a: Latias
|-damage|p2a: Latias|0 fnt
|-damage|p1a: Talonflame|240\/359|[from] recoil|[of] p2a: Latias
|faint|p2a: Latias
|
|-heal|p1a: Talonflame|262\/359|[from] item: Leftovers
|-message|dan5bck forfeited.
|
|win|Magalli Presidente
|raw|Ladder updating...
|leave|dan5bck
|player|p2
|raw|Magalli Presidente's rating: 1450 &rarr; <strong>1464<\/strong><br \/>(+14 for winning)
|raw|dan5bck's rating: 1343 &rarr; <strong>1329<\/strong><br \/>(-14 for losing)