|join|DracoNinja
|join|is TFL a dancer
|join|Yuttt.ninja
|player|p1|DracoNinja|2
|player|p2|is TFL a dancer|166
|gametype|singles
|gen|6
|tier|OU
|clearpoke
|poke|p1|Metagross
|poke|p1|Hydreigon, F
|poke|p1|Keldeo
|poke|p1|Landorus-Therian, M
|poke|p1|Rotom-Wash
|poke|p1|Sylveon, M
|poke|p2|Charizard, F
|poke|p2|Tyranitar, F
|poke|p2|Starmie
|poke|p2|Raikou
|poke|p2|Landorus, M
|poke|p2|Thundurus, M
|rule|Swagger Clause: Swagger is banned
|rule|Baton Pass Clause: Limit one Pokémon knowing Baton Pass
|rule|Sleep Clause Mod: Limit one foe put to sleep
|rule|Species Clause: Limit one of each Pokémon
|rule|OHKO Clause: OHKO moves are banned
|rule|Moody Clause: Moody is banned
|rule|Evasion Moves Clause: Evasion moves are banned
|rule|Endless Battle Clause: Forcing endless battles is banned
|rule|HP Percentage Mod: HP is shown in percentages
|teampreview
|join|Veteran of Secrecy
|join|Rooo
|join|Galactic Princess
|c| Yuttt.ninja|i am player too!!
|join|bunnytokki
|join|River Martini
|c|★is TFL a dancer|is that mob barley
|join|Savagehr
|join|Yuno Gazai
|join|QuagGod
|c| Yuttt.ninja|no
|c|★is TFL a dancer|is that a mob barley
|c|★is TFL a dancer|hydreidgon
|join|Louisxd
|c|★is TFL a dancer|a mobdreigon
|c|★DracoNinja|n
|join|Supah Glitch
|c| Louisxd|yes
|c| Louisxd|tfl is a dancer imo
|c|★is TFL a dancer|gl
|join|asdfCookie
|
|start
|switch|p1a: Landorus-Therian|Landorus-Therian, M|357\/357
|switch|p2a: Landorus|Landorus, M|319\/319
|-ability|p1a: Landorus-Therian|Intimidate|[of] p2a: Landorus
|-unboost|p2a: Landorus|atk|1
|turn|1
|join|rptk24
|c|★DracoNinja|u2
|join|Dialgaa
|c| Yuttt.ninja|explode both of u
|
|move|p2a: Landorus|U-turn|p1a: Landorus-Therian
|-resisted|p1a: Landorus-Therian
|-damage|p1a: Landorus-Therian|329\/357
|c| Supah Glitch|I love lando-T's design
|join|HerpDerpFlurp
|
|switch|p2a: Starmie|Starmie|291\/291
|move|p1a: Landorus-Therian|Stealth Rock|p2a: Starmie
|-sidestart|p2: is TFL a dancer|move: Stealth Rock
|
|turn|2
|join|gpsboy97
|c| Yuttt.ninja|hes scarf landT
|leave|Dialgaa
|c| Supah Glitch|its like a beast
|join|WeLikeIke
|c| Supah Glitch|knock off
|
|switch|p1a: Hydreigon|Hydreigon, F|325\/325
|move|p2a: Starmie|Ice Beam|p1a: Hydreigon
|-crit|p1a: Hydreigon
|-supereffective|p1a: Hydreigon
|-damage|p1a: Hydreigon|39\/325
|-status|p1a: Hydreigon|frz
|
|turn|3
|join|GrandBlack
|join|AzuStar
|leave|QuagGod
|c| Savagehr|Wut
|c|★is TFL a dancer|uh
|c| Yuttt.ninja|easy
|c| Yuno Gazai|gr8 game
|c|★DracoNinja|yer
|c| Yuno Gazai|bye
|leave|Rooo
|c|★is TFL a dancer|what
|c| WeLikeIke|gawd
|leave|Yuno Gazai
|c| Savagehr|ez
|c| Supah Glitch|lol
|c| HerpDerpFlurp|wow
|
|switch|p1a: Rotom-Wash|Rotom-Wash|304\/304
|move|p2a: Starmie|Rapid Spin|p1a: Rotom-Wash
|-damage|p1a: Rotom-Wash|295\/304
|-sideend|p2: is TFL a dancer|Stealth Rock|[from] move: Rapid Spin|[of] p2a: Starmie
|
|-heal|p1a: Rotom-Wash|304\/304|[from] item: Leftovers
|turn|4
|c| HerpDerpFlurp|HAXXER
|c| Supah Glitch|TFL is shitting her pants
|c| Supah Glitch|I can see it
|c| Yuttt.ninja|its not hax
|c| Yuttt.ninja|if its preordained
|c| Yuttt.ninja|im just saying
|
|switch|p2a: Raikou|Raikou|321\/321
|-ability|p2a: Raikou|Pressure
|move|p1a: Rotom-Wash|Will-O-Wisp|p2a: Raikou
|-status|p2a: Raikou|brn
|
|-damage|p2a: Raikou|281\/321 brn|[from] brn
|turn|5
|
|move|p2a: Raikou|Volt Switch|p1a: Rotom-Wash
|-damage|p1a: Rotom-Wash|180\/304
|c| Supah Glitch|why are you burning a special attacker
|c| Supah Glitch|dafuq
|c|★is TFL a dancer|yutt
|c|★DracoNinja|its likelyav
|c|★is TFL a dancer|what do we click
|c| Yuttt.ninja|is he real enough
|c| Yuttt.ninja|to hydro here
|c|★DracoNinja|y
|c|★is TFL a dancer|prob does 20 to zard
|c|★is TFL a dancer|switch will hit hard tho
|c|★is TFL a dancer|hm
|c| Yuttt.ninja|yeah
|c|★is TFL a dancer|YUTT
|c|★is TFL a dancer|WHAT DO WE CLICK
|c| Savagehr|loool
|c| Yuttt.ninja|thundurus!
|c|★is TFL a dancer|clicked!
|
|switch|p2a: Thundurus|Thundurus, M|299\/299
|move|p1a: Rotom-Wash|Volt Switch|p2a: Thundurus
|-damage|p2a: Thundurus|175\/299
|c| Supah Glitch|he just volt switched
|c| Yuttt.ninja|ow
|c|★is TFL a dancer|ah nigga
|c|★is TFL a dancer|we coulda
|c|★is TFL a dancer|LANDOD
|leave|rptk24
|c| Yuttt.ninja|darn
|c|★is TFL a dancer|good thing this is flash cannon
|c| Yuttt.ninja|ill ghost better;_;
|
|switch|p1a: Metagross|Metagross|345\/345
|
|turn|6
|c| Supah Glitch|Buttt.ninja are you the guy that defeated Mob?
|c| Supah Glitch|*Yuttt
|c| Yuttt.ninja|with flame charge moltres?
|c| Supah Glitch|fuck
|c| Supah Glitch|sorry
|c| Yuttt.ninja|yes
|c|★is TFL a dancer|ive got 325 spec atk
|c|★is TFL a dancer|and 291 atk
|c|★is TFL a dancer|does knock off
|c|★is TFL a dancer|or tbolt
|c|★is TFL a dancer|hit harder
|c|★is TFL a dancer|...
|leave|River Martini
|c| Yuttt.ninja|tbolt
|c|★is TFL a dancer|someone
|c|★is TFL a dancer|tbotl?
|c| Yuttt.ninja|by far
|c|★is TFL a dancer|certain
|join|River Martini
|c|★is TFL a dancer|fien
|c| Yuttt.ninja|yes
|c| Supah Glitch|its gonna be a mega
|c|★is TFL a dancer|of course
|
|detailschange|p1a: Metagross|Metagross-Mega
|-mega|p1a: Metagross|Metagross|Metagrossite
|move|p2a: Thundurus|Thunderbolt|p1a: Metagross
|-damage|p1a: Metagross|158\/345
|-damage|p2a: Thundurus|146\/299|[from] item: Life Orb
|move|p1a: Metagross|Zen Headbutt|p2a: Thundurus
|-damage|p2a: Thundurus|0 fnt
|faint|p2a: Thundurus
|
|c|★is TFL a dancer|but se
|c| Supah Glitch|eh
|c| Supah Glitch|a little more than half
|c| Yuttt.ninja|90x1.5>65x2
|c| Supah Glitch|thats ok
|leave|River Martini
|c|★is TFL a dancer|thanks ghost
|join|Doctor Octagon
|c|★is TFL a dancer|is this the part where we hp ice
|c|★is TFL a dancer|the  lando
|c| Yuttt.ninja|yes it is
|c|★is TFL a dancer|certainly
|
|switch|p2a: Raikou|Raikou|281\/321 brn
|-ability|p2a: Raikou|Pressure
|turn|7
|c| Yuttt.ninja|or u-turn on rotom-w
|c| Savagehr|2 bad he doesn't need to switch? ?_?
|c|★is TFL a dancer|na were nailing hte lando
|c|★is TFL a dancer|or wait
|c|★is TFL a dancer|we could shadow ball
|c| Yuttt.ninja|but he has sylveon
|
|move|p2a: Raikou|Thunderbolt|p1a: Metagross
|-damage|p1a: Metagross|4\/345
|move|p1a: Metagross|Zen Headbutt|p2a: Raikou
|-crit|p2a: Raikou
|-damage|p2a: Raikou|0 fnt
|faint|p2a: Raikou
|
|c| Yuttt.ninja|ow
|c|★is TFL a dancer|omg raikou
|c| bunnytokki|rekt
|c|★is TFL a dancer|weak
|c| Yuttt.ninja|not clutch enough
|c| WeLikeIke|gawn
|c| Savagehr|G_G
|c|★is TFL a dancer|weakou
|c|★is TFL a dancer|its zap plate
|
|switch|p2a: Landorus|Landorus, M|319\/319
|turn|8
|c|★is TFL a dancer|would
|c|★is TFL a dancer|shadow ball
|c|★is TFL a dancer|have hit harder
|c|★is TFL a dancer|yutt
|c| Yuttt.ninja|yes
|c|★is TFL a dancer|fuck
|c| Yuttt.ninja|wait
|c| Yuttt.ninja|zap plate
|c|★is TFL a dancer|zap plate
|c| Yuttt.ninja|ermmmm
|c|★is TFL a dancer|ya
|
|move|p2a: Landorus|U-turn|p1a: Metagross
|-damage|p1a: Metagross|0 fnt
|faint|p1a: Metagross
|c| Savagehr|No BP tho ?_?
|c| Yuttt.ninja|90x1.5x1.2=162
|
|switch|p2a: Charizard|Charizard, F|297\/297
|
|c|★DracoNinja|bp is fucking ass
|c|★is TFL a dancer|^^
|c| Yuttt.ninja|yeah tbolt hit harder
|c|★is TFL a dancer|grass knot
|c|★is TFL a dancer|or go home
|c|★is TFL a dancer|tbolt
|c|★is TFL a dancer|word
|
|switch|p1a: Landorus-Therian|Landorus-Therian, M|329\/357
|-ability|p1a: Landorus-Therian|Intimidate|[of] p2a: Charizard
|-unboost|p2a: Charizard|atk|1
|turn|9
|
|switch|p2a: Tyranitar|Tyranitar, F|359\/359
|-weather|Sandstorm
|switch|p1a: Keldeo|Keldeo|323\/323
|
|-weather|Sandstorm|[upkeep]
|-damage|p1a: Keldeo|303\/323|[from] sandstorm
|-heal|p1a: Keldeo|323\/323|[from] item: Leftovers
|turn|10
|c|★is TFL a dancer|o
|leave|Louisxd
|c| Yuttt.ninja|too real
|c| Savagehr|rekt
|c|★is TFL a dancer|it is a fuckin
|c|★is TFL a dancer|scarf sr setter
|c|★is TFL a dancer|rofl
|
|switch|p1a: Rotom-Wash|Rotom-Wash|180\/304
|switch|p2a: Starmie|Starmie|291\/291
|
|-weather|Sandstorm|[upkeep]
|-damage|p2a: Starmie|273\/291|[from] sandstorm
|-damage|p1a: Rotom-Wash|161\/304|[from] sandstorm
|-heal|p1a: Rotom-Wash|180\/304|[from] item: Leftovers
|turn|11
|c| Yuttt.ninja|joooo
|c| Yuttt.ninja|start making the pl.ays
|c|★is TFL a dancer|thats TWICE
|c|★is TFL a dancer|now hes got me
|c| Savagehr|Reading TFL like a book :o
|c| Yuttt.ninja|its not tfl
|c| Savagehr|I know
|
|switch|p2a: Landorus|Landorus, M|319\/319
|move|p1a: Rotom-Wash|Hydro Pump|p2a: Landorus
|-supereffective|p2a: Landorus
|-damage|p2a: Landorus|19\/319
|
|-weather|Sandstorm|[upkeep]
|-damage|p1a: Rotom-Wash|161\/304|[from] sandstorm
|-heal|p1a: Rotom-Wash|180\/304|[from] item: Leftovers
|turn|12
|c|★is TFL a dancer|omg
|c|★is TFL a dancer|no way
|c|★is TFL a dancer|!!
|c| Savagehr|It's in the name
|c| Yuttt.ninja|noooo
|c|★is TFL a dancer|impoosssburrr
|c| Savagehr|DracoNinja with the high school reading level
|
|switch|p1a: Hydreigon|Hydreigon, F|39\/325 frz
|move|p2a: Landorus|Explosion|p1a: Hydreigon
|-damage|p1a: Hydreigon|0 fnt
|faint|p2a: Landorus
|faint|p1a: Hydreigon
|
|-weather|Sandstorm|[upkeep]
|c|★is TFL a dancer|omg
|c|★is TFL a dancer|IS HE
|c|★is TFL a dancer|SEEING
|c|★is TFL a dancer|MY CLICKS
|c| Yuttt.ninja|getting played
|join|Pokeplays777
|c| Yuttt.ninja|obviously omnipotent
|
|switch|p2a: Charizard|Charizard, F|297\/297
|switch|p1a: Landorus-Therian|Landorus-Therian, M|329\/357
|-ability|p1a: Landorus-Therian|Intimidate|[of] p2a: Charizard
|-unboost|p2a: Charizard|atk|1
|turn|13
|c| Yuttt.ninja|show me the dodge
|
|switch|p2a: Starmie|Starmie|273\/291
|move|p1a: Landorus-Therian|Stone Edge|p2a: Starmie
|-damage|p2a: Starmie|105\/291
|-enditem|p2a: Starmie|Sitrus Berry|[eat]
|-heal|p2a: Starmie|177\/291|[from] item: Sitrus Berry
|
|-weather|none
|turn|14
|c|★is TFL a dancer|omg
|c| Yuttt.ninja|sitrus
|c|★is TFL a dancer|the fuckin
|c|★is TFL a dancer|sitrus
|c|★is TFL a dancer|rofl
|c| Yuttt.ninja|pulling thru
|c|★is TFL a dancer|dude we might have this
|
|switch|p1a: Sylveon|Sylveon, M|394\/394
|move|p2a: Starmie|Scald|p1a: Sylveon
|-damage|p1a: Sylveon|321\/394
|-status|p1a: Sylveon|brn
|
|-heal|p1a: Sylveon|345\/394 brn|[from] item: Leftovers
|-damage|p1a: Sylveon|296\/394 brn|[from] brn
|turn|15
|c| Yuttt.ninja|skillful burn
|
|switch|p2a: Tyranitar|Tyranitar, F|359\/359
|-weather|Sandstorm
|switch|p1a: Landorus-Therian|Landorus-Therian, M|329\/357
|-ability|p1a: Landorus-Therian|Intimidate|[of] p2a: Tyranitar
|-unboost|p2a: Tyranitar|atk|1
|
|-weather|Sandstorm|[upkeep]
|turn|16
|c|★is TFL a dancer|that
|c| Yuttt.ninja|JOOOO
|c|★is TFL a dancer|is an
|c|★is TFL a dancer|UNGODLY PLAY
|c|★is TFL a dancer|that literally
|c|★is TFL a dancer|made no sense
|c|★DracoNinja|b
|c|★DracoNinja|i predicted
|c|★is TFL a dancer|wat he thoguht zard
|c| Yuttt.ninja|thunderpunch on keldeo u-turn
|c|★DracoNinja|zard switch
|c|★is TFL a dancer|ooo
|c|★is TFL a dancer|ok
|c|★is TFL a dancer|fair enoguh
|c| Yuttt.ninja|oh
|c|★is TFL a dancer|scarf rocks man
|c| Yuttt.ninja|ic
|c|★DracoNinja|but
|c|★DracoNinja|it works for me
|c|★is TFL a dancer|has me TRIPPIN
|c|★DracoNinja|n
|c|★DracoNinja|im not even
|c|★DracoNinja|scarf
|c|★DracoNinja|n_n;
|c|★is TFL a dancer|dont lie
|c|★is TFL a dancer|to our dace
|c|★is TFL a dancer|face
|join|Solar fox
|
|switch|p2a: Starmie|Starmie|177\/291
|move|p1a: Landorus-Therian|Earthquake|p2a: Starmie
|-damage|p2a: Starmie|0 fnt
|faint|p2a: Starmie
|
|-weather|Sandstorm|[upkeep]
|
|switch|p2a: Charizard|Charizard, F|297\/297
|turn|17
|c|★DracoNinja|yer
|
|detailschange|p2a: Charizard|Charizard-Mega-Y, F
|-mega|p2a: Charizard|Charizard|Charizardite Y
|-weather|SunnyDay
|move|p2a: Charizard|Dragon Dance|p2a: Charizard
|-boost|p2a: Charizard|atk|1
|-boost|p2a: Charizard|spe|1
|move|p1a: Landorus-Therian|Stone Edge|p2a: Charizard|[miss]
|-miss|p1a: Landorus-Therian|p2a: Charizard
|
|-weather|SunnyDay|[upkeep]
|turn|18
|c| Yuttt.ninja|lets do it
|c|★is TFL a dancer|omg
|c|★is TFL a dancer|ROFL
|c|★DracoNinja|sigh
|c|★is TFL a dancer|YUTT
|c| Yuttt.ninja|skillful
|c|★is TFL a dancer|IT WASNT SCARFED
|c| HerpDerpFlurp|OMG
|c|★is TFL a dancer|YOU SAID
|c| HerpDerpFlurp|DO DIS
|c|★is TFL a dancer|IT WAS SCARFED
|c| Veteran of Secrecy|gawn
|c| Yuttt.ninja|I THOUGHT IT WAS
|c| Yuttt.ninja|I AM SORRY
|c|★is TFL a dancer|YTUT DAMMIT
|c|★is TFL a dancer|WORST GHOST
|c| Yuttt.ninja|WELL TRAINED LANDT PULLS THROUGH
|c|★is TFL a dancer|IMO
|c|★is TFL a dancer|10 \/ 10 we all THOUGHT scarf
|c|★is TFL a dancer|wtf item is that
|
|switch|p1a: Rotom-Wash|Rotom-Wash|180\/304
|move|p2a: Charizard|Flamethrower|p1a: Rotom-Wash
|-resisted|p1a: Rotom-Wash
|-damage|p1a: Rotom-Wash|50\/304
|
|-weather|SunnyDay|[upkeep]
|-heal|p1a: Rotom-Wash|69\/304|[from] item: Leftovers
|turn|19
|c| Veteran of Secrecy|so much for the element of surprise
|c|★is TFL a dancer|yache berry
|c|★DracoNinja|earth plate
|c|★is TFL a dancer|omg
|c|★is TFL a dancer|epic
|c|★DracoNinja|2hkoes m sableye
|c|★DracoNinja|er
|c| Savagehr|DD Zard-Y ?_?
|c|★DracoNinja|80ish chance
|c|★is TFL a dancer|nb
|
|move|p2a: Charizard|Flamethrower|p1a: Rotom-Wash
|-resisted|p1a: Rotom-Wash
|-damage|p1a: Rotom-Wash|0 fnt
|faint|p1a: Rotom-Wash
|
|-weather|SunnyDay|[upkeep]
|c|★DracoNinja|yer
|c|★DracoNinja|had this game
|join|teuz1
|c|★DracoNinja|and miss se
|c|★is TFL a dancer|ya
|c|★is TFL a dancer|you did
|c|★DracoNinja|and hydrei gets crit and frozen
|
|switch|p1a: Sylveon|Sylveon, M|296\/394 brn
|turn|20
|c|★is TFL a dancer|you outplayed
|c| Yuttt.ninja|so many games where zard dodges SE
|c|★is TFL a dancer|exactly 4 times
|c|★is TFL a dancer|zard skillful dodge
|c|★is TFL a dancer|rofl
|
|move|p1a: Sylveon|Protect|p1a: Sylveon
|-singleturn|p1a: Sylveon|Protect
|move|p2a: Charizard|Flamethrower|p1a: Sylveon
|-activate|p1a: Sylveon|Protect
|
|-weather|SunnyDay|[upkeep]
|-heal|p1a: Sylveon|320\/394 brn|[from] item: Leftovers
|-damage|p1a: Sylveon|271\/394 brn|[from] brn
|turn|21
|
|move|p2a: Charizard|Flamethrower|p1a: Sylveon
|-damage|p1a: Sylveon|85\/394 brn
|move|p1a: Sylveon|Wish|p1a: Sylveon
|
|-weather|none
|-heal|p1a: Sylveon|109\/394 brn|[from] item: Leftovers
|-damage|p1a: Sylveon|60\/394 brn|[from] brn
|turn|22
|c| Yuttt.ninja|do we even run a physical move
|
|switch|p1a: Keldeo|Keldeo|323\/323
|move|p2a: Charizard|Dragon Dance|p2a: Charizard
|-boost|p2a: Charizard|atk|1
|-boost|p2a: Charizard|spe|1
|
|turn|23
|c|★DracoNinja|please no aerial ace
|c| teuz1|OOF>
|c|★is TFL a dancer|is this eq guna kill
|c|★is TFL a dancer|!data zard y mega
No Pokemon, item, move, ability or nature named 'zard y mega' was found. (Check your spelling?)
|c|★is TFL a dancer|welp
|c|★is TFL a dancer|!data charizard y mega
No Pokemon, item, move, ability or nature named 'charizard y mega' was found. (Check your spelling?)
|c|★is TFL a dancer|wtf
|c|★DracoNinja|!data charizard mega y
|c|~|\/data-pokemon Charizard-Mega-Y

|c|★is TFL a dancer|thanks
|c|★DracoNinja|np
|c|★is TFL a dancer|weve got some investment
|c| Yuttt.ninja|no
|join|riraiteu
|c|★is TFL a dancer|not ugn akill?
|c| Yuttt.ninja|it doesn't ko
|c|★is TFL a dancer|not guna kill
|
|switch|p2a: Tyranitar|Tyranitar, F|359\/359
|-weather|Sandstorm
|move|p1a: Keldeo|Hydro Pump|p2a: Tyranitar
|-supereffective|p2a: Tyranitar
|-damage|p2a: Tyranitar|159\/359
|
|-weather|Sandstorm|[upkeep]
|-damage|p1a: Keldeo|303\/323|[from] sandstorm
|-heal|p1a: Keldeo|323\/323|[from] item: Leftovers
|turn|24
|c|★is TFL a dancer|hold on
|c|★is TFL a dancer|then we need
|c|★is TFL a dancer|a new plan
|c| HerpDerpFlurp|NOOOOOO
|c| Yuttt.ninja|dodge hydro
|c| Yuttt.ninja|new plan
|join|RaffaeleStar
|c| HerpDerpFlurp|:O
|join|ainba
|join|Invince
|join|Burakkurzu
|join|iLOVEladdering
|join|Zagmzp
|join|wahoo4g
|
|move|p1a: Keldeo|Substitute|p1a: Keldeo
|-start|p1a: Keldeo|Substitute
|-damage|p1a: Keldeo|243\/323
|move|p2a: Tyranitar|Stealth Rock|p1a: Keldeo
|-sidestart|p1: DracoNinja|move: Stealth Rock
|
|-weather|Sandstorm|[upkeep]
|-damage|p1a: Keldeo|223\/323|[from] sandstorm
|-heal|p1a: Keldeo|243\/323|[from] item: Leftovers
|turn|25
|c|★is TFL a dancer|sub
|c| Yuttt.ninja|uh oh
|
|move|p1a: Keldeo|Secret Sword|p2a: Tyranitar
|-supereffective|p2a: Tyranitar
|-damage|p2a: Tyranitar|0 fnt
|faint|p2a: Tyranitar
|
|-weather|Sandstorm|[upkeep]
|-damage|p1a: Keldeo|223\/323|[from] sandstorm
|-heal|p1a: Keldeo|243\/323|[from] item: Leftovers
|c| riraiteu|OH the sub
|c|★is TFL a dancer|gg
|
|switch|p2a: Charizard|Charizard-Mega-Y, F|297\/297
|-weather|SunnyDay
|turn|26
|c|★DracoNinja|gg
|join|anphonic
|join|EternusDraco
|join|B56
|c|★is TFL a dancer|shit sub
|
|move|p1a: Keldeo|Hydro Pump|p2a: Charizard|[miss]
|-miss|p1a: Keldeo|p2a: Charizard
|move|p2a: Charizard|Flamethrower|p1a: Keldeo
|-resisted|p1a: Keldeo
|-end|p1a: Keldeo|Substitute
|
|-weather|SunnyDay|[upkeep]
|-heal|p1a: Keldeo|263\/323|[from] item: Leftovers
|turn|27
|c|★is TFL a dancer|the clever ruses
|c| riraiteu|OH.
|c|★DracoNinja|,
|c|★is TFL a dancer|ooo
|c|★is TFL a dancer|uh oh
|c| Yuttt.ninja|well trained
|c| Veteran of Secrecy|skillful dodge
|c| HerpDerpFlurp|ggg
|c| HerpDerpFlurp|g
|c| Savagehr|>Using SR hen Draco doesn't need to switch
|join|SmashBrosBrawl
|c| HerpDerpFlurp|g
|c| HerpDerpFlurp|g
|c| Savagehr|ingenius
|c| AzuStar|it's like the anime :O
|c| HerpDerpFlurp|g
|c| Yuttt.ninja|draco
|c| HerpDerpFlurp|g
|c|★is TFL a dancer|o its lefties
|
|move|p1a: Keldeo|Substitute|p1a: Keldeo
|-start|p1a: Keldeo|Substitute
|-damage|p1a: Keldeo|183\/323
|move|p2a: Charizard|Solar Beam|p1a: Keldeo|[still]
|-prepare|p2a: Charizard|Solar Beam|p1a: Keldeo
|-anim|p2a: Charizard|Solar Beam|p1a: Keldeo
|-supereffective|p1a: Keldeo
|-end|p1a: Keldeo|Substitute
|
|-weather|SunnyDay|[upkeep]
|-heal|p1a: Keldeo|203\/323|[from] item: Leftovers
|turn|28
|c| Yuttt.ninja|you should train more
|join|LemonFuckery
|
|move|p1a: Keldeo|Substitute|p1a: Keldeo
|-start|p1a: Keldeo|Substitute
|-damage|p1a: Keldeo|123\/323
|move|p2a: Charizard|Dragon Dance|p2a: Charizard
|-boost|p2a: Charizard|atk|1
|-boost|p2a: Charizard|spe|1
|
|-weather|SunnyDay|[upkeep]
|-heal|p1a: Keldeo|143\/323|[from] item: Leftovers
|turn|29
|c| RaffaeleStar|OOHH
|
|move|p2a: Charizard|Solar Beam|p1a: Keldeo|[still]
|-prepare|p2a: Charizard|Solar Beam|p1a: Keldeo
|-anim|p2a: Charizard|Solar Beam|p1a: Keldeo
|-supereffective|p1a: Keldeo
|-end|p1a: Keldeo|Substitute
|move|p1a: Keldeo|Hydro Pump|p2a: Charizard
|-supereffective|p2a: Charizard
|-damage|p2a: Charizard|117\/297
|
|-weather|SunnyDay|[upkeep]
|-heal|p1a: Keldeo|163\/323|[from] item: Leftovers
|turn|30
|c| iLOVEladdering|huh
|c|+SmashBrosBrawl|mfw
|c| anphonic|!
|c| Galactic Princess|oml
|c| HerpDerpFlurp|:O
|c| RaffaeleStar|he can winn
|c|★is TFL a dancer|na lando will live
|c| WeLikeIke|2real4me
|c| RaffaeleStar|LOL
|c| Savagehr|Throws?
|
|switch|p1a: Landorus-Therian|Landorus-Therian, M|329\/357
|-damage|p1a: Landorus-Therian|285\/357|[from] Stealth Rock
|-ability|p1a: Landorus-Therian|Intimidate|[of] p2a: Charizard
|-unboost|p2a: Charizard|atk|1
|move|p2a: Charizard|Solar Beam|p1a: Landorus-Therian|[still]
|-prepare|p2a: Charizard|Solar Beam|p1a: Landorus-Therian
|-anim|p2a: Charizard|Solar Beam|p1a: Landorus-Therian
|-damage|p1a: Landorus-Therian|76\/357
|
|-weather|none
|turn|31
|c| Galactic Princess|no flamethrower ohko
|c|★is TFL a dancer|omg
|c|★is TFL a dancer|wtf was that
|c| Veteran of Secrecy|gawn
|c|★is TFL a dancer|flamethrowe
|c| RaffaeleStar|did he joked?
|c|★is TFL a dancer|rwithout
|c|★is TFL a dancer|without
|c|★is TFL a dancer|sun
|c| HerpDerpFlurp|stallin sun ;_;
|c|★is TFL a dancer|would not
|c|★is TFL a dancer|have kod
|leave|GrandBlack
|leave|Savagehr
|c| Veteran of Secrecy|how bout dat aerial ace?
|c|★is TFL a dancer|o isee what hes doin
|c|+SmashBrosBrawl|doesnt keldeo win anyway
|
|move|p2a: Charizard|Dragon Dance|p2a: Charizard
|-boost|p2a: Charizard|atk|1
|-boost|p2a: Charizard|spe|1
|move|p1a: Landorus-Therian|Stone Edge|p2a: Charizard
|-supereffective|p2a: Charizard
|-damage|p2a: Charizard|0 fnt
|faint|p2a: Charizard
|
|win|DracoNinja
|c| HerpDerpFlurp|:O
|c| RaffaeleStar|NOOO
|c| Yuttt.ninja|no
|c|+SmashBrosBrawl|a
|c| HerpDerpFlurp|wat
|c|★is TFL a dancer|eq
|c| anphonic|wat
|c| WeLikeIke|uh
|c| Yuttt.ninja|wrong move joodeejoo
|leave|DracoNinja
|c| iLOVEladdering|lol
|c|★is TFL a dancer|qould not have killed
|player|p1
|c| RaffaeleStar|BRPooooooo
|c|★is TFL a dancer|if he went
|c|★is TFL a dancer|sylveon
|c|★is TFL a dancer|then back to lando
|c| HerpDerpFlurp|ggg
|leave|wahoo4g
|c| HerpDerpFlurp|ggggggggg
|c|★is TFL a dancer|it was 50 50
|c|★is TFL a dancer|gg
|leave|ainba
|leave|RaffaeleStar
|leave|Yuttt.ninja
|leave|EternusDraco
|join|WhyPokemonWhy
|leave|anphonic
|leave|SmashBrosBrawl
|leave|AzuStar
|leave|B56
|leave|Pokeplays777
|leave|Invince
|leave|iLOVEladdering
|leave|Zagmzp