|join|ssjjynx
|join|DracoNinja
|player|p1|ssjjynx|265
|player|p2|DracoNinja|2
|gametype|singles
|gen|6
|tier|OU
|clearpoke
|poke|p1|Zebstrika, M
|poke|p1|Jirachi
|poke|p1|Pidgeot, F
|poke|p1|Keldeo
|poke|p1|Landorus-Therian, M
|poke|p1|Excadrill, M
|poke|p2|Metagross
|poke|p2|Hydreigon, F
|poke|p2|Keldeo
|poke|p2|Landorus-Therian, M
|poke|p2|Rotom-Wash
|poke|p2|Serperior, F
|rule|Swagger Clause: Swagger is banned
|rule|Baton Pass Clause: Limit one Pokémon knowing Baton Pass
|rule|Sleep Clause Mod: Limit one foe put to sleep
|rule|Species Clause: Limit one of each Pokémon
|rule|OHKO Clause: OHKO moves are banned
|rule|Moody Clause: Moody is banned
|rule|Evasion Moves Clause: Evasion moves are banned
|rule|Endless Battle Clause: Forcing endless battles is banned
|rule|HP Percentage Mod: HP is shown in percentages
|teampreview
|
|start
|switch|p1a: Jirachi|Jirachi|404\/404
|switch|p2a: Z+V|Rotom-Wash|304\/304
|turn|1
|
|move|p1a: Jirachi|Substitute|p1a: Jirachi
|-start|p1a: Jirachi|Substitute
|-damage|p1a: Jirachi|303\/404
|move|p2a: Z+V|Will-O-Wisp|p1a: Jirachi
|
|-heal|p1a: Jirachi|328\/404|[from] item: Leftovers
|turn|2
|
|move|p1a: Jirachi|Stealth Rock|p2a: Z+V
|-sidestart|p2: DracoNinja|move: Stealth Rock
|move|p2a: Z+V|Hydro Pump|p1a: Jirachi
|-end|p1a: Jirachi|Substitute
|
|-heal|p1a: Jirachi|353\/404|[from] item: Leftovers
|turn|3
|join|Zamrock
|
|move|p1a: Jirachi|U-turn|p2a: Z+V
|-damage|p2a: Z+V|265\/304
|c| Zamrock|wtf
|c|★DracoNinja|sub\/sr\/u turn\/?????????
|c| Zamrock|a zebra
|c| Zamrock|and a bird
|c|★ssjjynx|lol
|c| Zamrock|-
|
|switch|p1a: Keldeo|Keldeo|323\/323
|move|p2a: Z+V|Hydro Pump|p1a: Keldeo|[miss]
|-miss|p2a: Z+V|p1a: Keldeo
|
|-heal|p2a: Z+V|284\/304|[from] item: Leftovers
|turn|4
|
|switch|p1a: Zebstrika|Zebstrika, M|297\/297
|move|p2a: Z+V|Volt Switch|p1a: Zebstrika
|-boost|p1a: Zebstrika|spa|1|[from] ability: Lightning Rod
|
|-heal|p2a: Z+V|303\/304|[from] item: Leftovers
|turn|5
|c|★DracoNinja|lol
|c|★DracoNinja|oop
|join|Silly Testing
|
|switch|p2a: ZAMROCK|Landorus-Therian, M|357\/357
|-damage|p2a: ZAMROCK|313\/357|[from] Stealth Rock
|-ability|p2a: ZAMROCK|Intimidate|[of] p1a: Zebstrika
|-unboost|p1a: Zebstrika|atk|1
|move|p1a: Zebstrika|Thunderbolt|p2a: ZAMROCK
|-immune|p2a: ZAMROCK|[msg]
|
|turn|6
|c|★DracoNinja|man zeb actually
|c|★DracoNinja|6-0s me now
|c| Zamrock|?
|c| Zamrock|just EQ this
|c|★DracoNinja|sh
|
|switch|p1a: Landorus-Therian|Landorus-Therian, M|381\/381
|-ability|p1a: Landorus-Therian|Intimidate|[of] p2a: ZAMROCK
|-unboost|p2a: ZAMROCK|atk|1
|move|p2a: ZAMROCK|Stealth Rock|p1a: Landorus-Therian
|-sidestart|p1: ssjjynx|move: Stealth Rock
|
|turn|7
|c| Zamrock|lol
|
|switch|p2a: Z+V|Rotom-Wash|303\/304
|-damage|p2a: Z+V|265\/304|[from] Stealth Rock
|move|p1a: Landorus-Therian|U-turn|p2a: Z+V
|-damage|p2a: Z+V|198\/304
|
|switch|p1a: Excadrill|Excadrill, M|363\/363
|-damage|p1a: Excadrill|352\/363|[from] Stealth Rock
|-ability|p1a: Excadrill|Mold Breaker
|
|-heal|p2a: Z+V|217\/304|[from] item: Leftovers
|turn|8
|
|switch|p2a: ZAMROCK|Landorus-Therian, M|313\/357
|-damage|p2a: ZAMROCK|269\/357|[from] Stealth Rock
|-ability|p2a: ZAMROCK|Intimidate|[of] p1a: Excadrill
|-unboost|p1a: Excadrill|atk|1
|move|p1a: Excadrill|Rapid Spin|p2a: ZAMROCK
|-damage|p2a: ZAMROCK|251\/357
|-sideend|p1: ssjjynx|Stealth Rock|[from] move: Rapid Spin|[of] p1a: Excadrill
|
|turn|9
|
|switch|p1a: Landorus-Therian|Landorus-Therian, M|381\/381
|-ability|p1a: Landorus-Therian|Intimidate|[of] p2a: ZAMROCK
|-unboost|p2a: ZAMROCK|atk|1
|move|p2a: ZAMROCK|Stealth Rock|p1a: Landorus-Therian
|-sidestart|p1: ssjjynx|move: Stealth Rock
|
|turn|10
|
|move|p2a: ZAMROCK|U-turn|p1a: Landorus-Therian
|-resisted|p1a: Landorus-Therian
|-damage|p1a: Landorus-Therian|347\/381
|
|switch|p2a: METALGROSS|Metagross|345\/345
|-damage|p2a: METALGROSS|324\/345|[from] Stealth Rock
|move|p1a: Landorus-Therian|Stone Edge|p2a: METALGROSS
|-crit|p2a: METALGROSS
|-resisted|p2a: METALGROSS
|-damage|p2a: METALGROSS|234\/345
|
|-heal|p1a: Landorus-Therian|370\/381|[from] item: Leftovers
|turn|11
|
|switch|p1a: Keldeo|Keldeo|323\/323
|-damage|p1a: Keldeo|303\/323|[from] Stealth Rock
|switch|p2a: ZAMROCK|Landorus-Therian, M|251\/357
|-damage|p2a: ZAMROCK|207\/357|[from] Stealth Rock
|-ability|p2a: ZAMROCK|Intimidate|[of] p1a: Keldeo
|-unboost|p1a: Keldeo|atk|1
|
|-heal|p1a: Keldeo|323\/323|[from] item: Leftovers
|turn|12
|
|switch|p2a: KLAND|Serperior, F|291\/291
|-damage|p2a: KLAND|255\/291|[from] Stealth Rock
|move|p1a: Keldeo|Substitute|p1a: Keldeo
|-start|p1a: Keldeo|Substitute
|-damage|p1a: Keldeo|243\/323
|
|-heal|p1a: Keldeo|263\/323|[from] item: Leftovers
|turn|13
|c|★DracoNinja|man first snowcristal takes my soul with pachirisu
|c|★DracoNinja|now zebstrika
|
|move|p2a: KLAND|Leaf Storm|p1a: Keldeo
|-supereffective|p1a: Keldeo
|-end|p1a: Keldeo|Substitute
|-boost|p2a: KLAND|spa|2
|move|p1a: Keldeo|Secret Sword|p2a: KLAND
|-damage|p2a: KLAND|111\/291
|
|-heal|p1a: Keldeo|283\/323|[from] item: Leftovers
|turn|14
|c| Zamrock|rofl
|
|switch|p1a: Jirachi|Jirachi|353\/404
|-damage|p1a: Jirachi|328\/404|[from] Stealth Rock
|move|p2a: KLAND|Leaf Storm|p1a: Jirachi
|-resisted|p1a: Jirachi
|-damage|p1a: Jirachi|184\/404
|-boost|p2a: KLAND|spa|2
|
|-heal|p1a: Jirachi|209\/404|[from] item: Leftovers
|turn|15
|
|move|p2a: KLAND|Leaf Storm|p1a: Jirachi
|-resisted|p1a: Jirachi
|-damage|p1a: Jirachi|0 fnt
|-boost|p2a: KLAND|spa|2
|faint|p1a: Jirachi
|
|c|★DracoNinja|king kland coming thru
|c|★ssjjynx|oh fuck, thats game
|
|switch|p1a: Excadrill|Excadrill, M|352\/363
|-damage|p1a: Excadrill|341\/363|[from] Stealth Rock
|-ability|p1a: Excadrill|Mold Breaker
|turn|16
|leave|Silly Testing
|
|switch|p2a: SNOWCRISTAL|Keldeo|323\/323
|-damage|p2a: SNOWCRISTAL|303\/323|[from] Stealth Rock
|move|p1a: Excadrill|Iron Head|p2a: SNOWCRISTAL
|-resisted|p2a: SNOWCRISTAL
|-damage|p2a: SNOWCRISTAL|220\/323
|
|-heal|p2a: SNOWCRISTAL|240\/323|[from] item: Leftovers
|turn|17
|
|switch|p1a: Keldeo|Keldeo|283\/323
|-damage|p1a: Keldeo|263\/323|[from] Stealth Rock
|move|p2a: SNOWCRISTAL|Substitute|p2a: SNOWCRISTAL
|-start|p2a: SNOWCRISTAL|Substitute
|-damage|p2a: SNOWCRISTAL|160\/323
|
|-heal|p1a: Keldeo|283\/323|[from] item: Leftovers
|-heal|p2a: SNOWCRISTAL|180\/323|[from] item: Leftovers
|turn|18
|
|move|p2a: SNOWCRISTAL|Secret Sword|p1a: Keldeo
|-damage|p1a: Keldeo|108\/323
|move|p1a: Keldeo|Secret Sword|p2a: SNOWCRISTAL
|-end|p2a: SNOWCRISTAL|Substitute
|
|-heal|p1a: Keldeo|128\/323|[from] item: Leftovers
|-heal|p2a: SNOWCRISTAL|200\/323|[from] item: Leftovers
|turn|19
|
|move|p2a: SNOWCRISTAL|Secret Sword|p1a: Keldeo
|-damage|p1a: Keldeo|0 fnt
|faint|p1a: Keldeo
|
|-heal|p2a: SNOWCRISTAL|220\/323|[from] item: Leftovers
|
|switch|p1a: Zebstrika|Zebstrika, M|297\/297
|-damage|p1a: Zebstrika|260\/297|[from] Stealth Rock
|turn|20
|c| Zamrock|wtf does this thing even do in OU
|
|switch|p2a: ZORODARK|Hydreigon, F|325\/325
|-damage|p2a: ZORODARK|285\/325|[from] Stealth Rock
|move|p1a: Zebstrika|Volt Switch|p2a: ZORODARK
|-resisted|p2a: ZORODARK
|-damage|p2a: ZORODARK|225\/325
|-damage|p1a: Zebstrika|231\/297|[from] item: Life Orb
|c|★DracoNinja|116 speed
|c|★DracoNinja|outruns
|c|★DracoNinja|serp
|c|★DracoNinja|lmao
|c| Zamrock|dash
|join|Murkrow Jupiter
|c|★DracoNinja|i am
|c|★DracoNinja|scared
|c|★DracoNinja|of zebstrika
|c|★DracoNinja|honestly
|c| Zamrock|i'm surprised it not carrying HP ice
|c|★DracoNinja|it is
|c|★DracoNinja|likely
|c| Zamrock|igga has flame charge yn
|c|★DracoNinja|tbolt\/flame\/volt\/hp ice
|c| Zamrock|nigga*
|c|★DracoNinja|lol
|c| Zamrock|lol
|
|switch|p1a: Excadrill|Excadrill, M|341\/363
|-damage|p1a: Excadrill|330\/363|[from] Stealth Rock
|-ability|p1a: Excadrill|Mold Breaker
|
|turn|21
|
|move|p2a: ZORODARK|Fire Blast|p1a: Excadrill
|-crit|p1a: Excadrill
|-supereffective|p1a: Excadrill
|-damage|p1a: Excadrill|0 fnt
|faint|p1a: Excadrill
|
|c|★DracoNinja|gonna use
|c|★DracoNinja|zeb
|c|★DracoNinja|on my next team
|c| Zamrock|!
|c|★ssjjynx|oh fuck, serp has 115 bs spe
|c|★DracoNinja|113
|c|★ssjjynx|this hole time i thought it was scarf
|
|switch|p1a: Landorus-Therian|Landorus-Therian, M|370\/381
|-damage|p1a: Landorus-Therian|323\/381|[from] Stealth Rock
|-ability|p1a: Landorus-Therian|Intimidate|[of] p2a: ZORODARK
|-unboost|p2a: ZORODARK|atk|1
|turn|22
|c| Zamrock|-
|c|★DracoNinja|i got too many bluffs
|c| Zamrock|nigga said scarf
|c| Zamrock|lol
|
|switch|p2a: Z+V|Rotom-Wash|217\/304
|-damage|p2a: Z+V|179\/304|[from] Stealth Rock
|move|p1a: Landorus-Therian|U-turn|p2a: Z+V
|-damage|p2a: Z+V|107\/304
|join|asdfCookie
|join|lil manaphy
|
|switch|p1a: Zebstrika|Zebstrika, M|231\/297
|-damage|p1a: Zebstrika|194\/297|[from] Stealth Rock
|
|-heal|p2a: Z+V|126\/304|[from] item: Leftovers
|turn|23
|c| Zamrock|go ahead and preserve
|c| Zamrock|ez
|
|move|p1a: Zebstrika|Volt Switch|p2a: Z+V
|-damage|p2a: Z+V|9\/304
|-damage|p1a: Zebstrika|165\/297|[from] item: Life Orb
|c|★DracoNinja|zv the lord
|c| Zamrock|i hope
|
|switch|p1a: Landorus-Therian|Landorus-Therian, M|323\/381
|-damage|p1a: Landorus-Therian|276\/381|[from] Stealth Rock
|-ability|p1a: Landorus-Therian|Intimidate|[of] p2a: Z+V
|-unboost|p2a: Z+V|atk|1
|move|p2a: Z+V|Hydro Pump|p1a: Landorus-Therian
|-supereffective|p1a: Landorus-Therian
|-damage|p1a: Landorus-Therian|0 fnt
|faint|p1a: Landorus-Therian
|
|-heal|p2a: Z+V|28\/304|[from] item: Leftovers
|
|switch|p1a: Pidgeot|Pidgeot, F|307\/307
|-damage|p1a: Pidgeot|231\/307|[from] Stealth Rock
|turn|24
|c| Zamrock|2ez
|c|★DracoNinja|cant preserve
|c|★DracoNinja|6-0
|c|★DracoNinja|sry boys
|c| Zamrock|:[
|
|detailschange|p1a: Pidgeot|Pidgeot-Mega, F
|-mega|p1a: Pidgeot|Pidgeot|Pidgeotite
|move|p1a: Pidgeot|Hurricane|p2a: Z+V
|-resisted|p2a: Z+V
|-damage|p2a: Z+V|0 fnt
|faint|p2a: Z+V
|
|
|switch|p2a: ZORODARK|Hydreigon, F|225\/325
|-damage|p2a: ZORODARK|185\/325|[from] Stealth Rock
|turn|25
|c|★DracoNinja|just dont miss
|c|★DracoNinja|@_@
|
|move|p2a: ZORODARK|Draco Meteor|p1a: Pidgeot
|-damage|p1a: Pidgeot|0 fnt
|-unboost|p2a: ZORODARK|spa|2
|faint|p1a: Pidgeot
|
|c| Zamrock|no gaurd
|c| Zamrock|bae
|c|★DracoNinja|o
|c|★DracoNinja|rite
|
|switch|p1a: Zebstrika|Zebstrika, M|165\/297
|-damage|p1a: Zebstrika|128\/297|[from] Stealth Rock
|turn|26
|c|★DracoNinja|huehue
|c| Zamrock|:]
|
|switch|p2a: METALGROSS|Metagross|234\/345
|-damage|p2a: METALGROSS|213\/345|[from] Stealth Rock
|move|p1a: Zebstrika|Hidden Power|p2a: METALGROSS
|-resisted|p2a: METALGROSS
|-damage|p2a: METALGROSS|177\/345
|-damage|p1a: Zebstrika|99\/297|[from] item: Life Orb
|
|turn|27
|join|Pure Demize
|c|★DracoNinja|gg
|
|detailschange|p2a: METALGROSS|Metagross-Mega
|-mega|p2a: METALGROSS|Metagross|Metagrossite
|move|p1a: Zebstrika|Overheat|p2a: METALGROSS
|-supereffective|p2a: METALGROSS
|-damage|p2a: METALGROSS|0 fnt
|-unboost|p1a: Zebstrika|spa|2
|-damage|p1a: Zebstrika|70\/297|[from] item: Life Orb
|faint|p2a: METALGROSS
|
|c|★ssjjynx|gg
|c| Zamrock|IT DID HAVE IT
|c| Zamrock|LOOOOOOOL
|
|switch|p2a: ZORODARK|Hydreigon, F|185\/325
|-damage|p2a: ZORODARK|145\/325|[from] Stealth Rock
|turn|28
|c|★DracoNinja|fuck
|c|★DracoNinja|zeb took
|c| Zamrock|this guy is a legend
|c|★DracoNinja|my soul
|
|move|p2a: ZORODARK|Dark Pulse|p1a: Zebstrika
|-damage|p1a: Zebstrika|0 fnt
|faint|p1a: Zebstrika
|
|win|DracoNinja
|leave|Zamrock
|leave|Murkrow Jupiter
|leave|ssjjynx
|player|p1
|leave|asdfCookie
|join|asdfCookie
|leave|asdfCookie
|leave|lil manaphy
|leave|Pure Demize