|join|DracoNinja
|join|KatharineTeamtest
|player|p1|DracoNinja|2
|player|p2|KatharineTeamtest|148
|gametype|singles
|gen|6
|tier|OU
|clearpoke
|poke|p1|Metagross
|poke|p1|Hydreigon, F
|poke|p1|Azumarill, F
|poke|p1|Landorus-Therian, M
|poke|p1|Rotom-Wash
|poke|p1|Serperior, F
|poke|p2|Garchomp, M
|poke|p2|Tyranitar, M
|poke|p2|Quagsire, M
|poke|p2|Excadrill, M
|poke|p2|Talonflame, F
|poke|p2|Espeon, F
|rule|Swagger Clause: Swagger is banned
|rule|Baton Pass Clause: Limit one Pokémon knowing Baton Pass
|rule|Sleep Clause Mod: Limit one foe put to sleep
|rule|Species Clause: Limit one of each Pokémon
|rule|OHKO Clause: OHKO moves are banned
|rule|Moody Clause: Moody is banned
|rule|Evasion Moves Clause: Evasion moves are banned
|rule|Endless Battle Clause: Forcing endless battles is banned
|rule|HP Percentage Mod: HP is shown in percentages
|teampreview
|
|start
|switch|p1a: ZAMROCK|Landorus-Therian, M|357\/357
|switch|p2a: Tyranitar|Tyranitar, M|404\/404
|-ability|p1a: ZAMROCK|Intimidate|[of] p2a: Tyranitar
|-unboost|p2a: Tyranitar|atk|1
|-weather|Sandstorm
|turn|1
|
|switch|p2a: Quagsire|Quagsire, M|394\/394
|move|p1a: ZAMROCK|Earthquake|p2a: Quagsire
|-damage|p2a: Quagsire|187\/394
|
|-weather|Sandstorm|[upkeep]
|-heal|p2a: Quagsire|211\/394|[from] item: Leftovers
|turn|2
|
|move|p1a: ZAMROCK|U-turn|p2a: Quagsire
|-damage|p2a: Quagsire|131\/394
|
|switch|p1a: Z+V|Rotom-Wash|304\/304
|move|p2a: Quagsire|Infestation|p1a: Z+V
|-damage|p1a: Z+V|292\/304
|-activate|p1a: Z+V|move: Infestation|[of] p2a: Quagsire
|
|-weather|Sandstorm|[upkeep]
|-damage|p1a: Z+V|273\/304|[from] sandstorm
|-heal|p1a: Z+V|292\/304|[from] item: Leftovers
|-heal|p2a: Quagsire|155\/394|[from] item: Leftovers
|-damage|p1a: Z+V|254\/304|[from] move: Infestation|[partiallytrapped]
|turn|3
|
|switch|p2a: Espeon|Espeon, F|271\/271
|move|p1a: Z+V|Hydro Pump|p2a: Espeon
|-damage|p2a: Espeon|123\/271
|
|-weather|Sandstorm|[upkeep]
|-damage|p2a: Espeon|107\/271|[from] sandstorm
|-damage|p1a: Z+V|235\/304|[from] sandstorm
|-heal|p1a: Z+V|254\/304|[from] item: Leftovers
|-end|p1a: Z+V|Infestation|[partiallytrapped]
|turn|4
|join|bluri
|
|switch|p1a: METALGROSS|Metagross|345\/345
|move|p2a: Espeon|Hidden Power|p1a: METALGROSS
|-resisted|p1a: METALGROSS
|-damage|p1a: METALGROSS|283\/345
|
|-weather|Sandstorm|[upkeep]
|-damage|p2a: Espeon|91\/271|[from] sandstorm
|turn|5
|
|switch|p2a: Excadrill|Excadrill, M|361\/361
|-item|p2a: Excadrill|Air Balloon
|detailschange|p1a: METALGROSS|Metagross-Mega
|-mega|p1a: METALGROSS|Metagross|Metagrossite
|move|p1a: METALGROSS|Meteor Mash|p2a: Excadrill
|-resisted|p2a: Excadrill
|-damage|p2a: Excadrill|154\/361
|-enditem|p2a: Excadrill|Air Balloon
|
|-weather|Sandstorm|[upkeep]
|turn|6
|join|Baharoth
|
|switch|p2a: Talonflame|Talonflame, F|297\/297
|switch|p1a: Z+V|Rotom-Wash|254\/304
|
|-weather|Sandstorm|[upkeep]
|-damage|p2a: Talonflame|279\/297|[from] sandstorm
|-damage|p1a: Z+V|235\/304|[from] sandstorm
|-heal|p1a: Z+V|254\/304|[from] item: Leftovers
|turn|7
|join|I Iike Squirtles
|
|switch|p2a: Garchomp|Garchomp, M|357\/357
|move|p1a: Z+V|Hydro Pump|p2a: Garchomp
|-damage|p2a: Garchomp|197\/357
|
|-weather|Sandstorm|[upkeep]
|-damage|p1a: Z+V|235\/304|[from] sandstorm
|-heal|p1a: Z+V|254\/304|[from] item: Leftovers
|turn|8
|join|Cholera90
|
|switch|p1a: ZAMROCK|Landorus-Therian, M|357\/357
|-ability|p1a: ZAMROCK|Intimidate|[of] p2a: Garchomp
|-unboost|p2a: Garchomp|atk|1
|detailschange|p2a: Garchomp|Garchomp-Mega, M
|-mega|p2a: Garchomp|Garchomp|Garchompite
|move|p2a: Garchomp|Draco Meteor|p1a: ZAMROCK
|-damage|p1a: ZAMROCK|84\/357
|-unboost|p2a: Garchomp|spa|2
|
|-weather|none
|turn|9
|
|switch|p2a: Tyranitar|Tyranitar, M|404\/404
|-weather|Sandstorm
|switch|p1a: Z+V|Rotom-Wash|254\/304
|
|-weather|Sandstorm|[upkeep]
|-damage|p1a: Z+V|235\/304|[from] sandstorm
|-heal|p1a: Z+V|254\/304|[from] item: Leftovers
|turn|10
|
|move|p1a: Z+V|Hydro Pump|p2a: Tyranitar
|-supereffective|p2a: Tyranitar
|-damage|p2a: Tyranitar|230\/404
|move|p2a: Tyranitar|Stealth Rock|p1a: Z+V
|-sidestart|p1: DracoNinja|move: Stealth Rock
|
|-weather|Sandstorm|[upkeep]
|-damage|p1a: Z+V|235\/304|[from] sandstorm
|-heal|p1a: Z+V|254\/304|[from] item: Leftovers
|turn|11
|
|switch|p2a: Espeon|Espeon, F|91\/271
|move|p1a: Z+V|Will-O-Wisp|p2a: Espeon
|move|p2a: Espeon|Will-O-Wisp|p1a: Z+V|[from]Magic Bounce
|-status|p1a: Z+V|brn
|
|-weather|Sandstorm|[upkeep]
|-damage|p2a: Espeon|75\/271|[from] sandstorm
|-damage|p1a: Z+V|235\/304 brn|[from] sandstorm
|-heal|p1a: Z+V|254\/304 brn|[from] item: Leftovers
|-damage|p1a: Z+V|216\/304 brn|[from] brn
|turn|12
|leave|bluri
|
|move|p2a: Espeon|Hidden Power|p1a: Z+V
|-crit|p1a: Z+V
|-supereffective|p1a: Z+V
|-damage|p1a: Z+V|0 fnt
|faint|p1a: Z+V
|
|-weather|Sandstorm|[upkeep]
|-damage|p2a: Espeon|59\/271|[from] sandstorm
|
|switch|p1a: METALGROSS|Metagross-Mega|283\/345
|-damage|p1a: METALGROSS|262\/345|[from] Stealth Rock
|turn|13
|
|switch|p2a: Quagsire|Quagsire, M|155\/394
|move|p1a: METALGROSS|Rock Polish|p1a: METALGROSS
|-boost|p1a: METALGROSS|spe|2
|
|-weather|Sandstorm|[upkeep]
|-heal|p2a: Quagsire|179\/394|[from] item: Leftovers
|turn|14
|
|move|p1a: METALGROSS|Zen Headbutt|p2a: Quagsire
|-damage|p2a: Quagsire|13\/394
|move|p2a: Quagsire|Recover|p2a: Quagsire
|-heal|p2a: Quagsire|210\/394
|
|-weather|Sandstorm|[upkeep]
|-heal|p2a: Quagsire|234\/394|[from] item: Leftovers
|turn|15
|
|move|p1a: METALGROSS|Zen Headbutt|p2a: Quagsire
|-damage|p2a: Quagsire|50\/394
|move|p2a: Quagsire|Scald|p1a: METALGROSS
|-damage|p1a: METALGROSS|201\/345
|-status|p1a: METALGROSS|brn
|
|-weather|Sandstorm|[upkeep]
|-heal|p2a: Quagsire|74\/394|[from] item: Leftovers
|-damage|p1a: METALGROSS|158\/345 brn|[from] brn
|turn|16
|join|GoaoTwo
|
|move|p1a: METALGROSS|Zen Headbutt|p2a: Quagsire
|-damage|p2a: Quagsire|0 fnt
|faint|p2a: Quagsire
|
|-weather|none
|-damage|p1a: METALGROSS|115\/345 brn|[from] brn
|
|switch|p2a: Talonflame|Talonflame, F|279\/297
|turn|17
|
|move|p1a: METALGROSS|Zen Headbutt|p2a: Talonflame
|-damage|p2a: Talonflame|143\/297
|move|p2a: Talonflame|Flare Blitz|p1a: METALGROSS
|-supereffective|p1a: METALGROSS
|-damage|p1a: METALGROSS|0 fnt
|-damage|p2a: Talonflame|105\/297|[from] recoil|[of] p1a: METALGROSS
|faint|p1a: METALGROSS
|
|
|switch|p1a: ZORODARK|Hydreigon, F|325\/325
|-damage|p1a: ZORODARK|285\/325|[from] Stealth Rock
|turn|18
|
|switch|p2a: Tyranitar|Tyranitar, M|230\/404
|-weather|Sandstorm
|move|p1a: ZORODARK|U-turn|p2a: Tyranitar
|-supereffective|p2a: Tyranitar
|-damage|p2a: Tyranitar|134\/404
|
|switch|p1a: ZAMROCK|Landorus-Therian, M|84\/357
|-damage|p1a: ZAMROCK|40\/357|[from] Stealth Rock
|-ability|p1a: ZAMROCK|Intimidate|[of] p2a: Tyranitar
|-unboost|p2a: Tyranitar|atk|1
|
|-weather|Sandstorm|[upkeep]
|turn|19
|
|move|p1a: ZAMROCK|Earthquake|p2a: Tyranitar
|-supereffective|p2a: Tyranitar
|-damage|p2a: Tyranitar|0 fnt
|faint|p2a: Tyranitar
|
|-weather|Sandstorm|[upkeep]
|
|switch|p2a: Talonflame|Talonflame, F|105\/297
|turn|20
|
|move|p2a: Talonflame|Brave Bird|p1a: ZAMROCK
|-damage|p1a: ZAMROCK|0 fnt
|-damage|p2a: Talonflame|92\/297|[from] recoil|[of] p1a: ZAMROCK
|faint|p1a: ZAMROCK
|
|-weather|Sandstorm|[upkeep]
|-damage|p2a: Talonflame|74\/297|[from] sandstorm
|
|switch|p1a: SNOWCRISTAL|Azumarill, F|358\/358
|-damage|p1a: SNOWCRISTAL|314\/358|[from] Stealth Rock
|turn|21
|join|Tom Bus
|
|move|p2a: Talonflame|Brave Bird|p1a: SNOWCRISTAL
|-damage|p1a: SNOWCRISTAL|85\/358
|-damage|p2a: Talonflame|0 fnt|[from] recoil|[of] p1a: SNOWCRISTAL
|faint|p2a: Talonflame
|-enditem|p1a: SNOWCRISTAL|Sitrus Berry|[eat]
|-heal|p1a: SNOWCRISTAL|174\/358|[from] item: Sitrus Berry
|move|p1a: SNOWCRISTAL|Play Rough|p2: Talonflame|[notarget]
|-notarget
|
|-weather|Sandstorm|[upkeep]
|-damage|p1a: SNOWCRISTAL|152\/358|[from] sandstorm
|
|switch|p2a: Garchomp|Garchomp-Mega, M|197\/357
|turn|22
|leave|I Iike Squirtles
|
|switch|p1a: ZORODARK|Hydreigon, F|285\/325
|-damage|p1a: ZORODARK|245\/325|[from] Stealth Rock
|move|p2a: Garchomp|Earthquake|p1a: ZORODARK
|-immune|p1a: ZORODARK|[msg]
|
|-weather|Sandstorm|[upkeep]
|-damage|p1a: ZORODARK|225\/325|[from] sandstorm
|turn|23
|leave|Baharoth
|c|★KatharineTeamtest|have to go :D gg
|-message|KatharineTeamtest forfeited.
|
|win|DracoNinja
|leave|Tom Bus
|leave|DracoNinja
|player|p1
|leave|KatharineTeamtest
|player|p2
|leave|GoaoTwo