|join|DracoNinja
|join|trillyntruly
|player|p1|DracoNinja|2
|player|p2|trillyntruly|34
|gametype|singles
|gen|6
|tier|OU
|clearpoke
|poke|p1|Latias, F
|poke|p1|Clefable, M
|poke|p1|Skarmory, M
|poke|p1|Jirachi
|poke|p1|Suicune
|poke|p1|Victini
|poke|p2|Venusaur, F
|poke|p2|Landorus-Therian, M
|poke|p2|Azumarill, M
|poke|p2|Gyarados, M
|poke|p2|Bisharp, M
|poke|p2|Latias, F
|rule|Swagger Clause: Swagger is banned
|rule|Baton Pass Clause: Limit one Pokémon knowing Baton Pass
|rule|Sleep Clause Mod: Limit one foe put to sleep
|rule|Species Clause: Limit one of each Pokémon
|rule|OHKO Clause: OHKO moves are banned
|rule|Moody Clause: Moody is banned
|rule|Evasion Moves Clause: Evasion moves are banned
|rule|Endless Battle Clause: Forcing endless battles is banned
|rule|HP Percentage Mod: HP is shown in percentages
|teampreview
|join|Draciel RC
|join|ZoroDark
|join|Icey Tea
|c| ZoroDark|victini n_n
|join|Meh RC
|c|★DracoNinja|victini n_n
|c| Meh RC|v for victory!!!!
|join|Trade
|
|start
|switch|p1a: Suicune|Suicune|404\/404
|switch|p2a: Latias|Latias, F|301\/301
|-ability|p1a: Suicune|Pressure
|turn|1
|
|switch|p1a: Jirachi|Jirachi|404\/404
|move|p2a: Latias|Psyshock|p1a: Jirachi
|-resisted|p1a: Jirachi
|-damage|p1a: Jirachi|364\/404
|-damage|p2a: Latias|271\/301|[from] item: Life Orb
|
|turn|2
|join|Velajuel
|
|switch|p2a: Landorus-Therian|Landorus-Therian, M|381\/381
|-ability|p2a: Landorus-Therian|Intimidate|[of] p1a: Jirachi
|-unboost|p1a: Jirachi|atk|1
|move|p1a: Jirachi|Body Slam|p2a: Landorus-Therian
|-damage|p2a: Landorus-Therian|348\/381
|-status|p2a: Landorus-Therian|par
|
|-heal|p2a: Landorus-Therian|371\/381 par|[from] item: Leftovers
|turn|3
|c| Trade|draco become tourmod here y\/y
|
|switch|p1a: Skarmory|Skarmory, M|333\/333
|move|p2a: Landorus-Therian|Stealth Rock|p1a: Skarmory
|-sidestart|p1: DracoNinja|move: Stealth Rock
|
|-heal|p2a: Landorus-Therian|381\/381 par|[from] item: Leftovers
|turn|4
|c| ZoroDark|scene gave me voices here
|c|★DracoNinja|n
|
|move|p1a: Skarmory|Defog|p2a: Landorus-Therian
|-unboost|p2a: Landorus-Therian|evasion|1
|-sideend|p1: DracoNinja|Stealth Rock|[from] move: Defog|[of] p1a: Skarmory
|cant|p2a: Landorus-Therian|par
|
|turn|5
|c| ZoroDark|and i never even set a foot
|
|cant|p2a: Landorus-Therian|par
|move|p1a: Skarmory|Counter|p2a: Landorus-Therian
|-fail|p2a: Landorus-Therian
|
|turn|6
|c| ZoroDark|in the tournaments channel
|c| ZoroDark|but i blooded it because of
|
|cant|p2a: Landorus-Therian|par
|move|p1a: Skarmory|Counter|p2a: Landorus-Therian
|-fail|p2a: Landorus-Therian
|
|turn|7
|c| ZoroDark|updates and stuff
|
|move|p2a: Landorus-Therian|Stealth Rock|p1a: Skarmory
|-sidestart|p1: DracoNinja|move: Stealth Rock
|move|p1a: Skarmory|Counter|p2a: Landorus-Therian
|-fail|p2a: Landorus-Therian
|
|turn|8
|join|CleanerThanRotom-W
|c| ZoroDark|draconinja i feel like
|c| ZoroDark|he might just
|c| ZoroDark|set up sr
|c| ZoroDark|ya
|
|switch|p2a: Latias|Latias, F|271\/301
|move|p1a: Skarmory|Defog|p2a: Latias
|-unboost|p2a: Latias|evasion|1
|-sideend|p1: DracoNinja|Stealth Rock|[from] move: Defog|[of] p1a: Skarmory
|
|turn|9
|
|switch|p1a: Clefable|Clefable, M|393\/393
|move|p2a: Latias|Hidden Power|p1a: Clefable
|-damage|p1a: Clefable|305\/393
|-damage|p2a: Latias|241\/301|[from] item: Life Orb
|
|-heal|p1a: Clefable|329\/393|[from] item: Leftovers
|turn|10
|
|switch|p2a: Venusaur|Venusaur, F|363\/363
|switch|p1a: Victini|Victini|403\/403
|
|turn|11
|c| ZoroDark|ez doubles
|
|switch|p2a: Landorus-Therian|Landorus-Therian, M|381\/381 par
|-ability|p2a: Landorus-Therian|Intimidate|[of] p1a: Victini
|-unboost|p1a: Victini|atk|1
|move|p1a: Victini|Will-O-Wisp|p2a: Landorus-Therian
|-fail|p2a: Landorus-Therian
|
|turn|12
|c| ZoroDark|u have glaciate right
|c|★DracoNinja|oop
|c|★DracoNinja|why did i
|c|★DracoNinja|para
|
|switch|p1a: Skarmory|Skarmory, M|333\/333
|switch|p2a: Azumarill|Azumarill, M|363\/363
|
|turn|13
|c| Trade|because flinchrachi is gr8
|
|switch|p2a: Latias|Latias, F|241\/301
|move|p1a: Skarmory|Counter|p2a: Latias
|-fail|p2a: Latias
|
|turn|14
|c| Meh RC|played
|
|switch|p2a: Venusaur|Venusaur, F|363\/363
|switch|p1a: Jirachi|Jirachi|364\/404
|
|turn|15
|c| ZoroDark|im not sure if
|c| ZoroDark|this strategy of
|c| ZoroDark|using counter
|c| ZoroDark|is really paying off
|
|switch|p2a: Landorus-Therian|Landorus-Therian, M|381\/381 par
|-ability|p2a: Landorus-Therian|Intimidate|[of] p1a: Jirachi
|-unboost|p1a: Jirachi|atk|1
|move|p1a: Jirachi|Stealth Rock|p2a: Landorus-Therian
|-sidestart|p2: trillyntruly|move: Stealth Rock
|
|turn|16
|c| ZoroDark|go full tele
|c| ZoroDark|aw
|
|switch|p1a: Suicune|Suicune|404\/404
|-ability|p1a: Suicune|Pressure
|move|p2a: Landorus-Therian|U-turn|p1a: Suicune
|-damage|p1a: Suicune|346\/404
|leave|Velajuel
|
|switch|p2a: Venusaur|Venusaur, F|363\/363
|-damage|p2a: Venusaur|318\/363|[from] Stealth Rock
|
|-heal|p1a: Suicune|371\/404|[from] item: Leftovers
|turn|17
|
|switch|p1a: Latias|Latias, F|363\/363
|detailschange|p2a: Venusaur|Venusaur-Mega, F
|-mega|p2a: Venusaur|Venusaur|Venusaurite
|move|p2a: Venusaur|Leech Seed|p1a: Latias
|-start|p1a: Latias|move: Leech Seed
|
|-damage|p1a: Latias|318\/363|[from] Leech Seed|[of] p2a: Venusaur
|-heal|p2a: Venusaur|363\/363|[silent]
|turn|18
|
|switch|p1a: Skarmory|Skarmory, M|333\/333
|switch|p2a: Bisharp|Bisharp, M|271\/271
|-damage|p2a: Bisharp|255\/271|[from] Stealth Rock
|
|turn|19
|c| ZoroDark|wait is this
|c| ZoroDark|xy or oras
|leave|CleanerThanRotom-W
|c|★DracoNinja|oras
|c| ZoroDark|doesn't look like it at all
|c| ZoroDark|oo
|c| Meh RC|oras expert zoro has spoken
|c| ZoroDark|y
|c|★DracoNinja|~
|c| ZoroDark|meh im sike in oras
|c| Meh RC|you got nothing on me
|c|★DracoNinja|cant go
|c|★DracoNinja|2-3
|c| ZoroDark|y i do
|
|switch|p2a: Landorus-Therian|Landorus-Therian, M|381\/381 par
|-damage|p2a: Landorus-Therian|334\/381 par|[from] Stealth Rock
|-ability|p2a: Landorus-Therian|Intimidate|[of] p1a: Skarmory
|-unboost|p1a: Skarmory|atk|1
|move|p1a: Skarmory|Whirlwind|p2a: Landorus-Therian
|drag|p2a: Azumarill|Azumarill, M|363\/363
|-damage|p2a: Azumarill|318\/363|[from] Stealth Rock
|
|turn|20
|c|★DracoNinja|q__q
|c| Draciel RC|RC hype
|c| ZoroDark|because volcarona is
|c| Meh RC|RC hype
|c| ZoroDark|trash in oras ubers
|c| ZoroDark|so i win
|c| Meh RC|O
|c| Meh RC|shit
|c| ZoroDark|every time now
|c| ZoroDark|gg
|c| Meh RC|actually didn't I
|c| Meh RC|still win a match with that team
|c| ZoroDark|n
|c| Meh RC|oy you were
|
|switch|p2a: Landorus-Therian|Landorus-Therian, M|334\/381 par
|-damage|p2a: Landorus-Therian|287\/381 par|[from] Stealth Rock
|-ability|p2a: Landorus-Therian|Intimidate|[of] p1a: Skarmory
|-unboost|p1a: Skarmory|atk|1
|move|p1a: Skarmory|Whirlwind|p2a: Landorus-Therian
|drag|p2a: Azumarill|Azumarill, M|318\/363
|-damage|p2a: Azumarill|273\/363|[from] Stealth Rock
|
|turn|21
|c| Meh RC|using OU as well I remember now
|c| ZoroDark|IT NEVER HAPPENED
|
|move|p2a: Azumarill|Waterfall|p1a: Skarmory
|-damage|p1a: Skarmory|173\/333
|-damage|p2a: Azumarill|213\/363|[from] item: Rocky Helmet|[of] p1a: Skarmory
|move|p1a: Skarmory|Whirlwind|p2a: Azumarill
|drag|p2a: Gyarados|Gyarados, M|353\/353
|-damage|p2a: Gyarados|265\/353|[from] Stealth Rock
|-ability|p2a: Gyarados|Intimidate|[of] p1a: Skarmory
|-unboost|p1a: Skarmory|atk|1
|
|-heal|p2a: Gyarados|287\/353|[from] item: Leftovers
|turn|22
|c| ZoroDark|srs question how is he gonna beat
|c| ZoroDark|skarmory
|c| Meh RC|flinch
|
|move|p2a: Gyarados|Taunt|p1a: Skarmory
|-start|p1a: Skarmory|move: Taunt
|cant|p1a: Skarmory|move: Taunt|Roost
|
|-heal|p2a: Gyarados|309\/353|[from] item: Leftovers
|turn|23
|c| Meh RC|or
|c| Meh RC|that
|c| Meh RC|that works too I guess
|c| ZoroDark|ok i guess this isn't
|
|switch|p1a: Suicune|Suicune|371\/404
|-ability|p1a: Suicune|Pressure
|move|p2a: Gyarados|Dragon Dance|p2a: Gyarados
|-boost|p2a: Gyarados|atk|1
|-boost|p2a: Gyarados|spe|1
|
|-heal|p2a: Gyarados|331\/353|[from] item: Leftovers
|-heal|p1a: Suicune|396\/404|[from] item: Leftovers
|turn|24
|c| ZoroDark|a terrible mon
|c| Meh RC|just
|c| Meh RC|bounce paras
|c| Meh RC|ez
|join|Velajuel
|c| ZoroDark|ez
|c|★DracoNinja|.cri
|
|move|p2a: Gyarados|Bounce|p1a: Suicune|[still]
|-prepare|p2a: Gyarados|Bounce|p1a: Suicune
|move|p1a: Suicune|Scald|p2a: Gyarados|[miss]
|-miss|p1a: Suicune|p2a: Gyarados
|
|-heal|p2a: Gyarados|353\/353|[from] item: Leftovers
|-heal|p1a: Suicune|404\/404|[from] item: Leftovers
|turn|25
|c| ZoroDark|subtaunt
|c| ZoroDark|reveal
|c| ZoroDark|aw
|
|move|p2a: Gyarados|Bounce|p1a: Suicune
|-damage|p1a: Suicune|238\/404
|move|p1a: Suicune|Scald|p2a: Gyarados
|-resisted|p2a: Gyarados
|-damage|p2a: Gyarados|313\/353
|
|-heal|p2a: Gyarados|335\/353|[from] item: Leftovers
|-heal|p1a: Suicune|263\/404|[from] item: Leftovers
|turn|26
|c| Meh RC|sub taunt dd <3
|c| Meh RC|PARA
|c| Meh RC|WTF
|c| ZoroDark|that does
|c|★DracoNinja|BURN
|c| ZoroDark|a lot of damage honestly
|c|★DracoNinja|yea
|
|switch|p2a: Venusaur|Venusaur-Mega, F|363\/363
|-damage|p2a: Venusaur|318\/363|[from] Stealth Rock
|move|p1a: Suicune|Calm Mind|p1a: Suicune
|-boost|p1a: Suicune|spa|1
|-boost|p1a: Suicune|spd|1
|
|-heal|p1a: Suicune|288\/404|[from] item: Leftovers
|turn|27
|c| ZoroDark|oooooooooooo
|join|Cienight
|
|switch|p1a: Victini|Victini|403\/403
|move|p2a: Venusaur|Leech Seed|p1a: Victini
|-start|p1a: Victini|move: Leech Seed
|
|-damage|p1a: Victini|353\/403|[from] Leech Seed|[of] p2a: Venusaur
|-heal|p2a: Venusaur|363\/363|[silent]
|turn|28
|
|switch|p1a: Suicune|Suicune|288\/404
|-ability|p1a: Suicune|Pressure
|move|p2a: Venusaur|Leech Seed|p1a: Suicune|[miss]
|-miss|p2a: Venusaur|p1a: Suicune
|
|-heal|p1a: Suicune|313\/404|[from] item: Leftovers
|turn|29
|
|switch|p1a: Jirachi|Jirachi|364\/404
|move|p2a: Venusaur|Leech Seed|p1a: Jirachi
|-start|p1a: Jirachi|move: Leech Seed
|
|-damage|p1a: Jirachi|314\/404|[from] Leech Seed|[of] p2a: Venusaur
|turn|30
|
|switch|p1a: Skarmory|Skarmory, M|173\/333
|switch|p2a: Bisharp|Bisharp, M|255\/271
|-damage|p2a: Bisharp|239\/271|[from] Stealth Rock
|
|turn|31
|
|move|p2a: Bisharp|Knock Off|p1a: Skarmory
|-damage|p1a: Skarmory|44\/333
|-damage|p2a: Bisharp|194\/271|[from] item: Rocky Helmet|[of] p1a: Skarmory
|-enditem|p1a: Skarmory|Rocky Helmet|[from] move: Knock Off|[of] p2a: Bisharp
|move|p1a: Skarmory|Roost|p1a: Skarmory
|-heal|p1a: Skarmory|211\/333
|
|turn|32
|
|switch|p2a: Latias|Latias, F|241\/301
|-damage|p2a: Latias|204\/301|[from] Stealth Rock
|move|p1a: Skarmory|Roost|p1a: Skarmory
|-heal|p1a: Skarmory|333\/333
|
|turn|33
|
|switch|p1a: Jirachi|Jirachi|314\/404
|move|p2a: Latias|Defog|p1a: Jirachi
|-unboost|p1a: Jirachi|evasion|1
|-sideend|p2: trillyntruly|Stealth Rock|[from] move: Defog|[of] p2a: Latias
|
|turn|34
|
|move|p2a: Latias|Hidden Power|p1a: Jirachi
|-supereffective|p1a: Jirachi
|-damage|p1a: Jirachi|192\/404
|-damage|p2a: Latias|174\/301|[from] item: Life Orb
|move|p1a: Jirachi|Stealth Rock|p2a: Latias
|-sidestart|p2: trillyntruly|move: Stealth Rock
|
|turn|35
|c| ZoroDark|what happened to
|c| ZoroDark|jirachi's item
|c|★DracoNinja|lol
|c|★DracoNinja|idk
|c|★DracoNinja|i have
|c|★DracoNinja|shed shell
|c|★DracoNinja|lmao
|c|★DracoNinja|oop
|c| Icey Tea|innovative
|c|★DracoNinja|guess i need to fix the team
|c| ZoroDark|jirachi the magma storm heat ran counter
|c| ZoroDark|innovative
|c|★DracoNinja|should have just brought my
|c|★DracoNinja|meta squad
|
|move|p2a: Latias|Defog|p1a: Jirachi
|-unboost|p1a: Jirachi|evasion|1
|-sideend|p2: trillyntruly|Stealth Rock|[from] move: Defog|[of] p2a: Latias
|move|p1a: Jirachi|Body Slam|p2a: Latias
|-damage|p2a: Latias|106\/301
|-status|p2a: Latias|par
|
|turn|36
|join|CatchThisDead
|c| ZoroDark|well
|
|move|p1a: Jirachi|Stealth Rock|p2a: Latias
|-sidestart|p2: trillyntruly|move: Stealth Rock
|move|p2a: Latias|Hidden Power|p1a: Jirachi
|-supereffective|p1a: Jirachi
|-damage|p1a: Jirachi|80\/404
|-damage|p2a: Latias|76\/301 par|[from] item: Life Orb
|
|turn|37
|c| Icey Tea|para
|c| ZoroDark|suicune is gonna win
|c| Icey Tea|hehe
|c| ZoroDark|evenutally
|c|★DracoNinja|yer
|
|move|p1a: Jirachi|Iron Head|p2a: Latias
|-damage|p2a: Latias|0 fnt
|faint|p2a: Latias
|
|c| Icey Tea|extrasensiry
|c| Icey Tea|cune
|
|switch|p2a: Landorus-Therian|Landorus-Therian, M|287\/381 par
|-damage|p2a: Landorus-Therian|240\/381 par|[from] Stealth Rock
|-ability|p2a: Landorus-Therian|Intimidate|[of] p1a: Jirachi
|-unboost|p1a: Jirachi|atk|1
|turn|38
|c|★DracoNinja|can you not
|c| ZoroDark|no just
|c|★DracoNinja|tell my opponent
|c| ZoroDark|scald
|c|★DracoNinja|my innovation
|c|★DracoNinja|:{
|c| ZoroDark|:(
|c| Icey Tea|what
|
|move|p1a: Jirachi|Wish|p1a: Jirachi
|move|p2a: Landorus-Therian|Stealth Rock|p1a: Jirachi
|-sidestart|p1: DracoNinja|move: Stealth Rock
|
|-heal|p2a: Landorus-Therian|263\/381 par|[from] item: Leftovers
|turn|39
|c| Icey Tea|sry
|c| Icey Tea|:[[[[[[[[
|c| ZoroDark|You need to be voiced to broadcast this command's information.
|c|★DracoNinja|:[[[[[[[
|c| ZoroDark|To see it for yourself, use: \/learn suicune,stored power
|c| ZoroDark|gay
|
|move|p1a: Jirachi|Iron Head|p2a: Landorus-Therian
|-damage|p2a: Landorus-Therian|217\/381 par
|cant|p2a: Landorus-Therian|flinch
|
|-heal|p1a: Jirachi|282\/404|[from] move: Wish|[wisher] Jirachi
|-heal|p2a: Landorus-Therian|240\/381 par|[from] item: Leftovers
|turn|40
|c|★trillyntruly|ahhhh nice
|c|★trillyntruly|this aids
|
|switch|p1a: Skarmory|Skarmory, M|333\/333
|-damage|p1a: Skarmory|292\/333|[from] Stealth Rock
|move|p2a: Landorus-Therian|Earthquake|p1a: Skarmory
|-immune|p1a: Skarmory|[msg]
|
|-heal|p2a: Landorus-Therian|263\/381 par|[from] item: Leftovers
|turn|41
|c| Icey Tea|its not aids
|c| Icey Tea|its jirachi
|c| Icey Tea|:)
|c|★DracoNinja|:)
|c| ZoroDark|:)
|c|★trillyntruly|jirachi is amazing until you're facing him
|c|★trillyntruly|then he's aids
|c| Icey Tea|no
|
|move|p2a: Landorus-Therian|U-turn|p1a: Skarmory
|-resisted|p1a: Skarmory
|-damage|p1a: Skarmory|281\/333
|c| Icey Tea|he is never aids
|c| ZoroDark|unlike user ice tea who's
|c| ZoroDark|always aids
|c| Icey Tea|hvjfkleü
|leave|Velajuel
|c| ZoroDark|seriously there's
|c| ZoroDark|no way
|c| Icey Tea|fuck you
|c| ZoroDark|he's gonna get past
|c|★trillyntruly|i can't win now
|c| ZoroDark|skarmory
|c| ZoroDark|lol
|c| Icey Tea|jajajaja
|c|★DracoNinja|yer
|c| Icey Tea|nobody can win vs dn
|
|switch|p2a: Gyarados|Gyarados, M|335\/353
|-damage|p2a: Gyarados|247\/353|[from] Stealth Rock
|-ability|p2a: Gyarados|Intimidate|[of] p1a: Skarmory
|-unboost|p1a: Skarmory|atk|1
|move|p1a: Skarmory|Whirlwind|p2a: Gyarados
|drag|p2a: Landorus-Therian|Landorus-Therian, M|263\/381 par
|-damage|p2a: Landorus-Therian|216\/381 par|[from] Stealth Rock
|-ability|p2a: Landorus-Therian|Intimidate|[of] p1a: Skarmory
|-unboost|p1a: Skarmory|atk|1
|
|-heal|p2a: Landorus-Therian|239\/381 par|[from] item: Leftovers
|turn|42
|c|★DracoNinja|without
|c|★DracoNinja|massive
|c|★DracoNinja|luck
|c| ZoroDark|fat squad vs
|c|★DracoNinja|~~~~
|c| ZoroDark|fat squad
|c| Icey Tea|^
|c| ZoroDark|neat
|
|move|p1a: Skarmory|Roost|p1a: Skarmory
|-heal|p1a: Skarmory|333\/333
|move|p2a: Landorus-Therian|Stone Edge|p1a: Skarmory
|-resisted|p1a: Skarmory
|-damage|p1a: Skarmory|304\/333
|
|-heal|p2a: Landorus-Therian|262\/381 par|[from] item: Leftovers
|turn|43
|c| Icey Tea|I'm gawn
|join|Alkov
|c| Icey Tea|gud loock in this battle
|c| ZoroDark|plays
|c| Icey Tea|luck
|
|move|p2a: Landorus-Therian|Stone Edge|p1a: Skarmory
|-crit|p1a: Skarmory
|-damage|p1a: Skarmory|208\/333
|move|p1a: Skarmory|Whirlwind|p2a: Landorus-Therian
|drag|p2a: Venusaur|Venusaur-Mega, F|363\/363
|-damage|p2a: Venusaur|318\/363|[from] Stealth Rock
|
|turn|44
|leave|Icey Tea
|
|switch|p1a: Jirachi|Jirachi|282\/404
|-damage|p1a: Jirachi|257\/404|[from] Stealth Rock
|move|p2a: Venusaur|Leech Seed|p1a: Jirachi
|-start|p1a: Jirachi|move: Leech Seed
|
|-damage|p1a: Jirachi|207\/404|[from] Leech Seed|[of] p2a: Venusaur
|-heal|p2a: Venusaur|363\/363|[silent]
|turn|45
|
|move|p1a: Jirachi|Wish|p1a: Jirachi
|move|p2a: Venusaur|Leech Seed|p1a: Jirachi
|-fail|p1a: Jirachi
|
|-damage|p1a: Jirachi|157\/404|[from] Leech Seed|[of] p2a: Venusaur
|turn|46
|c| ZoroDark|this is
|c|★trillyntruly|no double into skarm?
|c|★DracoNinja|n
|c| ZoroDark|a little too boring
|c| ZoroDark|sry
|c|★trillyntruly|you been lovin dem doubles into skarm this game lol
|join|ryzed
|leave|ZoroDark
|join|CleanerThanRotom-W
|
|switch|p2a: Landorus-Therian|Landorus-Therian, M|262\/381 par
|-damage|p2a: Landorus-Therian|215\/381 par|[from] Stealth Rock
|-ability|p2a: Landorus-Therian|Intimidate|[of] p1a: Jirachi
|-unboost|p1a: Jirachi|atk|1
|move|p1a: Jirachi|Iron Head|p2a: Landorus-Therian
|-crit|p2a: Landorus-Therian
|-damage|p2a: Landorus-Therian|107\/381 par
|
|-heal|p1a: Jirachi|359\/404|[from] move: Wish|[wisher] Jirachi
|-heal|p2a: Landorus-Therian|130\/381 par|[from] item: Leftovers
|-damage|p1a: Jirachi|309\/404|[from] Leech Seed|[of] p2a: Landorus-Therian
|-heal|p2a: Landorus-Therian|180\/381 par|[silent]
|turn|47
|leave|ryzed
|
|switch|p1a: Skarmory|Skarmory, M|208\/333
|-damage|p1a: Skarmory|167\/333|[from] Stealth Rock
|cant|p2a: Landorus-Therian|par
|
|-heal|p2a: Landorus-Therian|203\/381 par|[from] item: Leftovers
|turn|48
|join|ryzed
|
|move|p2a: Landorus-Therian|U-turn|p1a: Skarmory
|-resisted|p1a: Skarmory
|-damage|p1a: Skarmory|156\/333
|
|switch|p2a: Venusaur|Venusaur-Mega, F|363\/363
|-damage|p2a: Venusaur|318\/363|[from] Stealth Rock
|move|p1a: Skarmory|Whirlwind|p2a: Venusaur
|drag|p2a: Gyarados|Gyarados, M|247\/353
|-damage|p2a: Gyarados|159\/353|[from] Stealth Rock
|-ability|p2a: Gyarados|Intimidate|[of] p1a: Skarmory
|-unboost|p1a: Skarmory|atk|1
|
|-heal|p2a: Gyarados|181\/353|[from] item: Leftovers
|turn|49
|
|switch|p1a: Suicune|Suicune|313\/404
|-damage|p1a: Suicune|263\/404|[from] Stealth Rock
|-ability|p1a: Suicune|Pressure
|move|p2a: Gyarados|Dragon Dance|p2a: Gyarados
|-boost|p2a: Gyarados|atk|1
|-boost|p2a: Gyarados|spe|1
|
|-heal|p2a: Gyarados|203\/353|[from] item: Leftovers
|-heal|p1a: Suicune|288\/404|[from] item: Leftovers
|turn|50
|
|move|p2a: Gyarados|Taunt|p1a: Suicune
|-start|p1a: Suicune|move: Taunt
|cant|p1a: Suicune|move: Taunt|Calm Mind
|
|-heal|p2a: Gyarados|225\/353|[from] item: Leftovers
|-heal|p1a: Suicune|313\/404|[from] item: Leftovers
|turn|51
|
|move|p2a: Gyarados|Bounce|p1a: Suicune|[still]
|-prepare|p2a: Gyarados|Bounce|p1a: Suicune
|move|p1a: Suicune|Scald|p2a: Gyarados|[miss]
|-miss|p1a: Suicune|p2a: Gyarados
|
|-heal|p2a: Gyarados|247\/353|[from] item: Leftovers
|-heal|p1a: Suicune|338\/404|[from] item: Leftovers
|turn|52
|
|move|p2a: Gyarados|Bounce|p1a: Suicune
|-damage|p1a: Suicune|163\/404
|move|p1a: Suicune|Scald|p2a: Gyarados
|-resisted|p2a: Gyarados
|-damage|p2a: Gyarados|205\/353
|
|-heal|p2a: Gyarados|227\/353|[from] item: Leftovers
|-heal|p1a: Suicune|188\/404|[from] item: Leftovers
|-end|p1a: Suicune|move: Taunt
|turn|53
|c|★DracoNinja|just get the clean burn
|c|★trillyntruly|dont burn
|
|move|p2a: Gyarados|Bounce|p1a: Suicune|[still]
|-prepare|p2a: Gyarados|Bounce|p1a: Suicune
|move|p1a: Suicune|Scald|p2a: Gyarados|[miss]
|-miss|p1a: Suicune|p2a: Gyarados
|
|-heal|p2a: Gyarados|249\/353|[from] item: Leftovers
|-heal|p1a: Suicune|213\/404|[from] item: Leftovers
|turn|54
|c| CleanerThanRotom-W|did you say clean
|c| CleanerThanRotom-W|im here
|
|move|p2a: Gyarados|Bounce|p1a: Suicune|[miss]
|-miss|p2a: Gyarados|p1a: Suicune
|move|p1a: Suicune|Rest|p1a: Suicune
|-status|p1a: Suicune|slp
|-heal|p1a: Suicune|404\/404 slp|[silent]
|-status|p1a: Suicune|slp|[from] move: Rest
|
|-heal|p2a: Gyarados|271\/353|[from] item: Leftovers
|turn|55
|c| CleanerThanRotom-W|:^)
|c|★DracoNinja|:^]
|
|switch|p1a: Clefable|Clefable, M|329\/393
|-damage|p1a: Clefable|280\/393|[from] Stealth Rock
|move|p2a: Gyarados|Dragon Dance|p2a: Gyarados
|-boost|p2a: Gyarados|atk|1
|-boost|p2a: Gyarados|spe|1
|
|-heal|p2a: Gyarados|293\/353|[from] item: Leftovers
|-heal|p1a: Clefable|304\/393|[from] item: Leftovers
|turn|56
|c|★trillyntruly|ohlawd
|
|move|p2a: Gyarados|Taunt|p1a: Clefable
|-start|p1a: Clefable|move: Taunt
|cant|p1a: Clefable|move: Taunt|Heal Bell
|
|-heal|p2a: Gyarados|315\/353|[from] item: Leftovers
|-heal|p1a: Clefable|328\/393|[from] item: Leftovers
|turn|57
|c| CleanerThanRotom-W|GG.
|c|★DracoNinja|:{
|
|move|p2a: Gyarados|Waterfall|p1a: Clefable
|-damage|p1a: Clefable|199\/393
|move|p1a: Clefable|Moonblast|p2a: Gyarados
|-damage|p2a: Gyarados|215\/353
|-unboost|p2a: Gyarados|spa|1
|
|-heal|p2a: Gyarados|237\/353|[from] item: Leftovers
|-heal|p1a: Clefable|223\/393|[from] item: Leftovers
|turn|58
|
|switch|p1a: Latias|Latias, F|318\/363
|-damage|p1a: Latias|273\/363|[from] Stealth Rock
|move|p2a: Gyarados|Waterfall|p1a: Latias
|-crit|p1a: Latias
|-resisted|p1a: Latias
|-damage|p1a: Latias|98\/363
|
|-heal|p2a: Gyarados|259\/353|[from] item: Leftovers
|turn|59
|c| Alkov|if only it was mega gyara
|c|★DracoNinja|oop
|
|detailschange|p1a: Latias|Latias-Mega, F
|-mega|p1a: Latias|Latias|Latiasite
|move|p2a: Gyarados|Bounce|p1a: Latias|[still]
|-prepare|p2a: Gyarados|Bounce|p1a: Latias
|move|p1a: Latias|Roost|p1a: Latias
|-heal|p1a: Latias|280\/363
|
|-heal|p2a: Gyarados|281\/353|[from] item: Leftovers
|turn|60
|c| Alkov|moldbreaker is a beauty n_n
|c| CleanerThanRotom-W|lol ok
|c|★trillyntruly|i've actually been mega lefties gyara the whole time so
|
|move|p2a: Gyarados|Bounce|p1a: Latias
|-damage|p1a: Latias|58\/363
|-status|p1a: Latias|par
|move|p1a: Latias|Roost|p1a: Latias
|-heal|p1a: Latias|240\/363 par
|
|-heal|p2a: Gyarados|303\/353|[from] item: Leftovers
|turn|61
|
|switch|p1a: Skarmory|Skarmory, M|156\/333
|-damage|p1a: Skarmory|115\/333|[from] Stealth Rock
|move|p2a: Gyarados|Taunt|p1a: Skarmory
|-start|p1a: Skarmory|move: Taunt
|
|-heal|p2a: Gyarados|325\/353|[from] item: Leftovers
|turn|62
|
|switch|p1a: Suicune|Suicune|404\/404 slp
|-damage|p1a: Suicune|354\/404 slp|[from] Stealth Rock
|-ability|p1a: Suicune|Pressure
|move|p2a: Gyarados|Waterfall|p1a: Suicune
|-resisted|p1a: Suicune
|-damage|p1a: Suicune|255\/404 slp
|
|-heal|p2a: Gyarados|347\/353|[from] item: Leftovers
|-heal|p1a: Suicune|280\/404 slp|[from] item: Leftovers
|turn|63
|
|move|p2a: Gyarados|Taunt|p1a: Suicune
|-start|p1a: Suicune|move: Taunt
|cant|p1a: Suicune|slp
|cant|p1a: Suicune|move: Taunt|Sleep Talk
|
|-heal|p2a: Gyarados|353\/353|[from] item: Leftovers
|-heal|p1a: Suicune|305\/404 slp|[from] item: Leftovers
|turn|64
|c| Alkov|rip
|
|move|p2a: Gyarados|Dragon Dance|p2a: Gyarados
|-boost|p2a: Gyarados|atk|1
|-boost|p2a: Gyarados|spe|1
|cant|p1a: Suicune|slp
|
|-heal|p1a: Suicune|330\/404 slp|[from] item: Leftovers
|turn|65
|join|shermin vermin
|c|★DracoNinja|get
|
|move|p2a: Gyarados|Bounce|p1a: Suicune|[still]
|-prepare|p2a: Gyarados|Bounce|p1a: Suicune
|-curestatus|p1a: Suicune|slp
|move|p1a: Suicune|Scald|p2a: Gyarados|[miss]
|-miss|p1a: Suicune|p2a: Gyarados
|
|-heal|p1a: Suicune|355\/404|[from] item: Leftovers
|-end|p1a: Suicune|move: Taunt
|turn|66
|c|★DracoNinja|the
|c|★DracoNinja|burn
|
|move|p2a: Gyarados|Bounce|p1a: Suicune
|-damage|p1a: Suicune|66\/404
|-status|p1a: Suicune|par
|cant|p1a: Suicune|par
|
|-heal|p1a: Suicune|91\/404 par|[from] item: Leftovers
|turn|67
|c|★DracoNinja|,
|c| Draciel RC|jaja
|c| CleanerThanRotom-W|wrong
|c| CleanerThanRotom-W|hax
|leave|shermin vermin
|join|shermin vermin
|leave|shermin vermin
|
|move|p2a: Gyarados|Waterfall|p1a: Suicune
|-resisted|p1a: Suicune
|-damage|p1a: Suicune|0 fnt
|faint|p1a: Suicune
|
|c|★DracoNinja|, _ ,
|
|switch|p1a: Jirachi|Jirachi|309\/404
|-damage|p1a: Jirachi|284\/404|[from] Stealth Rock
|turn|68
|
|move|p2a: Gyarados|Waterfall|p1a: Jirachi
|-damage|p1a: Jirachi|0 fnt
|faint|p1a: Jirachi
|
|
|switch|p1a: Latias|Latias-Mega, F|240\/363 par
|-damage|p1a: Latias|195\/363 par|[from] Stealth Rock
|turn|69
|c|★DracoNinja|the
|join|ZoroDark
|c|★DracoNinja|timely
|c|★DracoNinja|paras
|
|move|p2a: Gyarados|Taunt|p1a: Latias
|-start|p1a: Latias|move: Taunt
|move|p1a: Latias|Whirlpool|p2a: Gyarados
|-resisted|p2a: Gyarados
|-damage|p2a: Gyarados|334\/353
|-activate|p2a: Gyarados|move: Whirlpool|[of] p1a: Latias
|
|-heal|p2a: Gyarados|353\/353|[from] item: Leftovers
|-damage|p2a: Gyarados|309\/353|[from] move: Whirlpool|[partiallytrapped]
|turn|70
|
|move|p2a: Gyarados|Waterfall|p1a: Latias
|-resisted|p1a: Latias
|-damage|p1a: Latias|72\/363 par
|cant|p1a: Latias|flinch
|
|-heal|p2a: Gyarados|331\/353|[from] item: Leftovers
|-damage|p2a: Gyarados|287\/353|[from] move: Whirlpool|[partiallytrapped]
|turn|71
|
|move|p2a: Gyarados|Waterfall|p1a: Latias
|-resisted|p1a: Latias
|-damage|p1a: Latias|0 fnt
|faint|p1a: Latias
|
|-heal|p2a: Gyarados|309\/353|[from] item: Leftovers
|-end|p2a: Gyarados|Whirlpool|[partiallytrapped]
|
|switch|p1a: Skarmory|Skarmory, M|115\/333
|-damage|p1a: Skarmory|74\/333|[from] Stealth Rock
|turn|72
|
|move|p2a: Gyarados|Waterfall|p1a: Skarmory
|-damage|p1a: Skarmory|0 fnt
|faint|p1a: Skarmory
|
|-heal|p2a: Gyarados|331\/353|[from] item: Leftovers
|-message|DracoNinja forfeited.
|
|win|trillyntruly
|c|★trillyntruly|gg bruv.
|leave|DracoNinja
|player|p1
|join|DracoNinja
|leave|DracoNinja