|join|Jukain
|join|Nedor
|player|p1|Jukain|291
|player|p2|Nedor|52
|gametype|singles
|gen|6
|tier|OU
|rated
|clearpoke
|poke|p1|Chesnaught, F
|poke|p1|Tyranitar, F
|poke|p1|Charizard, M
|poke|p1|Starmie
|poke|p1|Landorus-Therian, M
|poke|p1|Mew
|poke|p2|Scizor, M
|poke|p2|Keldeo-Resolute
|poke|p2|Azelf
|poke|p2|Thundurus, M
|poke|p2|Kyurem-Black
|poke|p2|Latios, M
|rule|Swagger Clause: Swagger is banned
|rule|Baton Pass Clause: Limit one Pokémon knowing Baton Pass
|rule|Sleep Clause Mod: Limit one foe put to sleep
|rule|Species Clause: Limit one of each Pokémon
|rule|OHKO Clause: OHKO moves are banned
|rule|Moody Clause: Moody is banned
|rule|Evasion Moves Clause: Evasion moves are banned
|rule|Endless Battle Clause: Forcing endless battles is banned
|rule|HP Percentage Mod: HP is shown in percentages
|teampreview
|c|★Nedor|o hey :]
|join|asdfCookie
|c|★Jukain|helo lmao
|
|start
|switch|p1a: Landorus-Therian|Landorus-Therian, M|382\/382
|switch|p2a: Azelf|Azelf|291\/291
|-ability|p1a: Landorus-Therian|Intimidate|[of] p2a: Azelf
|-unboost|p2a: Azelf|atk|1
|turn|1
|
|move|p2a: Azelf|Stealth Rock|p1a: Landorus-Therian
|-sidestart|p1: Jukain|move: Stealth Rock
|move|p1a: Landorus-Therian|U-turn|p2a: Azelf
|-supereffective|p2a: Azelf
|-damage|p2a: Azelf|73\/291
|join|RayDalio
|
|switch|p1a: Tyranitar|Tyranitar, F|341\/341
|-damage|p1a: Tyranitar|299\/341|[from] Stealth Rock
|-weather|Sandstorm
|
|-weather|Sandstorm|[upkeep]
|-damage|p2a: Azelf|55\/291|[from] sandstorm
|turn|2
|
|move|p1a: Tyranitar|Crunch|p2a: Azelf
|-supereffective|p2a: Azelf
|-damage|p2a: Azelf|0 fnt
|faint|p2a: Azelf
|
|-weather|Sandstorm|[upkeep]
|
|switch|p2a: Keldeo-Resolute|Keldeo-Resolute|323\/323
|turn|3
|
|switch|p1a: Starmie|Starmie|323\/323
|-damage|p1a: Starmie|283\/323|[from] Stealth Rock
|switch|p2a: Kyurem-Black|Kyurem-Black|391\/391
|-ability|p2a: Kyurem-Black|Teravolt
|
|-weather|Sandstorm|[upkeep]
|-damage|p1a: Starmie|263\/323|[from] sandstorm
|-damage|p2a: Kyurem-Black|367\/391|[from] sandstorm
|-heal|p1a: Starmie|283\/323|[from] item: Leftovers
|turn|4
|join|tmpu
|
|switch|p1a: Landorus-Therian|Landorus-Therian, M|382\/382
|-damage|p1a: Landorus-Therian|335\/382|[from] Stealth Rock
|-ability|p1a: Landorus-Therian|Intimidate|[of] p2a: Kyurem-Black
|-unboost|p2a: Kyurem-Black|atk|1
|move|p2a: Kyurem-Black|Fusion Bolt|p1a: Landorus-Therian
|-immune|p1a: Landorus-Therian|[msg]
|
|-weather|Sandstorm|[upkeep]
|-damage|p2a: Kyurem-Black|343\/391|[from] sandstorm
|-heal|p1a: Landorus-Therian|358\/382|[from] item: Leftovers
|turn|5
|
|switch|p1a: Mew|Mew|404\/404
|-damage|p1a: Mew|354\/404|[from] Stealth Rock
|move|p2a: Kyurem-Black|Ice Beam|p1a: Mew
|-damage|p1a: Mew|163\/404
|-status|p1a: Mew|frz
|-damage|p2a: Kyurem-Black|304\/391|[from] item: Life Orb
|
|-weather|none
|-heal|p1a: Mew|188\/404 frz|[from] item: Leftovers
|turn|6
|c|★Jukain|lol...
|c|★Nedor|:[
|
|move|p2a: Kyurem-Black|Ice Beam|p1a: Mew
|-damage|p1a: Mew|5\/404 frz
|-damage|p2a: Kyurem-Black|265\/391|[from] item: Life Orb
|cant|p1a: Mew|frz
|
|-heal|p1a: Mew|30\/404 frz|[from] item: Leftovers
|turn|7
|c|★Jukain|that's so dumb
|
|move|p2a: Kyurem-Black|Ice Beam|p1a: Mew
|-damage|p1a: Mew|0 fnt
|-damage|p2a: Kyurem-Black|226\/391|[from] item: Life Orb
|faint|p1a: Mew
|
|
|switch|p1a: Tyranitar|Tyranitar, F|299\/341
|-damage|p1a: Tyranitar|257\/341|[from] Stealth Rock
|-weather|Sandstorm
|turn|8
|c|★Nedor|freeze is retarded
|c|★Nedor|like why
|c|★Nedor|:[
|
|switch|p2a: Keldeo-Resolute|Keldeo-Resolute|323\/323
|move|p1a: Tyranitar|Stone Edge|p2a: Keldeo-Resolute|[miss]
|-miss|p1a: Tyranitar|p2a: Keldeo-Resolute
|
|-weather|Sandstorm|[upkeep]
|-damage|p2a: Keldeo-Resolute|303\/323|[from] sandstorm
|-heal|p2a: Keldeo-Resolute|323\/323|[from] item: Leftovers
|turn|9
|c|★Nedor|man
|join|Zenza
|c|★Jukain|fucking bullshit
|c|★Jukain|that mew was my answer
|c|★Jukain|to keldeo
|c|★Jukain|._.
|c|★Jukain|(subcm)
|c|★Jukain|it has psyshock for it
|join|boltsandbombers
|
|switch|p1a: Chesnaught|Chesnaught, F|322\/322
|-damage|p1a: Chesnaught|302\/322|[from] Stealth Rock
|move|p2a: Keldeo-Resolute|Secret Sword|p1a: Chesnaught
|-damage|p1a: Chesnaught|173\/322
|
|-weather|Sandstorm|[upkeep]
|-damage|p2a: Keldeo-Resolute|303\/323|[from] sandstorm
|-damage|p1a: Chesnaught|153\/322|[from] sandstorm
|-heal|p2a: Keldeo-Resolute|323\/323|[from] item: Leftovers
|-heal|p1a: Chesnaught|173\/322|[from] item: Leftovers
|turn|10
|join|RainPB
|
|switch|p2a: Latios|Latios, M|301\/301
|move|p1a: Chesnaught|Drain Punch|p2a: Latios
|-resisted|p2a: Latios
|-damage|p2a: Latios|229\/301
|-heal|p1a: Chesnaught|209\/322|[from] drain|[of] p2a: Latios
|
|-weather|Sandstorm|[upkeep]
|-damage|p2a: Latios|211\/301|[from] sandstorm
|-damage|p1a: Chesnaught|189\/322|[from] sandstorm
|-heal|p1a: Chesnaught|209\/322|[from] item: Leftovers
|turn|11
|
|switch|p2a: Keldeo-Resolute|Keldeo-Resolute|323\/323
|switch|p1a: Tyranitar|Tyranitar, F|257\/341
|-damage|p1a: Tyranitar|215\/341|[from] Stealth Rock
|
|-weather|Sandstorm|[upkeep]
|-damage|p2a: Keldeo-Resolute|303\/323|[from] sandstorm
|-heal|p2a: Keldeo-Resolute|323\/323|[from] item: Leftovers
|turn|12
|
|switch|p1a: Starmie|Starmie|283\/323
|-damage|p1a: Starmie|243\/323|[from] Stealth Rock
|move|p2a: Keldeo-Resolute|Secret Sword|p1a: Starmie
|-resisted|p1a: Starmie
|-damage|p1a: Starmie|152\/323
|
|-weather|none
|-heal|p1a: Starmie|172\/323|[from] item: Leftovers
|turn|13
|
|move|p1a: Starmie|Scald|p2a: Keldeo-Resolute
|-resisted|p2a: Keldeo-Resolute
|-damage|p2a: Keldeo-Resolute|276\/323
|move|p2a: Keldeo-Resolute|Substitute|p2a: Keldeo-Resolute
|-start|p2a: Keldeo-Resolute|Substitute
|-damage|p2a: Keldeo-Resolute|196\/323
|
|-heal|p1a: Starmie|192\/323|[from] item: Leftovers
|-heal|p2a: Keldeo-Resolute|216\/323|[from] item: Leftovers
|turn|14
|c|★Nedor|predicted a double
|c|★Jukain|zz
|c|★Jukain|that's game
|c|★Jukain|lucky garbage
|c| boltsandbombers|rip
|
|move|p1a: Starmie|Rapid Spin|p2a: Keldeo-Resolute
|-activate|p2a: Keldeo-Resolute|Substitute|[damage]
|-sideend|p1: Jukain|Stealth Rock|[from] move: Rapid Spin|[of] p1a: Starmie
|move|p2a: Keldeo-Resolute|Secret Sword|p1a: Starmie
|-resisted|p1a: Starmie
|-damage|p1a: Starmie|102\/323
|
|-heal|p1a: Starmie|122\/323|[from] item: Leftovers
|-heal|p2a: Keldeo-Resolute|236\/323|[from] item: Leftovers
|turn|15
|c|★Nedor|sorry juk :(
|c|★Jukain|shut the uck up
|
|move|p1a: Starmie|Scald|p2a: Keldeo-Resolute
|-resisted|p2a: Keldeo-Resolute
|-activate|p2a: Keldeo-Resolute|Substitute|[damage]
|move|p2a: Keldeo-Resolute|Calm Mind|p2a: Keldeo-Resolute
|-boost|p2a: Keldeo-Resolute|spa|1
|-boost|p2a: Keldeo-Resolute|spd|1
|
|-heal|p1a: Starmie|142\/323|[from] item: Leftovers
|-heal|p2a: Keldeo-Resolute|256\/323|[from] item: Leftovers
|turn|16
|
|move|p1a: Starmie|Scald|p2a: Keldeo-Resolute
|-resisted|p2a: Keldeo-Resolute
|-end|p2a: Keldeo-Resolute|Substitute
|move|p2a: Keldeo-Resolute|Calm Mind|p2a: Keldeo-Resolute
|-boost|p2a: Keldeo-Resolute|spa|1
|-boost|p2a: Keldeo-Resolute|spd|1
|
|-heal|p1a: Starmie|162\/323|[from] item: Leftovers
|-heal|p2a: Keldeo-Resolute|276\/323|[from] item: Leftovers
|turn|17
|
|move|p1a: Starmie|Scald|p2a: Keldeo-Resolute
|-resisted|p2a: Keldeo-Resolute
|-damage|p2a: Keldeo-Resolute|251\/323
|-status|p2a: Keldeo-Resolute|brn
|move|p2a: Keldeo-Resolute|Secret Sword|p1a: Starmie
|-resisted|p1a: Starmie
|-damage|p1a: Starmie|0 fnt
|faint|p1a: Starmie
|
|-heal|p2a: Keldeo-Resolute|271\/323 brn|[from] item: Leftovers
|-damage|p2a: Keldeo-Resolute|231\/323 brn|[from] brn
|
|switch|p1a: Chesnaught|Chesnaught, F|209\/322
|turn|18
|
|switch|p1a: Landorus-Therian|Landorus-Therian, M|358\/382
|-ability|p1a: Landorus-Therian|Intimidate|[of] p2a: Keldeo-Resolute
|-unboost|p2a: Keldeo-Resolute|atk|1
|move|p2a: Keldeo-Resolute|Secret Sword|p1a: Landorus-Therian
|-resisted|p1a: Landorus-Therian
|-damage|p1a: Landorus-Therian|235\/382
|
|-heal|p2a: Keldeo-Resolute|251\/323 brn|[from] item: Leftovers
|-heal|p1a: Landorus-Therian|258\/382|[from] item: Leftovers
|-damage|p2a: Keldeo-Resolute|211\/323 brn|[from] brn
|turn|19
|
|switch|p1a: Chesnaught|Chesnaught, F|209\/322
|move|p2a: Keldeo-Resolute|Scald|p1a: Chesnaught
|-resisted|p1a: Chesnaught
|-damage|p1a: Chesnaught|37\/322
|-status|p1a: Chesnaught|brn
|
|-heal|p2a: Keldeo-Resolute|231\/323 brn|[from] item: Leftovers
|-heal|p1a: Chesnaught|57\/322 brn|[from] item: Leftovers
|-damage|p2a: Keldeo-Resolute|191\/323 brn|[from] brn
|-damage|p1a: Chesnaught|17\/322 brn|[from] brn
|turn|20
|c|★Nedor|fuck i hate this game man
|
|move|p2a: Keldeo-Resolute|Scald|p1a: Chesnaught
|-crit|p1a: Chesnaught
|-resisted|p1a: Chesnaught
|-damage|p1a: Chesnaught|0 fnt
|faint|p1a: Chesnaught
|
|-heal|p2a: Keldeo-Resolute|211\/323 brn|[from] item: Leftovers
|-damage|p2a: Keldeo-Resolute|171\/323 brn|[from] brn
|
|switch|p1a: Tyranitar|Tyranitar, F|215\/341
|-weather|Sandstorm
|turn|21
|
|move|p1a: Tyranitar|Superpower|p2a: Keldeo-Resolute
|-damage|p2a: Keldeo-Resolute|14\/323 brn
|-unboost|p1a: Tyranitar|atk|1
|-unboost|p1a: Tyranitar|def|1
|move|p2a: Keldeo-Resolute|Scald|p1a: Tyranitar
|-supereffective|p1a: Tyranitar
|-damage|p1a: Tyranitar|0 fnt
|faint|p1a: Tyranitar
|
|-weather|Sandstorm|[upkeep]
|-damage|p2a: Keldeo-Resolute|0 fnt|[from] sandstorm
|faint|p2a: Keldeo-Resolute
|
|switch|p1a: Charizard|Charizard, M|297\/297
|switch|p2a: Kyurem-Black|Kyurem-Black|226\/391
|-ability|p2a: Kyurem-Black|Teravolt
|turn|22
|c|★Jukain|fuck did not get the roll
|c|★Jukain|well 'gg'
|
|detailschange|p1a: Charizard|Charizard-Mega-Y, M
|-mega|p1a: Charizard|Charizard|Charizardite Y
|-weather|SunnyDay
|move|p1a: Charizard|Flamethrower|p2a: Kyurem-Black
|-damage|p2a: Kyurem-Black|0 fnt
|faint|p2a: Kyurem-Black
|
|-weather|SunnyDay|[upkeep]
|
|switch|p2a: Thundurus|Thundurus, M|299\/299
|turn|23
|c|★Jukain|even tho there was nothing good about that game
|c|★Jukain|sigh...
|c|★Nedor|ik man I wanted a clean match..
|
|switch|p1a: Landorus-Therian|Landorus-Therian, M|258\/382
|-ability|p1a: Landorus-Therian|Intimidate|[of] p2a: Thundurus
|-unboost|p2a: Thundurus|atk|1
|move|p2a: Thundurus|Thunderbolt|p1a: Landorus-Therian
|-immune|p1a: Landorus-Therian|[msg]
|
|-weather|SunnyDay|[upkeep]
|-heal|p1a: Landorus-Therian|281\/382|[from] item: Leftovers
|turn|24
|
|switch|p1a: Charizard|Charizard-Mega-Y, M|297\/297
|move|p2a: Thundurus|Hidden Power|p1a: Charizard
|-damage|p1a: Charizard|216\/297
|-damage|p2a: Thundurus|270\/299|[from] item: Life Orb
|
|-weather|SunnyDay|[upkeep]
|turn|25
|
|switch|p1a: Landorus-Therian|Landorus-Therian, M|281\/382
|-ability|p1a: Landorus-Therian|Intimidate|[of] p2a: Thundurus
|-unboost|p2a: Thundurus|atk|1
|move|p2a: Thundurus|Thunderbolt|p1a: Landorus-Therian
|-immune|p1a: Landorus-Therian|[msg]
|
|-weather|SunnyDay|[upkeep]
|-heal|p1a: Landorus-Therian|304\/382|[from] item: Leftovers
|turn|26
|c| RainPB|lmao
|
|move|p2a: Thundurus|Hidden Power|p1a: Landorus-Therian
|-supereffective|p1a: Landorus-Therian
|-damage|p1a: Landorus-Therian|0 fnt
|-damage|p2a: Thundurus|241\/299|[from] item: Life Orb
|faint|p1a: Landorus-Therian
|
|-weather|none
|c|★Jukain|no point...
|c|★Jukain|no point trying to win
|c|★Jukain|vs lucky garbage
|-message|Jukain forfeited.
|
|win|Nedor
|raw|Ladder updating...
|raw|Jukain's rating: 1873 &rarr; <strong>1842<\/strong><br \/>(-31 for losing)
|raw|Nedor's rating: 1651 &rarr; <strong>1683<\/strong><br \/>(+32 for winning)
|leave|Jukain
|player|p1
|leave|Nedor
|player|p2
|leave|Zenza