|join|dragonrage00
|join|BallinAssNikka
|player|p1|dragonrage00|290
|player|p2|BallinAssNikka|274
|gametype|singles
|gen|6
|tier|OU
|rated
|clearpoke
|poke|p1|Greninja, F
|poke|p1|Tyranitar, F
|poke|p1|Thundurus, M
|poke|p1|Excadrill, M
|poke|p1|Venusaur, M
|poke|p1|Talonflame, M
|poke|p2|Azumarill, F
|poke|p2|Breloom, F
|poke|p2|Scizor, F
|poke|p2|Manectric, F
|poke|p2|Mamoswine, F
|poke|p2|Mew
|rule|Swagger Clause: Swagger is banned
|rule|Baton Pass Clause: Limit one Pokémon knowing Baton Pass
|rule|Sleep Clause Mod: Limit one foe put to sleep
|rule|Species Clause: Limit one of each Pokémon
|rule|OHKO Clause: OHKO moves are banned
|rule|Moody Clause: Moody is banned
|rule|Evasion Moves Clause: Evasion moves are banned
|rule|Endless Battle Clause: Forcing endless battles is banned
|rule|HP Percentage Mod: HP is shown in percentages
|teampreview
|
|start
|switch|p1a: Venusaur|Venusaur, M|364\/364
|switch|p2a: Mamoswine|Mamoswine, F|361\/361
|turn|1
|
|detailschange|p1a: Venusaur|Venusaur-Mega, M
|message|Venusaur has Mega Evolved into Mega Venusaur!
|move|p2a: Mamoswine|Stealth Rock|p1a: Venusaur
|-sidestart|p1: dragonrage00|move: Stealth Rock
|move|p1a: Venusaur|Giga Drain|p2a: Mamoswine
|-supereffective|p2a: Mamoswine
|-damage|p2a: Mamoswine|67\/361
|
|turn|2
|
|move|p2a: Mamoswine|Earthquake|p1a: Venusaur
|-damage|p1a: Venusaur|243\/364
|move|p1a: Venusaur|Sludge Bomb|p2a: Mamoswine
|-crit|p2a: Mamoswine
|-resisted|p2a: Mamoswine
|-damage|p2a: Mamoswine|0 fnt
|faint|p2a: Mamoswine
|
|
|switch|p2a: Scizor|Scizor, F|344\/344
|turn|3
|
|move|p1a: Venusaur|Hidden Power|p2a: Scizor
|-supereffective|p2a: Scizor
|-damage|p2a: Scizor|92\/344
|move|p2a: Scizor|U-turn|p1a: Venusaur
|-damage|p1a: Venusaur|111\/364
|
|switch|p2a: Mew|Mew|404\/404
|
|turn|4
|
|move|p2a: Mew|Will-O-Wisp|p1a: Venusaur
|-status|p1a: Venusaur|brn
|move|p1a: Venusaur|Synthesis|p1a: Venusaur
|-heal|p1a: Venusaur|293\/364 brn
|
|-damage|p1a: Venusaur|248\/364 brn|[from] brn
|turn|5
|
|switch|p1a: Tyranitar|Tyranitar, F|404\/404
|-damage|p1a: Tyranitar|354\/404|[from] Stealth Rock
|-weather|Sandstorm
|move|p2a: Mew|Soft-Boiled|p2a: Mew
|-fail|p2a: Mew
|
|-weather|Sandstorm|[upkeep]
|-damage|p2a: Mew|379\/404|[from] sandstorm
|-heal|p2a: Mew|404\/404|[from] item: Leftovers
|turn|6
|
|move|p2a: Mew|Will-O-Wisp|p1a: Tyranitar
|-status|p1a: Tyranitar|brn
|move|p1a: Tyranitar|Stealth Rock|p2a: Mew
|-sidestart|p2: BallinAssNikka|move: Stealth Rock
|
|-weather|Sandstorm|[upkeep]
|-damage|p2a: Mew|379\/404|[from] sandstorm
|-heal|p2a: Mew|404\/404|[from] item: Leftovers
|-damage|p1a: Tyranitar|304\/404 brn|[from] brn
|turn|7
|
|switch|p2a: Manectric|Manectric, F|281\/281
|-damage|p2a: Manectric|246\/281|[from] Stealth Rock
|switch|p1a: Greninja|Greninja, F|286\/286
|-damage|p1a: Greninja|251\/286|[from] Stealth Rock
|
|-weather|Sandstorm|[upkeep]
|-damage|p1a: Greninja|234\/286|[from] sandstorm
|-damage|p2a: Manectric|229\/281|[from] sandstorm
|turn|8
|
|detailschange|p2a: Manectric|Manectric-Mega, F
|message|Manectric has Mega Evolved into Mega Manectric!
|-ability|p2a: Manectric|Intimidate|[of] p1a: Greninja
|-unboost|p1a: Greninja|atk|1
|move|p1a: Greninja|Spikes|p2a: Manectric
|-start|p1a: Greninja|typechange|Ground|[from] Protean
|-sidestart|p2: BallinAssNikka|Spikes
|move|p2a: Manectric|Volt Switch|p1a: Greninja
|-immune|p1a: Greninja|[msg]
|
|-weather|Sandstorm|[upkeep]
|-damage|p2a: Manectric|212\/281|[from] sandstorm
|turn|9
|
|switch|p1a: Tyranitar|Tyranitar, F|304\/404 brn
|-damage|p1a: Tyranitar|254\/404 brn|[from] Stealth Rock
|move|p2a: Manectric|Flamethrower|p1a: Tyranitar
|-resisted|p1a: Tyranitar
|-damage|p1a: Tyranitar|227\/404 brn
|
|-weather|Sandstorm|[upkeep]
|-damage|p2a: Manectric|195\/281|[from] sandstorm
|-damage|p1a: Tyranitar|177\/404 brn|[from] brn
|turn|10
|
|move|p2a: Manectric|Volt Switch|p1a: Tyranitar
|-damage|p1a: Tyranitar|111\/404 brn
|
|move|p1a: Tyranitar|Pursuit|p2a: Manectric|[from]Pursuit
|-damage|p2a: Manectric|128\/281
|switch|p2a: Breloom|Breloom, F|262\/262
|-damage|p2a: Breloom|230\/262|[from] Spikes
|-damage|p2a: Breloom|214\/262|[from] Stealth Rock
|
|-weather|Sandstorm|[upkeep]
|-damage|p2a: Breloom|198\/262|[from] sandstorm
|-damage|p1a: Tyranitar|61\/404 brn|[from] brn
|turn|11
|
|switch|p1a: Venusaur|Venusaur-Mega, M|248\/364 brn
|-damage|p1a: Venusaur|203\/364 brn|[from] Stealth Rock
|move|p2a: Breloom|Swords Dance|p2a: Breloom
|-boost|p2a: Breloom|atk|2
|
|-weather|Sandstorm|[upkeep]
|-damage|p2a: Breloom|182\/262|[from] sandstorm
|-damage|p1a: Venusaur|181\/364 brn|[from] sandstorm
|-damage|p1a: Venusaur|136\/364 brn|[from] brn
|turn|12
|
|move|p2a: Breloom|Rock Tomb|p1a: Venusaur
|-damage|p1a: Venusaur|13\/364 brn
|-unboost|p1a: Venusaur|spe|1
|move|p1a: Venusaur|Sludge Bomb|p2a: Breloom
|-supereffective|p2a: Breloom
|-damage|p2a: Breloom|0 fnt
|faint|p2a: Breloom
|
|-weather|none
|-damage|p1a: Venusaur|0 fnt|[from] brn
|faint|p1a: Venusaur
|
|switch|p1a: Thundurus|Thundurus, M|299\/299
|-damage|p1a: Thundurus|225\/299|[from] Stealth Rock
|switch|p2a: Scizor|Scizor, F|92\/344
|-damage|p2a: Scizor|49\/344|[from] Spikes
|-damage|p2a: Scizor|6\/344|[from] Stealth Rock
|turn|13
|
|move|p2a: Scizor|Pursuit|p1a: Thundurus|[from]Pursuit
|-damage|p1a: Thundurus|0 fnt
|faint|p1a: Thundurus
|
|c|★BallinAssNikka|;)
|
|switch|p1a: Excadrill|Excadrill, M|362\/362
|-damage|p1a: Excadrill|351\/362|[from] Stealth Rock
|turn|14
|
|move|p1a: Excadrill|Rapid Spin|p2a: Scizor
|-resisted|p2a: Scizor
|-damage|p2a: Scizor|0 fnt
|-sideend|p1: dragonrage00|Stealth Rock|[from] move: Rapid Spin|[of] p1a: Excadrill
|-damage|p1a: Excadrill|315\/362|[from] item: Life Orb
|faint|p2a: Scizor
|
|
|switch|p2a: Manectric|Manectric-Mega, F|128\/281
|-damage|p2a: Manectric|93\/281|[from] Spikes
|-damage|p2a: Manectric|58\/281|[from] Stealth Rock
|-ability|p2a: Manectric|Intimidate|[of] p1a: Excadrill
|-unboost|p1a: Excadrill|atk|1
|turn|15
|c|★dragonrage00|its ok
|
|switch|p1a: Tyranitar|Tyranitar, F|61\/404 brn
|-weather|Sandstorm
|move|p2a: Manectric|Flamethrower|p1a: Tyranitar
|-resisted|p1a: Tyranitar
|-damage|p1a: Tyranitar|32\/404 brn
|
|-weather|Sandstorm|[upkeep]
|-damage|p2a: Manectric|41\/281|[from] sandstorm
|-damage|p1a: Tyranitar|0 fnt|[from] brn
|faint|p1a: Tyranitar
|
|switch|p1a: Excadrill|Excadrill, M|315\/362
|turn|16
|
|move|p1a: Excadrill|Earthquake|p2a: Manectric
|-supereffective|p2a: Manectric
|-damage|p2a: Manectric|0 fnt
|-damage|p1a: Excadrill|279\/362|[from] item: Life Orb
|faint|p2a: Manectric
|
|-weather|Sandstorm|[upkeep]
|
|switch|p2a: Mew|Mew|404\/404
|-damage|p2a: Mew|354\/404|[from] Stealth Rock
|-damage|p2a: Mew|304\/404|[from] Spikes
|turn|17
|
|move|p1a: Excadrill|Earthquake|p2a: Mew
|-damage|p2a: Mew|41\/404
|-damage|p1a: Excadrill|243\/362|[from] item: Life Orb
|move|p2a: Mew|Will-O-Wisp|p1a: Excadrill
|-status|p1a: Excadrill|brn
|
|-weather|Sandstorm|[upkeep]
|-damage|p2a: Mew|16\/404|[from] sandstorm
|-heal|p2a: Mew|41\/404|[from] item: Leftovers
|-damage|p1a: Excadrill|198\/362 brn|[from] brn
|turn|18
|
|move|p1a: Excadrill|Earthquake|p2a: Mew
|-damage|p2a: Mew|0 fnt
|-damage|p1a: Excadrill|162\/362 brn|[from] item: Life Orb
|faint|p2a: Mew
|
|-weather|Sandstorm|[upkeep]
|-damage|p1a: Excadrill|117\/362 brn|[from] brn
|
|switch|p2a: Azumarill|Azumarill, F|342\/342
|-damage|p2a: Azumarill|300\/342|[from] Stealth Rock
|-damage|p2a: Azumarill|258\/342|[from] Spikes
|turn|19
|
|move|p2a: Azumarill|Aqua Jet|p1a: Excadrill
|-supereffective|p1a: Excadrill
|-damage|p1a: Excadrill|0 fnt
|faint|p1a: Excadrill
|
|-weather|Sandstorm|[upkeep]
|-damage|p2a: Azumarill|237\/342|[from] sandstorm
|
|switch|p1a: Greninja|Greninja, F|234\/286
|turn|20
|
|move|p1a: Greninja|Extrasensory|p2a: Azumarill
|-start|p1a: Greninja|typechange|Psychic|[from] Protean
|-damage|p2a: Azumarill|142\/342
|-damage|p1a: Greninja|206\/286|[from] item: Life Orb
|move|p2a: Azumarill|Play Rough|p1a: Greninja|[miss]
|-miss|p2a: Azumarill|p1a: Greninja
|
|-weather|Sandstorm|[upkeep]
|-damage|p1a: Greninja|189\/286|[from] sandstorm
|-damage|p2a: Azumarill|121\/342|[from] sandstorm
|turn|21
|c|★BallinAssNikka|lol
|c|★BallinAssNikka|ive used the move twice since making this team
|c|★BallinAssNikka|two misses
|leave|BallinAssNikka
|player|p2
|c|★dragonrage00|didnt matter at all since talon has the game anyway
|c|★dragonrage00|and since u rage quit for no reason
|c|★dragonrage00|im saving this
|-message|ballinassnikka lost due to inactivity.
|
|win|dragonrage00
|raw|Ladder updating...
|raw|dragonrage00's rating: 1621 &rarr; <strong>1638<\/strong><br \/>(+17 for winning)
|raw|BallinAssNikka's rating: 1557 &rarr; <strong>1541<\/strong><br \/>(-16 for losing)