|join|Arsene x Mourinho
|join|Dark Side of Moon
|player|p1|Arsene x Mourinho|169
|player|p2|Dark Side of Moon|161
|gametype|singles
|gen|6
|tier|OU
|rated
|clearpoke
|poke|p1|Kyurem-Black
|poke|p1|Landorus-Therian, M
|poke|p1|Chandelure, M
|poke|p1|Scizor, M
|poke|p1|Smeargle, M
|poke|p1|Azelf
|poke|p2|Garchomp, M
|poke|p2|Rotom-Wash
|poke|p2|Tyranitar, M, shiny
|poke|p2|Clefable, F, shiny
|poke|p2|Excadrill, M, shiny
|poke|p2|Greninja, M, shiny
|rule|Swagger Clause: Swagger is banned
|rule|Baton Pass Clause: Limit one Pokémon knowing Baton Pass
|rule|Sleep Clause Mod: Limit one foe put to sleep
|rule|Species Clause: Limit one of each Pokémon
|rule|OHKO Clause: OHKO moves are banned
|rule|Moody Clause: Moody is banned
|rule|Evasion Moves Clause: Evasion moves are banned
|rule|Endless Battle Clause: Forcing endless battles is banned
|rule|HP Percentage Mod: HP is shown in percentages
|teampreview
|c|★Arsene x Mourinho|do you like pink floyd
|c|★Dark Side of Moon|i named myself after their albums for no reason
|c|★Dark Side of Moon|ofc i do
|
|start
|switch|p1a: GuyFawkes|Azelf|354\/354
|switch|p2a: Rept4r|Tyranitar, M, shiny|404\/404
|-weather|Sandstorm
|turn|1
|join|greatgiginthesky
|c|★Arsene x Mourinho|you forgot the the
|c|★Dark Side of Moon|it was taken
|c|★Arsene x Mourinho|which you can fit in without spaces
|c|★Arsene x Mourinho|oh
|c|★Arsene x Mourinho|ofc
|c| greatgiginthesky|i don't like chelsea
|
|move|p1a: GuyFawkes|Stealth Rock|p2a: Rept4r
|-sidestart|p2: Dark Side of Moon|move: Stealth Rock
|move|p2a: Rept4r|Stealth Rock|p1a: GuyFawkes
|-sidestart|p1: Arsene x Mourinho|move: Stealth Rock
|
|-weather|Sandstorm|[upkeep]
|-damage|p1a: GuyFawkes|332\/354|[from] sandstorm
|turn|2
|
|move|p1a: GuyFawkes|Taunt|p2a: Rept4r
|-start|p2a: Rept4r|move: Taunt
|move|p2a: Rept4r|Pursuit|p1a: GuyFawkes
|-supereffective|p1a: GuyFawkes
|-damage|p1a: GuyFawkes|162\/354
|
|-weather|Sandstorm|[upkeep]
|-damage|p1a: GuyFawkes|140\/354|[from] sandstorm
|turn|3
|
|move|p1a: GuyFawkes|Knock Off|p2a: Rept4r
|-resisted|p2a: Rept4r
|-damage|p2a: Rept4r|361\/404
|-enditem|p2a: Rept4r|Smooth Rock|[from] move: Knock Off|[of] p1a: GuyFawkes
|move|p2a: Rept4r|Pursuit|p1a: GuyFawkes
|-supereffective|p1a: GuyFawkes
|-damage|p1a: GuyFawkes|0 fnt
|faint|p1a: GuyFawkes
|
|-weather|Sandstorm|[upkeep]
|
|switch|p1a: xOGF41rySlyer69x|Scizor, M|344\/344
|-damage|p1a: xOGF41rySlyer69x|301\/344|[from] Stealth Rock
|turn|4
|
|switch|p2a: Bounty|Rotom-Wash|303\/303
|-damage|p2a: Bounty|266\/303|[from] Stealth Rock
|detailschange|p1a: xOGF41rySlyer69x|Scizor-Mega, M
|message|Scizor has Mega Evolved into Mega Scizor!
|move|p1a: xOGF41rySlyer69x|Defog|p2a: Bounty
|-unboost|p2a: Bounty|evasion|1
|-sideend|p2: Dark Side of Moon|Stealth Rock|[from] move: Defog|[of] p2a: Bounty
|-sideend|p1: Arsene x Mourinho|Stealth Rock|[from] move: Defog|[of] p1a: xOGF41rySlyer69x
|
|-weather|Sandstorm|[upkeep]
|-damage|p2a: Bounty|248\/303|[from] sandstorm
|-heal|p2a: Bounty|266\/303|[from] item: Leftovers
|turn|5
|join|OU Easiest tier
|
|switch|p1a: Es "Nuke"|Chandelure, M|262\/262
|move|p2a: Bounty|Will-O-Wisp|p1a: Es "Nuke"
|-fail|p1a: Es "Nuke"
|
|-weather|Sandstorm|[upkeep]
|-damage|p1a: Es "Nuke"|246\/262|[from] sandstorm
|-damage|p2a: Bounty|248\/303|[from] sandstorm
|-heal|p2a: Bounty|266\/303|[from] item: Leftovers
|turn|6
|
|move|p1a: Es "Nuke"|Substitute|p1a: Es "Nuke"
|-start|p1a: Es "Nuke"|Substitute
|-damage|p1a: Es "Nuke"|181\/262
|move|p2a: Bounty|Volt Switch|p1a: Es "Nuke"
|-end|p1a: Es "Nuke"|Substitute
|
|switch|p2a: Gargantuar|Garchomp, M|358\/358
|
|-weather|Sandstorm|[upkeep]
|-damage|p1a: Es "Nuke"|165\/262|[from] sandstorm
|turn|7
|join|Sergeant of Doakes
|c| Sergeant of Doakes|Dark side of the moon...
|c| Sergeant of Doakes|Really
|c| Sergeant of Doakes|just cause I'm black
|c|★Dark Side of Moon|yes
|c|★Dark Side of Moon|thats why
|c| Sergeant of Doakes|Why you gotta be so judgmental man?
|
|switch|p1a: Future Uber|Landorus-Therian, M|320\/320
|-ability|p1a: Future Uber|Intimidate|[of] p2a: Gargantuar
|-unboost|p2a: Gargantuar|atk|1
|detailschange|p2a: Gargantuar|Garchomp-Mega, M
|message|Garchomp has Mega Evolved into Mega Garchomp!
|move|p2a: Gargantuar|Stone Edge|p1a: Future Uber|[miss]
|-miss|p2a: Gargantuar|p1a: Future Uber
|
|-weather|Sandstorm|[upkeep]
|turn|8
|c| Sergeant of Doakes|I'm not even like oil black mate, I'm fucking KFC skin tone
|c| OU Easiest tier|24-3 lol
|
|switch|p2a: Fairy Land|Clefable, F, shiny|391\/391
|move|p1a: Future Uber|Stealth Rock|p2a: Fairy Land
|-sidestart|p2: Dark Side of Moon|move: Stealth Rock
|
|-weather|none
|turn|9
|c| OU Easiest tier|doakes are you actually black?
|
|move|p1a: Future Uber|U-turn|p2a: Fairy Land
|-resisted|p2a: Fairy Land
|-damage|p2a: Fairy Land|346\/391
|c| Sergeant of Doakes|Yeah mate, I am 
|
|switch|p1a: xOGF41rySlyer69x|Scizor-Mega, M|301\/344
|move|p2a: Fairy Land|Calm Mind|p2a: Fairy Land
|-boost|p2a: Fairy Land|spa|1
|-boost|p2a: Fairy Land|spd|1
|
|-heal|p2a: Fairy Land|370\/391|[from] item: Leftovers
|turn|10
|c| OU Easiest tier|is your gf black too?
|
|move|p1a: xOGF41rySlyer69x|Swords Dance|p1a: xOGF41rySlyer69x
|-boost|p1a: xOGF41rySlyer69x|atk|2
|move|p2a: Fairy Land|Flamethrower|p1a: xOGF41rySlyer69x
|-crit|p1a: xOGF41rySlyer69x
|-supereffective|p1a: xOGF41rySlyer69x
|-damage|p1a: xOGF41rySlyer69x|0 fnt
|faint|p1a: xOGF41rySlyer69x
|
|-heal|p2a: Fairy Land|391\/391|[from] item: Leftovers
|c| Sergeant of Doakes|Ah nah
|c|★Arsene x Mourinho|eh
|c| Sergeant of Doakes|she's asian
|c|★Arsene x Mourinho|ew
|c| OU Easiest tier|...
|
|switch|p1a: DatStickyIcky|Smeargle, M|314\/314
|turn|11
|c| OU Easiest tier|she would be
|c|★Arsene x Mourinho|at the ft lol
|
|switch|p2a: Rept4r|Tyranitar, M, shiny|361\/404
|-damage|p2a: Rept4r|311\/404|[from] Stealth Rock
|-weather|Sandstorm
|move|p1a: DatStickyIcky|Shell Smash|p1a: DatStickyIcky
|-boost|p1a: DatStickyIcky|atk|2
|-boost|p1a: DatStickyIcky|spa|2
|-boost|p1a: DatStickyIcky|spe|2
|-unboost|p1a: DatStickyIcky|def|1
|-unboost|p1a: DatStickyIcky|spd|1
|
|-weather|Sandstorm|[upkeep]
|-damage|p1a: DatStickyIcky|295\/314|[from] sandstorm
|turn|12
|c| Sergeant of Doakes|I just don't like the appearance of black females and the ratchetry they bring
|
|move|p1a: DatStickyIcky|Spore|p2a: Rept4r
|-status|p2a: Rept4r|slp
|cant|p2a: Rept4r|slp
|
|-weather|Sandstorm|[upkeep]
|-damage|p1a: DatStickyIcky|276\/314|[from] sandstorm
|turn|13
|c| OU Easiest tier|that's why you go white
|
|move|p1a: DatStickyIcky|Baton Pass|p1a: DatStickyIcky
|c| OU Easiest tier|not fucking asian m8
|c| Sergeant of Doakes|Plus they're so damn unsophisticated 
|
|switch|p1a: Kyurem-Black|Kyurem-Black|391\/391
|-ability|p1a: Kyurem-Black|Teravolt
|-enditem|p1a: Kyurem-Black|White Herb
|-restoreboost|p1a: Kyurem-Black|[silent]
|cant|p2a: Rept4r|slp
|
|-weather|Sandstorm|[upkeep]
|-damage|p1a: Kyurem-Black|367\/391|[from] sandstorm
|turn|14
|c| Sergeant of Doakes|I hate thick white girls :O
|c|★Arsene x Mourinho|black bitches are soooooooooooo beat
|c| OU Easiest tier|why would anyone go thick tho
|c|★Arsene x Mourinho|can we all bond over that?
|
|move|p1a: Kyurem-Black|Dragon Claw|p2a: Rept4r
|-damage|p2a: Rept4r|0 fnt
|faint|p2a: Rept4r
|
|-weather|Sandstorm|[upkeep]
|-damage|p1a: Kyurem-Black|343\/391|[from] sandstorm
|
|switch|p2a: Fairy Land|Clefable, F, shiny|391\/391
|turn|15
|
|move|p1a: Kyurem-Black|Fusion Bolt|p2a: Fairy Land
|-damage|p2a: Fairy Land|117\/391
|move|p2a: Fairy Land|Moonblast|p1a: Kyurem-Black
|-supereffective|p1a: Kyurem-Black
|-damage|p1a: Kyurem-Black|61\/391
|
|-weather|none
|-heal|p2a: Fairy Land|141\/391|[from] item: Leftovers
|turn|16
|c| OU Easiest tier|asz chicks are as bottom tier as black chicks as far as im concerned
|c| Sergeant of Doakes|What do you mean by beat arsene?
|c| OU Easiest tier|beat = hit = aesthetically deficient
|c|★Arsene x Mourinho|kyurem you fucking hero
|c| Sergeant of Doakes|Ah 
|c|★Dark Side of Moon|what a dumb win
|
|move|p1a: Kyurem-Black|Fusion Bolt|p2a: Fairy Land
|-damage|p2a: Fairy Land|0 fnt
|faint|p2a: Fairy Land
|
|c| Sergeant of Doakes|Kyurem B is fucking life man
|
|switch|p2a: Dig Dug|Excadrill, M, shiny|361\/361
|-damage|p2a: Dig Dug|350\/361|[from] Stealth Rock
|turn|17
|c| Sergeant of Doakes|Wrecks shop, tried it on an ou session mate
|
|move|p1a: Kyurem-Black|Earth Power|p2a: Dig Dug
|-supereffective|p2a: Dig Dug
|-damage|p2a: Dig Dug|0 fnt
|faint|p2a: Dig Dug
|
|c| OU Easiest tier|dark all you had to do was play better m8
|c|★Dark Side of Moon|ur a nobody ^
|c| OU Easiest tier|ur a scrub
|-message|Dark Side of Moon forfeited.
|
|win|Arsene x Mourinho
|raw|Ladder updating...
|raw|Arsene x Mourinho's rating: 1408 &rarr; <strong>1433<\/strong><br \/>(+25 for winning)
|raw|Dark Side of Moon's rating: 1487 &rarr; <strong>1463<\/strong><br \/>(-24 for losing)
|leave|Dark Side of Moon
|player|p2
|c| OU Easiest tier|boi
|c|★Arsene x Mourinho|maybe if you didnt use a gay sand team i'd feel bad
|c|★Arsene x Mourinho|lmao sit the fuck down
|c|★Arsene x Mourinho|so outplayed
|c| Sergeant of Doakes|leave my frens alone dark
|leave|greatgiginthesky