|join|Dark Side of Moon
|join|GrenoGGa
|player|p1|Dark Side of Moon|161
|player|p2|GrenoGGa|265
|gametype|singles
|gen|6
|tier|OU
|rated
|clearpoke
|poke|p1|Sableye, M
|poke|p1|Amoonguss, F, shiny
|poke|p1|Quagsire, M
|poke|p1|Clefable, F, shiny
|poke|p1|Chansey, F
|poke|p1|Skarmory, M
|poke|p2|Gardevoir, M
|poke|p2|Keldeo
|poke|p2|Bisharp, M
|poke|p2|Heatran, F
|poke|p2|Shaymin
|poke|p2|Gliscor, M
|rule|Swagger Clause: Swagger is banned
|rule|Baton Pass Clause: Limit one Pokémon knowing Baton Pass
|rule|Sleep Clause Mod: Limit one foe put to sleep
|rule|Species Clause: Limit one of each Pokémon
|rule|OHKO Clause: OHKO moves are banned
|rule|Moody Clause: Moody is banned
|rule|Evasion Moves Clause: Evasion moves are banned
|rule|Endless Battle Clause: Forcing endless battles is banned
|rule|HP Percentage Mod: HP is shown in percentages
|teampreview
|join|Kawhii Leonard
|
|start
|switch|p1a: Chansey|Chansey, F|681\/681
|switch|p2a: Gardevoir|Gardevoir, M|277\/277
|-ability|p2a: Gardevoir|Natural Cure|[from] ability: Trace|[of] p1a: Chansey
|turn|1
|
|switch|p2a: Gliscor|Gliscor, M|353\/353
|move|p1a: Chansey|Seismic Toss|p2a: Gliscor
|-damage|p2a: Gliscor|253\/353
|
|-status|p2a: Gliscor|tox|[from] item: Toxic Orb
|turn|2
|join|MahoukA
|
|switch|p1a: Amoonguss|Amoonguss, F, shiny|432\/432
|move|p2a: Gliscor|Taunt|p1a: Amoonguss
|-start|p1a: Amoonguss|move: Taunt
|
|-heal|p2a: Gliscor|297\/353 tox|[from] ability: Poison Heal
|turn|3
|
|switch|p1a: Sableye|Sableye, M|304\/304
|move|p2a: Gliscor|Knock Off|p1a: Sableye
|-damage|p1a: Sableye|261\/304
|
|-heal|p2a: Gliscor|341\/353 tox|[from] ability: Poison Heal
|turn|4
|
|switch|p2a: Gardevoir|Gardevoir, M|277\/277
|-ability|p2a: Gardevoir|Prankster|[from] ability: Trace|[of] p1a: Sableye
|detailschange|p1a: Sableye|Sableye-Mega, M
|message|Sableye has Mega Evolved into Mega Sableye!
|move|p1a: Sableye|Knock Off|p2a: Gardevoir
|-crit|p2a: Gardevoir
|-damage|p2a: Gardevoir|145\/277
|
|turn|5
|
|switch|p2a: Heatran|Heatran, F|385\/385
|switch|p1a: Chansey|Chansey, F|681\/681
|
|turn|6
|
|move|p2a: Heatran|Lava Plume|p1a: Chansey
|-damage|p1a: Chansey|620\/681
|move|p1a: Chansey|Stealth Rock|p2a: Heatran
|-sidestart|p2: GrenoGGa|move: Stealth Rock
|
|turn|7
|
|switch|p1a: Sableye|Sableye-Mega, M|261\/304
|move|p2a: Heatran|Lava Plume|p1a: Sableye
|-damage|p1a: Sableye|159\/304
|
|turn|8
|
|move|p2a: Heatran|Lava Plume|p1a: Sableye
|-damage|p1a: Sableye|50\/304
|move|p1a: Sableye|Recover|p1a: Sableye
|-heal|p1a: Sableye|202\/304
|
|turn|9
|
|move|p2a: Heatran|Lava Plume|p1a: Sableye
|-damage|p1a: Sableye|97\/304
|move|p1a: Sableye|Recover|p1a: Sableye
|-heal|p1a: Sableye|249\/304
|
|turn|10
|
|move|p2a: Heatran|Lava Plume|p1a: Sableye
|-damage|p1a: Sableye|146\/304
|move|p1a: Sableye|Knock Off|p2a: Heatran
|-damage|p2a: Heatran|295\/385
|-enditem|p2a: Heatran|Leftovers|[from] move: Knock Off|[of] p1a: Sableye
|
|turn|11
|
|move|p2a: Heatran|Lava Plume|p1a: Sableye
|-damage|p1a: Sableye|35\/304
|move|p1a: Sableye|Recover|p1a: Sableye
|-heal|p1a: Sableye|187\/304
|
|turn|12
|
|switch|p1a: Chansey|Chansey, F|620\/681
|move|p2a: Heatran|Lava Plume|p1a: Chansey
|-damage|p1a: Chansey|551\/681
|
|turn|13
|
|move|p2a: Heatran|Stealth Rock|p1a: Chansey
|-sidestart|p1: Dark Side of Moon|move: Stealth Rock
|move|p1a: Chansey|Wish|p1a: Chansey
|
|turn|14
|
|switch|p2a: Gliscor|Gliscor, M|341\/353 tox
|-damage|p2a: Gliscor|297\/353 tox|[from] Stealth Rock
|switch|p1a: Sableye|Sableye-Mega, M|187\/304
|-damage|p1a: Sableye|149\/304|[from] Stealth Rock
|
|-heal|p1a: Sableye|304\/304|[from] move: Wish|[wisher] Chansey
|-heal|p2a: Gliscor|341\/353 tox|[from] ability: Poison Heal
|turn|15
|join|sugarhigh
|c| sugarhigh|are u mob
|c| sugarhigh|?
|c|★Dark Side of Moon|yas
|
|move|p2a: Gliscor|Earthquake|p1a: Sableye
|-damage|p1a: Sableye|240\/304
|move|p1a: Sableye|Knock Off|p2a: Gliscor
|-damage|p2a: Gliscor|274\/353 tox
|-enditem|p2a: Gliscor|Toxic Orb|[from] move: Knock Off|[of] p1a: Sableye
|
|-heal|p2a: Gliscor|318\/353 tox|[from] ability: Poison Heal
|turn|16
|c| sugarhigh|ah kk
|c| sugarhigh|jus wonderin
|
|move|p2a: Gliscor|Earthquake|p1a: Sableye
|-damage|p1a: Sableye|168\/304
|move|p1a: Sableye|Knock Off|p2a: Gliscor
|-damage|p2a: Gliscor|270\/353 tox
|
|-heal|p2a: Gliscor|314\/353 tox|[from] ability: Poison Heal
|turn|17
|
|move|p2a: Gliscor|Knock Off|p1a: Sableye
|-damage|p1a: Sableye|137\/304
|move|p1a: Sableye|Recover|p1a: Sableye
|-heal|p1a: Sableye|289\/304
|
|-heal|p2a: Gliscor|353\/353 tox|[from] ability: Poison Heal
|turn|18
|
|move|p2a: Gliscor|Knock Off|p1a: Sableye
|-damage|p1a: Sableye|259\/304
|move|p1a: Sableye|Foul Play|p2a: Gliscor
|-damage|p2a: Gliscor|266\/353 tox
|
|-heal|p2a: Gliscor|310\/353 tox|[from] ability: Poison Heal
|turn|19
|
|move|p2a: Gliscor|Knock Off|p1a: Sableye
|-damage|p1a: Sableye|228\/304
|move|p1a: Sableye|Foul Play|p2a: Gliscor
|-damage|p2a: Gliscor|234\/353 tox
|
|-heal|p2a: Gliscor|278\/353 tox|[from] ability: Poison Heal
|turn|20
|
|move|p2a: Gliscor|Knock Off|p1a: Sableye
|-damage|p1a: Sableye|200\/304
|move|p1a: Sableye|Foul Play|p2a: Gliscor
|-damage|p2a: Gliscor|191\/353 tox
|
|-heal|p2a: Gliscor|235\/353 tox|[from] ability: Poison Heal
|turn|21
|
|move|p2a: Gliscor|Roost|p2a: Gliscor
|-heal|p2a: Gliscor|353\/353 tox
|move|p1a: Sableye|Foul Play|p2a: Gliscor
|-damage|p2a: Gliscor|271\/353 tox
|
|-heal|p2a: Gliscor|315\/353 tox|[from] ability: Poison Heal
|turn|22
|
|move|p2a: Gliscor|Earthquake|p1a: Sableye
|-damage|p1a: Sableye|136\/304
|move|p1a: Sableye|Foul Play|p2a: Gliscor
|-damage|p2a: Gliscor|230\/353 tox
|
|-heal|p2a: Gliscor|274\/353 tox|[from] ability: Poison Heal
|turn|23
|
|move|p2a: Gliscor|Knock Off|p1a: Sableye
|-damage|p1a: Sableye|105\/304
|move|p1a: Sableye|Recover|p1a: Sableye
|-heal|p1a: Sableye|257\/304
|
|-heal|p2a: Gliscor|318\/353 tox|[from] ability: Poison Heal
|turn|24
|
|move|p2a: Gliscor|Knock Off|p1a: Sableye
|-damage|p1a: Sableye|225\/304
|move|p1a: Sableye|Foul Play|p2a: Gliscor
|-damage|p2a: Gliscor|236\/353 tox
|
|-heal|p2a: Gliscor|280\/353 tox|[from] ability: Poison Heal
|turn|25
|
|move|p2a: Gliscor|Knock Off|p1a: Sableye
|-damage|p1a: Sableye|195\/304
|move|p1a: Sableye|Foul Play|p2a: Gliscor
|-damage|p2a: Gliscor|207\/353 tox
|
|-heal|p2a: Gliscor|251\/353 tox|[from] ability: Poison Heal
|turn|26
|
|move|p2a: Gliscor|Knock Off|p1a: Sableye
|-damage|p1a: Sableye|167\/304
|move|p1a: Sableye|Recover|p1a: Sableye
|-heal|p1a: Sableye|304\/304
|
|-heal|p2a: Gliscor|295\/353 tox|[from] ability: Poison Heal
|turn|27
|
|move|p2a: Gliscor|Knock Off|p1a: Sableye
|-damage|p1a: Sableye|272\/304
|move|p1a: Sableye|Foul Play|p2a: Gliscor
|-damage|p2a: Gliscor|214\/353 tox
|
|-heal|p2a: Gliscor|258\/353 tox|[from] ability: Poison Heal
|turn|28
|
|move|p2a: Gliscor|Earthquake|p1a: Sableye
|-damage|p1a: Sableye|200\/304
|move|p1a: Sableye|Foul Play|p2a: Gliscor
|-damage|p2a: Gliscor|179\/353 tox
|
|-heal|p2a: Gliscor|223\/353 tox|[from] ability: Poison Heal
|turn|29
|
|move|p2a: Gliscor|Roost|p2a: Gliscor
|-heal|p2a: Gliscor|353\/353 tox
|move|p1a: Sableye|Foul Play|p2a: Gliscor
|-crit|p2a: Gliscor
|-damage|p2a: Gliscor|226\/353 tox
|
|-heal|p2a: Gliscor|270\/353 tox|[from] ability: Poison Heal
|turn|30
|
|move|p2a: Gliscor|Earthquake|p1a: Sableye
|-damage|p1a: Sableye|130\/304
|move|p1a: Sableye|Foul Play|p2a: Gliscor
|-damage|p2a: Gliscor|188\/353 tox
|
|-heal|p2a: Gliscor|232\/353 tox|[from] ability: Poison Heal
|turn|31
|
|switch|p2a: Gardevoir|Gardevoir, M|145\/277
|-damage|p2a: Gardevoir|111\/277|[from] Stealth Rock
|-ability|p2a: Gardevoir|Magic Bounce|[from] ability: Trace|[of] p1a: Sableye
|move|p1a: Sableye|Recover|p1a: Sableye
|-heal|p1a: Sableye|282\/304
|
|turn|32
|
|switch|p1a: Skarmory|Skarmory, M|333\/333
|-damage|p1a: Skarmory|292\/333|[from] Stealth Rock
|detailschange|p2a: Gardevoir|Gardevoir-Mega, M
|message|Gardevoir has Mega Evolved into Mega Gardevoir!
|move|p2a: Gardevoir|Psyshock|p1a: Skarmory
|-resisted|p1a: Skarmory
|-damage|p1a: Skarmory|239\/333
|
|turn|33
|
|switch|p1a: Chansey|Chansey, F|551\/681
|-damage|p1a: Chansey|466\/681|[from] Stealth Rock
|move|p2a: Gardevoir|Future Sight|p1a: Chansey
|-start|p2a: Gardevoir|move: Future Sight
|
|turn|34
|
|switch|p2a: Bisharp|Bisharp, M|271\/271
|-damage|p2a: Bisharp|255\/271|[from] Stealth Rock
|move|p1a: Chansey|Seismic Toss|p2a: Bisharp
|-damage|p2a: Bisharp|155\/271
|
|turn|35
|
|switch|p1a: Sableye|Sableye-Mega, M|282\/304
|-damage|p1a: Sableye|244\/304|[from] Stealth Rock
|move|p2a: Bisharp|Swords Dance|p2a: Bisharp
|-boost|p2a: Bisharp|atk|2
|
|-end|p1a: Sableye|move: Future Sight
|-immune|p1a: Sableye|[msg]
|-fail|p1a: Sableye
|turn|36
|join|TheTurtleLord
|
|switch|p1a: Quagsire|Quagsire, M|394\/394
|-damage|p1a: Quagsire|370\/394|[from] Stealth Rock
|move|p2a: Bisharp|Iron Head|p1a: Quagsire
|-resisted|p1a: Quagsire
|-damage|p1a: Quagsire|313\/394
|
|-heal|p1a: Quagsire|337\/394|[from] item: Leftovers
|turn|37
|c| TheTurtleLord|this mob?
|
|switch|p2a: Shaymin|Shaymin|403\/403
|-damage|p2a: Shaymin|353\/403|[from] Stealth Rock
|move|p1a: Quagsire|Earthquake|p2a: Shaymin
|-resisted|p2a: Shaymin
|-damage|p2a: Shaymin|304\/403
|
|-heal|p2a: Shaymin|329\/403|[from] item: Leftovers
|-heal|p1a: Quagsire|361\/394|[from] item: Leftovers
|turn|38
|c|★Dark Side of Moon|ye
|
|switch|p1a: Amoonguss|Amoonguss, F, shiny|432\/432
|-damage|p1a: Amoonguss|378\/432|[from] Stealth Rock
|move|p2a: Shaymin|Leech Seed|p1a: Amoonguss
|-immune|p1a: Amoonguss|[msg]
|
|-heal|p2a: Shaymin|354\/403|[from] item: Leftovers
|-heal|p1a: Amoonguss|405\/432|[from] item: Black Sludge
|turn|39
|c| TheTurtleLord|i knew because you have good taste in music
|c|★Dark Side of Moon|haha ty
|
|move|p2a: Shaymin|Protect|p2a: Shaymin
|-singleturn|p2a: Shaymin|Protect
|move|p1a: Amoonguss|Clear Smog|p2a: Shaymin
|-activate|p2a: Shaymin|Protect
|
|-heal|p2a: Shaymin|379\/403|[from] item: Leftovers
|-heal|p1a: Amoonguss|432\/432|[from] item: Black Sludge
|turn|40
|
|move|p2a: Shaymin|Hidden Power|p1a: Amoonguss
|-supereffective|p1a: Amoonguss
|-damage|p1a: Amoonguss|328\/432
|move|p1a: Amoonguss|Spore|p2a: Shaymin
|-fail|p2a: Shaymin
|
|-heal|p2a: Shaymin|403\/403|[from] item: Leftovers
|-heal|p1a: Amoonguss|355\/432|[from] item: Black Sludge
|turn|41
|
|switch|p2a: Gliscor|Gliscor, M|232\/353 tox
|-damage|p2a: Gliscor|188\/353 tox|[from] Stealth Rock
|switch|p1a: Chansey|Chansey, F|466\/681
|-damage|p1a: Chansey|381\/681|[from] Stealth Rock
|
|-heal|p2a: Gliscor|232\/353 tox|[from] ability: Poison Heal
|turn|42
|
|switch|p1a: Sableye|Sableye-Mega, M|244\/304
|-damage|p1a: Sableye|206\/304|[from] Stealth Rock
|move|p2a: Gliscor|Taunt|p1a: Sableye
|move|p1a: Sableye|Taunt|p2a: Gliscor|[from]Magic Bounce
|-start|p2a: Gliscor|move: Taunt
|
|-heal|p2a: Gliscor|276\/353 tox|[from] ability: Poison Heal
|turn|43
|
|switch|p1a: Skarmory|Skarmory, M|239\/333
|-damage|p1a: Skarmory|198\/333|[from] Stealth Rock
|move|p2a: Gliscor|Earthquake|p1a: Skarmory
|-immune|p1a: Skarmory|[msg]
|
|-heal|p2a: Gliscor|320\/353 tox|[from] ability: Poison Heal
|turn|44
|
|switch|p2a: Heatran|Heatran, F|295\/385
|-damage|p2a: Heatran|247\/385|[from] Stealth Rock
|move|p1a: Skarmory|Roost|p1a: Skarmory
|-heal|p1a: Skarmory|333\/333
|
|turn|45
|
|switch|p1a: Chansey|Chansey, F|381\/681
|-damage|p1a: Chansey|296\/681|[from] Stealth Rock
|move|p2a: Heatran|Lava Plume|p1a: Chansey
|-damage|p1a: Chansey|232\/681
|
|turn|46
|
|switch|p2a: Gliscor|Gliscor, M|320\/353 tox
|-damage|p2a: Gliscor|276\/353 tox|[from] Stealth Rock
|move|p1a: Chansey|Soft-Boiled|p1a: Chansey
|-heal|p1a: Chansey|573\/681
|
|-heal|p2a: Gliscor|320\/353 tox|[from] ability: Poison Heal
|turn|47
|
|switch|p1a: Quagsire|Quagsire, M|361\/394
|-damage|p1a: Quagsire|337\/394|[from] Stealth Rock
|move|p2a: Gliscor|Knock Off|p1a: Quagsire
|-damage|p1a: Quagsire|283\/394
|-enditem|p1a: Quagsire|Leftovers|[from] move: Knock Off|[of] p2a: Gliscor
|
|-heal|p2a: Gliscor|353\/353 tox|[from] ability: Poison Heal
|turn|48
|
|switch|p2a: Shaymin|Shaymin|403\/403
|-damage|p2a: Shaymin|353\/403|[from] Stealth Rock
|move|p1a: Quagsire|Scald|p2a: Shaymin
|-resisted|p2a: Shaymin
|-damage|p2a: Shaymin|320\/403
|-status|p2a: Shaymin|brn
|
|-heal|p2a: Shaymin|345\/403 brn|[from] item: Leftovers
|-damage|p2a: Shaymin|295\/403 brn|[from] brn
|turn|49
|
|switch|p1a: Amoonguss|Amoonguss, F, shiny|432\/432
|-damage|p1a: Amoonguss|378\/432|[from] Stealth Rock
|move|p2a: Shaymin|Seed Flare|p1a: Amoonguss
|-resisted|p1a: Amoonguss
|-damage|p1a: Amoonguss|341\/432
|
|-heal|p2a: Shaymin|320\/403 brn|[from] item: Leftovers
|-heal|p1a: Amoonguss|368\/432|[from] item: Black Sludge
|-damage|p2a: Shaymin|270\/403 brn|[from] brn
|turn|50
|
|switch|p2a: Gliscor|Gliscor, M|353\/353 tox
|-damage|p2a: Gliscor|309\/353 tox|[from] Stealth Rock
|move|p1a: Amoonguss|Spore|p2a: Gliscor
|-fail|p2a: Gliscor
|
|-heal|p1a: Amoonguss|395\/432|[from] item: Black Sludge
|-heal|p2a: Gliscor|353\/353 tox|[from] ability: Poison Heal
|turn|51
|
|switch|p1a: Sableye|Sableye-Mega, M|206\/304
|-damage|p1a: Sableye|168\/304|[from] Stealth Rock
|move|p2a: Gliscor|Knock Off|p1a: Sableye
|-damage|p1a: Sableye|139\/304
|
|turn|52
|
|move|p2a: Gliscor|Earthquake|p1a: Sableye
|-damage|p1a: Sableye|70\/304
|move|p1a: Sableye|Recover|p1a: Sableye
|-heal|p1a: Sableye|222\/304
|
|turn|53
|
|move|p2a: Gliscor|Earthquake|p1a: Sableye
|-damage|p1a: Sableye|155\/304
|move|p1a: Sableye|Recover|p1a: Sableye
|-heal|p1a: Sableye|304\/304
|
|turn|54
|
|switch|p1a: Skarmory|Skarmory, M|333\/333
|-damage|p1a: Skarmory|292\/333|[from] Stealth Rock
|move|p2a: Gliscor|Knock Off|p1a: Skarmory
|-damage|p1a: Skarmory|252\/333
|-enditem|p1a: Skarmory|Shed Shell|[from] move: Knock Off|[of] p2a: Gliscor
|
|turn|55
|
|move|p2a: Gliscor|Taunt|p1a: Skarmory
|-start|p1a: Skarmory|move: Taunt
|cant|p1a: Skarmory|move: Taunt|Spikes
|
|turn|56
|
|switch|p2a: Shaymin|Shaymin|270\/403
|-damage|p2a: Shaymin|220\/403|[from] Stealth Rock
|switch|p1a: Amoonguss|Amoonguss, F, shiny|432\/432
|-damage|p1a: Amoonguss|378\/432|[from] Stealth Rock
|
|-heal|p2a: Shaymin|245\/403|[from] item: Leftovers
|-heal|p1a: Amoonguss|405\/432|[from] item: Black Sludge
|turn|57
|
|move|p2a: Shaymin|Protect|p2a: Shaymin
|-singleturn|p2a: Shaymin|Protect
|move|p1a: Amoonguss|Clear Smog|p2a: Shaymin
|-activate|p2a: Shaymin|Protect
|
|-heal|p2a: Shaymin|270\/403|[from] item: Leftovers
|-heal|p1a: Amoonguss|432\/432|[from] item: Black Sludge
|turn|58
|
|switch|p2a: Gliscor|Gliscor, M|353\/353 tox
|-damage|p2a: Gliscor|309\/353 tox|[from] Stealth Rock
|move|p1a: Amoonguss|Clear Smog|p2a: Gliscor
|-resisted|p2a: Gliscor
|-damage|p2a: Gliscor|276\/353 tox
|-clearboost|p2a: Gliscor
|
|-heal|p2a: Gliscor|320\/353 tox|[from] ability: Poison Heal
|turn|59
|
|switch|p1a: Quagsire|Quagsire, M|283\/394
|-damage|p1a: Quagsire|259\/394|[from] Stealth Rock
|move|p2a: Gliscor|Knock Off|p1a: Quagsire
|-damage|p1a: Quagsire|222\/394
|
|-heal|p2a: Gliscor|353\/353 tox|[from] ability: Poison Heal
|turn|60
|
|switch|p1a: Sableye|Sableye-Mega, M|304\/304
|-damage|p1a: Sableye|266\/304|[from] Stealth Rock
|move|p2a: Gliscor|Taunt|p1a: Sableye
|move|p1a: Sableye|Taunt|p2a: Gliscor|[from]Magic Bounce
|-start|p2a: Gliscor|move: Taunt
|
|turn|61
|
|switch|p2a: Shaymin|Shaymin|270\/403
|-damage|p2a: Shaymin|220\/403|[from] Stealth Rock
|switch|p1a: Skarmory|Skarmory, M|252\/333
|-damage|p1a: Skarmory|211\/333|[from] Stealth Rock
|
|-heal|p2a: Shaymin|245\/403|[from] item: Leftovers
|turn|62
|
|move|p2a: Shaymin|Hidden Power|p1a: Skarmory
|-supereffective|p1a: Skarmory
|-damage|p1a: Skarmory|51\/333
|move|p1a: Skarmory|Spikes|p2a: Shaymin
|-sidestart|p2: GrenoGGa|Spikes
|
|-heal|p2a: Shaymin|270\/403|[from] item: Leftovers
|turn|63
|
|switch|p1a: Chansey|Chansey, F|573\/681
|-damage|p1a: Chansey|488\/681|[from] Stealth Rock
|move|p2a: Shaymin|Hidden Power|p1a: Chansey
|-damage|p1a: Chansey|456\/681
|
|-heal|p2a: Shaymin|295\/403|[from] item: Leftovers
|turn|64
|
|move|p2a: Shaymin|Protect|p2a: Shaymin
|-singleturn|p2a: Shaymin|Protect
|move|p1a: Chansey|Soft-Boiled|p1a: Chansey
|-heal|p1a: Chansey|681\/681
|
|-heal|p2a: Shaymin|320\/403|[from] item: Leftovers
|turn|65
|
|move|p2a: Shaymin|Leech Seed|p1a: Chansey|[miss]
|-miss|p2a: Shaymin|p1a: Chansey
|move|p1a: Chansey|Wish|p1a: Chansey
|
|-heal|p2a: Shaymin|345\/403|[from] item: Leftovers
|turn|66
|
|switch|p1a: Sableye|Sableye-Mega, M|266\/304
|-damage|p1a: Sableye|228\/304|[from] Stealth Rock
|move|p2a: Shaymin|Seed Flare|p1a: Sableye
|-damage|p1a: Sableye|89\/304
|-unboost|p1a: Sableye|spd|2
|
|-heal|p1a: Sableye|304\/304|[from] move: Wish|[wisher] Chansey
|-heal|p2a: Shaymin|370\/403|[from] item: Leftovers
|turn|67
|
|switch|p1a: Chansey|Chansey, F|681\/681
|-damage|p1a: Chansey|596\/681|[from] Stealth Rock
|move|p2a: Shaymin|Leech Seed|p1a: Chansey
|-start|p1a: Chansey|move: Leech Seed
|
|-heal|p2a: Shaymin|395\/403|[from] item: Leftovers
|-damage|p1a: Chansey|511\/681|[from] Leech Seed|[of] p2a: Shaymin
|-heal|p2a: Shaymin|403\/403|[silent]
|turn|68
|join|Imp Eniigma
|leave|Imp Eniigma
|
|switch|p2a: Gliscor|Gliscor, M|353\/353 tox
|-damage|p2a: Gliscor|309\/353 tox|[from] Stealth Rock
|switch|p1a: Amoonguss|Amoonguss, F, shiny|432\/432
|-damage|p1a: Amoonguss|378\/432|[from] Stealth Rock
|
|-heal|p1a: Amoonguss|405\/432|[from] item: Black Sludge
|-heal|p2a: Gliscor|353\/353 tox|[from] ability: Poison Heal
|turn|69
|
|move|p2a: Gliscor|Knock Off|p1a: Amoonguss
|-damage|p1a: Amoonguss|314\/432
|-enditem|p1a: Amoonguss|Black Sludge|[from] move: Knock Off|[of] p2a: Gliscor
|move|p1a: Amoonguss|Giga Drain|p2a: Gliscor
|-damage|p2a: Gliscor|248\/353 tox
|-heal|p1a: Amoonguss|367\/432|[from] drain|[of] p2a: Gliscor
|
|-heal|p2a: Gliscor|292\/353 tox|[from] ability: Poison Heal
|turn|70
|
|move|p2a: Gliscor|Taunt|p1a: Amoonguss
|-start|p1a: Amoonguss|move: Taunt
|move|p1a: Amoonguss|Giga Drain|p2a: Gliscor
|-damage|p2a: Gliscor|198\/353 tox
|-heal|p1a: Amoonguss|414\/432|[from] drain|[of] p2a: Gliscor
|
|-heal|p2a: Gliscor|242\/353 tox|[from] ability: Poison Heal
|turn|71
|
|switch|p2a: Heatran|Heatran, F|247\/385
|-damage|p2a: Heatran|199\/385|[from] Spikes
|-damage|p2a: Heatran|151\/385|[from] Stealth Rock
|move|p1a: Amoonguss|Giga Drain|p2a: Heatran
|-resisted|p2a: Heatran
|-damage|p2a: Heatran|138\/385
|-heal|p1a: Amoonguss|421\/432|[from] drain|[of] p2a: Heatran
|
|turn|72
|
|switch|p2a: Gliscor|Gliscor, M|242\/353 tox
|-damage|p2a: Gliscor|198\/353 tox|[from] Stealth Rock
|switch|p1a: Chansey|Chansey, F|511\/681
|-damage|p1a: Chansey|426\/681|[from] Stealth Rock
|
|-heal|p2a: Gliscor|242\/353 tox|[from] ability: Poison Heal
|turn|73
|
|move|p2a: Gliscor|Knock Off|p1a: Chansey
|-damage|p1a: Chansey|312\/681
|-enditem|p1a: Chansey|Eviolite|[from] move: Knock Off|[of] p2a: Gliscor
|move|p1a: Chansey|Soft-Boiled|p1a: Chansey
|-heal|p1a: Chansey|653\/681
|
|-heal|p2a: Gliscor|286\/353 tox|[from] ability: Poison Heal
|turn|74
|
|switch|p1a: Sableye|Sableye-Mega, M|304\/304
|-damage|p1a: Sableye|266\/304|[from] Stealth Rock
|move|p2a: Gliscor|Taunt|p1a: Sableye
|move|p1a: Sableye|Taunt|p2a: Gliscor|[from]Magic Bounce
|-start|p2a: Gliscor|move: Taunt
|
|-heal|p2a: Gliscor|330\/353 tox|[from] ability: Poison Heal
|turn|75
|
|switch|p1a: Clefable|Clefable, F, shiny|394\/394
|-damage|p1a: Clefable|345\/394|[from] Stealth Rock
|move|p2a: Gliscor|Knock Off|p1a: Clefable
|-resisted|p1a: Clefable
|-damage|p1a: Clefable|310\/394
|-enditem|p1a: Clefable|Leftovers|[from] move: Knock Off|[of] p2a: Gliscor
|
|-heal|p2a: Gliscor|353\/353 tox|[from] ability: Poison Heal
|turn|76
|
|switch|p2a: Heatran|Heatran, F|138\/385
|-damage|p2a: Heatran|90\/385|[from] Spikes
|-damage|p2a: Heatran|42\/385|[from] Stealth Rock
|move|p1a: Clefable|Calm Mind|p1a: Clefable
|-boost|p1a: Clefable|spa|1
|-boost|p1a: Clefable|spd|1
|
|turn|77
|
|move|p2a: Heatran|Lava Plume|p1a: Clefable
|-damage|p1a: Clefable|232\/394
|move|p1a: Clefable|Moonlight|p1a: Clefable
|-heal|p1a: Clefable|394\/394
|
|turn|78
|
|move|p2a: Heatran|Lava Plume|p1a: Clefable
|-damage|p1a: Clefable|313\/394
|-status|p1a: Clefable|brn
|move|p1a: Clefable|Moonblast|p2a: Heatran
|-resisted|p2a: Heatran
|-damage|p2a: Heatran|13\/385
|-unboost|p2a: Heatran|spa|1
|
|-damage|p1a: Clefable|264\/394 brn|[from] brn
|turn|79
|
|switch|p2a: Gliscor|Gliscor, M|353\/353 tox
|-damage|p2a: Gliscor|309\/353 tox|[from] Stealth Rock
|move|p1a: Clefable|Heal Bell|p1a: Clefable
|-cureteam|p1a: Clefable|[from] move: HealBell
|
|-heal|p2a: Gliscor|353\/353 tox|[from] ability: Poison Heal
|turn|80
|
|move|p2a: Gliscor|Taunt|p1a: Clefable
|-start|p1a: Clefable|move: Taunt
|move|p1a: Clefable|Moonblast|p2a: Gliscor
|-damage|p2a: Gliscor|163\/353 tox
|
|-heal|p2a: Gliscor|207\/353 tox|[from] ability: Poison Heal
|turn|81
|
|switch|p2a: Heatran|Heatran, F|13\/385
|-damage|p2a: Heatran|0 fnt|[from] Stealth Rock
|faint|p2a: Heatran
|move|p1a: Clefable|Moonblast|p2: Heatran|[notarget]
|-notarget
|
|
|switch|p2a: Bisharp|Bisharp, M|155\/271
|-damage|p2a: Bisharp|122\/271|[from] Spikes
|-damage|p2a: Bisharp|106\/271|[from] Stealth Rock
|turn|82
|
|switch|p1a: Skarmory|Skarmory, M|51\/333
|-damage|p1a: Skarmory|10\/333|[from] Stealth Rock
|move|p2a: Bisharp|Iron Head|p1a: Skarmory
|-resisted|p1a: Skarmory
|-damage|p1a: Skarmory|0 fnt
|faint|p1a: Skarmory
|
|
|switch|p1a: Quagsire|Quagsire, M|222\/394
|-damage|p1a: Quagsire|198\/394|[from] Stealth Rock
|turn|83
|
|switch|p2a: Gliscor|Gliscor, M|207\/353 tox
|-damage|p2a: Gliscor|163\/353 tox|[from] Stealth Rock
|move|p1a: Quagsire|Recover|p1a: Quagsire
|-heal|p1a: Quagsire|394\/394
|
|-heal|p2a: Gliscor|207\/353 tox|[from] ability: Poison Heal
|turn|84
|
|switch|p2a: Shaymin|Shaymin|403\/403
|-damage|p2a: Shaymin|353\/403|[from] Stealth Rock
|-damage|p2a: Shaymin|303\/403|[from] Spikes
|move|p1a: Quagsire|Scald|p2a: Shaymin
|-resisted|p2a: Shaymin
|-damage|p2a: Shaymin|267\/403
|-status|p2a: Shaymin|brn
|
|-heal|p2a: Shaymin|292\/403 brn|[from] item: Leftovers
|-damage|p2a: Shaymin|242\/403 brn|[from] brn
|turn|85
|
|switch|p1a: Amoonguss|Amoonguss, F, shiny|432\/432
|-damage|p1a: Amoonguss|378\/432|[from] Stealth Rock
|move|p2a: Shaymin|Leech Seed|p1a: Amoonguss
|-immune|p1a: Amoonguss|[msg]
|
|-heal|p2a: Shaymin|267\/403 brn|[from] item: Leftovers
|-damage|p2a: Shaymin|217\/403 brn|[from] brn
|turn|86
|
|move|p2a: Shaymin|Hidden Power|p1a: Amoonguss
|-supereffective|p1a: Amoonguss
|-damage|p1a: Amoonguss|276\/432
|move|p1a: Amoonguss|Giga Drain|p2a: Shaymin
|-resisted|p2a: Shaymin
|-damage|p2a: Shaymin|180\/403 brn
|-heal|p1a: Amoonguss|295\/432|[from] drain|[of] p2a: Shaymin
|
|-heal|p2a: Shaymin|205\/403 brn|[from] item: Leftovers
|-damage|p2a: Shaymin|155\/403 brn|[from] brn
|turn|87
|
|switch|p2a: Gliscor|Gliscor, M|207\/353 tox
|-damage|p2a: Gliscor|163\/353 tox|[from] Stealth Rock
|move|p1a: Amoonguss|Clear Smog|p2a: Gliscor
|-resisted|p2a: Gliscor
|-damage|p2a: Gliscor|127\/353 tox
|-clearboost|p2a: Gliscor
|
|-heal|p2a: Gliscor|171\/353 tox|[from] ability: Poison Heal
|turn|88
|
|move|p2a: Gliscor|Earthquake|p1a: Amoonguss
|-damage|p1a: Amoonguss|162\/432
|move|p1a: Amoonguss|Giga Drain|p2a: Gliscor
|-damage|p2a: Gliscor|81\/353 tox
|-heal|p1a: Amoonguss|207\/432|[from] drain|[of] p2a: Gliscor
|
|-heal|p2a: Gliscor|125\/353 tox|[from] ability: Poison Heal
|turn|89
|
|move|p2a: Gliscor|Earthquake|p1a: Amoonguss
|-damage|p1a: Amoonguss|66\/432
|move|p1a: Amoonguss|Giga Drain|p2a: Gliscor
|-damage|p2a: Gliscor|26\/353 tox
|-heal|p1a: Amoonguss|116\/432|[from] drain|[of] p2a: Gliscor
|
|-heal|p2a: Gliscor|70\/353 tox|[from] ability: Poison Heal
|turn|90
|
|move|p2a: Gliscor|Earthquake|p1a: Amoonguss
|-damage|p1a: Amoonguss|0 fnt
|faint|p1a: Amoonguss
|
|-heal|p2a: Gliscor|114\/353 tox|[from] ability: Poison Heal
|c|★Dark Side of Moon|doesn't roost<
|
|switch|p1a: Quagsire|Quagsire, M|394\/394
|-damage|p1a: Quagsire|370\/394|[from] Stealth Rock
|turn|91
|
|move|p2a: Gliscor|Roost|p2a: Gliscor
|-heal|p2a: Gliscor|291\/353 tox
|move|p1a: Quagsire|Scald|p2a: Gliscor
|-supereffective|p2a: Gliscor
|-damage|p2a: Gliscor|127\/353 tox
|
|-heal|p2a: Gliscor|171\/353 tox|[from] ability: Poison Heal
|turn|92
|
|move|p2a: Gliscor|Roost|p2a: Gliscor
|-heal|p2a: Gliscor|348\/353 tox
|move|p1a: Quagsire|Scald|p2a: Gliscor
|-supereffective|p2a: Gliscor
|-damage|p2a: Gliscor|192\/353 tox
|
|-heal|p2a: Gliscor|236\/353 tox|[from] ability: Poison Heal
|turn|93
|
|move|p2a: Gliscor|Roost|p2a: Gliscor
|-heal|p2a: Gliscor|353\/353 tox
|move|p1a: Quagsire|Scald|p2a: Gliscor
|-supereffective|p2a: Gliscor
|-damage|p2a: Gliscor|191\/353 tox
|
|-heal|p2a: Gliscor|235\/353 tox|[from] ability: Poison Heal
|turn|94
|
|switch|p2a: Shaymin|Shaymin|155\/403
|-damage|p2a: Shaymin|105\/403|[from] Spikes
|-damage|p2a: Shaymin|55\/403|[from] Stealth Rock
|move|p1a: Quagsire|Scald|p2a: Shaymin
|-resisted|p2a: Shaymin
|-damage|p2a: Shaymin|22\/403
|
|-heal|p2a: Shaymin|47\/403|[from] item: Leftovers
|turn|95
|
|move|p2a: Shaymin|Leech Seed|p1a: Quagsire
|-start|p1a: Quagsire|move: Leech Seed
|move|p1a: Quagsire|Earthquake|p2a: Shaymin
|-resisted|p2a: Shaymin
|-damage|p2a: Shaymin|0 fnt
|faint|p2a: Shaymin
|
|
|switch|p2a: Gardevoir|Gardevoir-Mega, M|111\/277
|-damage|p2a: Gardevoir|77\/277|[from] Spikes
|-damage|p2a: Gardevoir|43\/277|[from] Stealth Rock
|turn|96
|
|switch|p1a: Chansey|Chansey, F|653\/681
|-damage|p1a: Chansey|568\/681|[from] Stealth Rock
|move|p2a: Gardevoir|Psyshock|p1a: Chansey
|-damage|p1a: Chansey|145\/681
|
|turn|97
|c|★Dark Side of Moon|lol he psyshocks
|leave|TheTurtleLord
|
|move|p2a: Gardevoir|Psyshock|p1a: Chansey
|-damage|p1a: Chansey|0 fnt
|faint|p1a: Chansey
|
|
|switch|p1a: Clefable|Clefable, F, shiny|264\/394
|-damage|p1a: Clefable|215\/394|[from] Stealth Rock
|turn|98
|
|move|p2a: Gardevoir|Hyper Voice|p1a: Clefable
|-damage|p1a: Clefable|0 fnt
|faint|p1a: Clefable
|
|
|switch|p1a: Quagsire|Quagsire, M|370\/394
|-damage|p1a: Quagsire|346\/394|[from] Stealth Rock
|turn|99
|
|move|p2a: Gardevoir|Hyper Voice|p1a: Quagsire
|-damage|p1a: Quagsire|0 fnt
|faint|p1a: Quagsire
|
|c|★Dark Side of Moon|gg garbage kid
|-message|Dark Side of Moon forfeited.
|
|win|GrenoGGa
|raw|Ladder updating...
|leave|Dark Side of Moon
|player|p1