|join|CheckmateWeee
|join|Dark Side of Moon
|player|p1|CheckmateWeee|2
|player|p2|Dark Side of Moon|161
|gametype|singles
|gen|6
|tier|OU
|rated
|clearpoke
|poke|p1|Greninja, F
|poke|p1|Swampert, M
|poke|p1|Thundurus, M
|poke|p1|Magnezone
|poke|p1|Scizor, M
|poke|p1|Landorus-Therian, M
|poke|p2|Garchomp, M, shiny
|poke|p2|Klefki, F, shiny
|poke|p2|Gengar, M, shiny
|poke|p2|Rotom-Wash
|poke|p2|Diancie, shiny
|poke|p2|Conkeldurr, M, shiny
|rule|Swagger Clause: Swagger is banned
|rule|Baton Pass Clause: Limit one Pokémon knowing Baton Pass
|rule|Sleep Clause Mod: Limit one foe put to sleep
|rule|Species Clause: Limit one of each Pokémon
|rule|OHKO Clause: OHKO moves are banned
|rule|Moody Clause: Moody is banned
|rule|Evasion Moves Clause: Evasion moves are banned
|rule|Endless Battle Clause: Forcing endless battles is banned
|rule|HP Percentage Mod: HP is shown in percentages
|teampreview
|join|UchihaDavid n.n
|
|start
|switch|p1a: Swampert|Swampert, M|366\/366
|switch|p2a: Rotom-Wash|Rotom-Wash|304\/304
|turn|1
|
|switch|p1a: Magnezone|Magnezone|344\/344
|move|p2a: Rotom-Wash|Will-O-Wisp|p1a: Magnezone
|-status|p1a: Magnezone|brn
|
|-damage|p1a: Magnezone|301\/344 brn|[from] brn
|turn|2
|
|move|p2a: Rotom-Wash|Volt Switch|p1a: Magnezone
|-resisted|p1a: Magnezone
|-damage|p1a: Magnezone|270\/344 brn
|
|switch|p2a: Garchomp|Garchomp, M, shiny|358\/358
|move|p1a: Magnezone|Volt Switch|p2a: Garchomp
|-immune|p2a: Garchomp|[msg]
|
|-damage|p1a: Magnezone|227\/344 brn|[from] brn
|turn|3
|
|switch|p2a: Gengar|Gengar, M, shiny|262\/262
|switch|p1a: Landorus-Therian|Landorus-Therian, M|382\/382
|-ability|p1a: Landorus-Therian|Intimidate|[of] p2a: Gengar
|-unboost|p2a: Gengar|atk|1
|
|turn|4
|
|move|p2a: Gengar|Hidden Power|p1a: Landorus-Therian
|-supereffective|p1a: Landorus-Therian
|-damage|p1a: Landorus-Therian|18\/382
|move|p1a: Landorus-Therian|Knock Off|p2a: Gengar
|-supereffective|p2a: Gengar
|-damage|p2a: Gengar|0 fnt
|-enditem|p2a: Gengar|Choice Scarf|[from] move: Knock Off|[of] p1a: Landorus-Therian
|faint|p2a: Gengar
|
|-heal|p1a: Landorus-Therian|41\/382|[from] item: Leftovers
|
|switch|p2a: Conkeldurr|Conkeldurr, M, shiny|361\/361
|turn|5
|
|switch|p1a: Thundurus|Thundurus, M|362\/362
|move|p2a: Conkeldurr|Mach Punch|p1a: Thundurus
|-resisted|p1a: Thundurus
|-damage|p1a: Thundurus|305\/362
|
|turn|6
|
|move|p1a: Thundurus|Volt Switch|p2a: Conkeldurr
|-damage|p2a: Conkeldurr|289\/361
|
|switch|p1a: Magnezone|Magnezone|227\/344 brn
|move|p2a: Conkeldurr|Ice Punch|p1a: Magnezone
|-resisted|p1a: Magnezone
|-damage|p1a: Magnezone|184\/344 brn
|
|-damage|p1a: Magnezone|141\/344 brn|[from] brn
|turn|7
|
|move|p2a: Conkeldurr|Mach Punch|p1a: Magnezone
|-supereffective|p1a: Magnezone
|-damage|p1a: Magnezone|0 fnt
|faint|p1a: Magnezone
|
|
|switch|p1a: Landorus-Therian|Landorus-Therian, M|41\/382
|-ability|p1a: Landorus-Therian|Intimidate|[of] p2a: Conkeldurr
|-unboost|p2a: Conkeldurr|atk|1
|turn|8
|
|switch|p2a: Rotom-Wash|Rotom-Wash|304\/304
|move|p1a: Landorus-Therian|Stealth Rock|p2a: Rotom-Wash
|-sidestart|p2: Dark Side of Moon|move: Stealth Rock
|
|-heal|p1a: Landorus-Therian|64\/382|[from] item: Leftovers
|turn|9
|
|move|p2a: Rotom-Wash|Hydro Pump|p1a: Landorus-Therian|[miss]
|-miss|p2a: Rotom-Wash|p1a: Landorus-Therian
|move|p1a: Landorus-Therian|Knock Off|p2a: Rotom-Wash
|-damage|p2a: Rotom-Wash|223\/304
|-enditem|p2a: Rotom-Wash|Leftovers|[from] move: Knock Off|[of] p1a: Landorus-Therian
|
|-heal|p1a: Landorus-Therian|87\/382|[from] item: Leftovers
|turn|10
|
|move|p2a: Rotom-Wash|Hydro Pump|p1a: Landorus-Therian|[miss]
|-miss|p2a: Rotom-Wash|p1a: Landorus-Therian
|move|p1a: Landorus-Therian|Knock Off|p2a: Rotom-Wash
|-damage|p2a: Rotom-Wash|175\/304
|
|-heal|p1a: Landorus-Therian|110\/382|[from] item: Leftovers
|turn|11
|
|move|p2a: Rotom-Wash|Hydro Pump|p1a: Landorus-Therian
|-supereffective|p1a: Landorus-Therian
|-damage|p1a: Landorus-Therian|0 fnt
|faint|p1a: Landorus-Therian
|
|
|switch|p1a: Greninja|Greninja, F|285\/285
|turn|12
|
|move|p1a: Greninja|Hidden Power|p2a: Rotom-Wash
|-start|p1a: Greninja|typechange|Grass|[from] Protean
|-supereffective|p2a: Rotom-Wash
|-damage|p2a: Rotom-Wash|0 fnt
|-damage|p1a: Greninja|257\/285|[from] item: Life Orb
|faint|p2a: Rotom-Wash
|
|leave|UchihaDavid n.n
|
|switch|p2a: Klefki|Klefki, F, shiny|318\/318
|-damage|p2a: Klefki|299\/318|[from] Stealth Rock
|turn|13
|
|switch|p1a: Swampert|Swampert, M|366\/366
|move|p2a: Klefki|Spikes|p1a: Swampert
|-sidestart|p1: CheckmateWeee|Spikes
|
|-heal|p2a: Klefki|318\/318|[from] item: Leftovers
|turn|14
|
|switch|p2a: Garchomp|Garchomp, M, shiny|358\/358
|-damage|p2a: Garchomp|336\/358|[from] Stealth Rock
|detailschange|p1a: Swampert|Swampert-Mega, M
|message|Swampert has Mega Evolved into Mega Swampert!
|move|p1a: Swampert|Earthquake|p2a: Garchomp
|-damage|p2a: Garchomp|108\/358
|
|-heal|p2a: Garchomp|130\/358|[from] item: Leftovers
|turn|15
|
|switch|p1a: Scizor|Scizor, M|333\/333
|-damage|p1a: Scizor|292\/333|[from] Spikes
|move|p2a: Garchomp|Outrage|p1a: Scizor
|-resisted|p1a: Scizor
|-damage|p1a: Scizor|193\/333
|
|-heal|p2a: Garchomp|152\/358|[from] item: Leftovers
|turn|16
|
|move|p1a: Scizor|Bullet Punch|p2a: Garchomp
|-damage|p2a: Garchomp|0 fnt
|-damage|p1a: Scizor|152\/333|[from] ability: Rough Skin|[of] p2a: Garchomp
|faint|p2a: Garchomp
|
|
|switch|p2a: Conkeldurr|Conkeldurr, M, shiny|289\/361
|-damage|p2a: Conkeldurr|267\/361|[from] Stealth Rock
|turn|17
|
|switch|p1a: Thundurus|Thundurus, M|305\/362
|move|p2a: Conkeldurr|Drain Punch|p1a: Thundurus
|-resisted|p1a: Thundurus
|-damage|p1a: Thundurus|185\/362
|-heal|p2a: Conkeldurr|327\/361|[from] drain|[of] p1a: Thundurus
|
|turn|18
|
|move|p1a: Thundurus|Rain Dance|p1a: Thundurus
|-weather|RainDance
|move|p2a: Conkeldurr|Drain Punch|p1a: Thundurus
|-resisted|p1a: Thundurus
|-damage|p1a: Thundurus|78\/362
|-heal|p2a: Conkeldurr|361\/361|[from] drain|[of] p1a: Thundurus
|
|-weather|RainDance|[upkeep]
|turn|19
|
|switch|p2a: Klefki|Klefki, F, shiny|318\/318
|-damage|p2a: Klefki|299\/318|[from] Stealth Rock
|move|p1a: Thundurus|Knock Off|p2a: Klefki
|-resisted|p2a: Klefki
|-damage|p2a: Klefki|267\/318
|-enditem|p2a: Klefki|Leftovers|[from] move: Knock Off|[of] p1a: Thundurus
|
|-weather|RainDance|[upkeep]
|turn|20
|
|move|p2a: Klefki|Spikes|p1a: Thundurus
|-sidestart|p1: CheckmateWeee|Spikes
|move|p1a: Thundurus|Volt Switch|p2a: Klefki
|-damage|p2a: Klefki|152\/318
|
|switch|p1a: Swampert|Swampert-Mega, M|366\/366
|-damage|p1a: Swampert|305\/366|[from] Spikes
|
|-weather|RainDance|[upkeep]
|turn|21
|
|switch|p2a: Diancie|Diancie, shiny|241\/241
|-damage|p2a: Diancie|211\/241|[from] Stealth Rock
|move|p1a: Swampert|Power-Up Punch|p2a: Diancie
|-damage|p2a: Diancie|169\/241
|-boost|p1a: Swampert|atk|1
|
|-weather|RainDance|[upkeep]
|turn|22
|
|detailschange|p2a: Diancie|Diancie-Mega, shiny
|message|Diancie has Mega Evolved into Mega Diancie!
|move|p1a: Swampert|Waterfall|p2a: Diancie
|-crit|p2a: Diancie
|-supereffective|p2a: Diancie
|-damage|p2a: Diancie|0 fnt
|faint|p2a: Diancie
|
|-weather|RainDance|[upkeep]
|
|switch|p2a: Conkeldurr|Conkeldurr, M, shiny|361\/361
|-damage|p2a: Conkeldurr|339\/361|[from] Stealth Rock
|turn|23
|
|move|p1a: Swampert|Waterfall|p2a: Conkeldurr
|-damage|p2a: Conkeldurr|0 fnt
|faint|p2a: Conkeldurr
|
|-weather|RainDance|[upkeep]
|c|★Dark Side of Moon|gg
|-message|Dark Side of Moon forfeited.
|
|win|CheckmateWeee
|raw|Ladder updating...
|leave|Dark Side of Moon
|player|p2