|join|warzoid
|join|Tyler.92
|player|p1|warzoid|188
|player|p2|Tyler.92|163
|gametype|singles
|gen|6
|tier|UU
|rated
|rule|Sleep Clause Mod: Limit one foe put to sleep
|rule|Species Clause: Limit one of each Pokémon
|rule|OHKO Clause: OHKO moves are banned
|rule|Moody Clause: Moody is banned
|rule|Evasion Moves Clause: Evasion moves are banned
|rule|Endless Battle Clause: Forcing endless battles is banned
|rule|HP Percentage Mod: HP is reported as percentages
|clearpoke
|poke|p1|Heracross, F
|poke|p1|Ampharos, M
|poke|p1|Suicune
|poke|p1|Jirachi
|poke|p1|Mew
|poke|p1|Victini
|poke|p2|Haxorus, M
|poke|p2|Empoleon, M
|poke|p2|Rotom-Heat
|poke|p2|Amoonguss, M
|poke|p2|Mienshao, F
|poke|p2|Swampert, F
|rule|Swagger Clause: Swagger is banned
|rule|Baton Pass Clause: Limit one Pokémon knowing Baton Pass
|teampreview
|join|Aristokrat952
|leave|Aristokrat952
|
|start
|switch|p1a: Heracross|Heracross, F|301\/301
|switch|p2a: Mienshao|Mienshao, F|271\/271
|turn|1
|
|switch|p2a: Amoonguss|Amoonguss, M|432\/432
|move|p1a: Heracross|Close Combat|p2a: Amoonguss
|-resisted|p2a: Amoonguss
|-damage|p2a: Amoonguss|266\/432
|-unboost|p1a: Heracross|def|1
|-unboost|p1a: Heracross|spd|1
|
|-heal|p2a: Amoonguss|293\/432|[from] item: Black Sludge
|turn|2
|
|switch|p1a: Suicune|Suicune|404\/404
|-ability|p1a: Suicune|Pressure
|move|p2a: Amoonguss|Spore|p1a: Suicune
|-status|p1a: Suicune|slp
|
|-heal|p2a: Amoonguss|320\/432|[from] item: Black Sludge
|turn|3
|
|switch|p1a: Heracross|Heracross, F|301\/301
|move|p2a: Amoonguss|Sludge Bomb|p1a: Heracross
|-damage|p1a: Heracross|196\/301
|
|-heal|p2a: Amoonguss|347\/432|[from] item: Black Sludge
|turn|4
|
|move|p1a: Heracross|Megahorn|p2a: Amoonguss|[miss]
|-miss|p1a: Heracross|p2a: Amoonguss
|move|p2a: Amoonguss|Sludge Bomb|p1a: Heracross
|-damage|p1a: Heracross|88\/301
|
|-heal|p2a: Amoonguss|374\/432|[from] item: Black Sludge
|turn|5
|
|switch|p1a: Mew|Mew|404\/404
|move|p2a: Amoonguss|Hidden Power|p1a: Mew
|-damage|p1a: Mew|371\/404
|
|-heal|p1a: Mew|396\/404|[from] item: Leftovers
|-heal|p2a: Amoonguss|401\/432|[from] item: Black Sludge
|turn|6
|
|switch|p2a: Rotom-Heat|Rotom-Heat|241\/241
|move|p1a: Mew|Will-O-Wisp|p2a: Rotom-Heat
|-fail|p2a: Rotom-Heat
|
|-heal|p1a: Mew|404\/404|[from] item: Leftovers
|turn|7
|
|move|p2a: Rotom-Heat|Trick|p1a: Mew
|-activate|p2a: Rotom-Heat|move: Trick|[of] p1a: Mew
|-item|p1a: Mew|Choice Scarf|[from] move: Trick
|-item|p2a: Rotom-Heat|Leftovers|[from] move: Trick
|move|p1a: Mew|Stealth Rock|p2a: Rotom-Heat
|-sidestart|p2: Tyler.92|move: Stealth Rock
|
|turn|8
|
|switch|p1a: Jirachi|Jirachi|341\/341
|move|p2a: Rotom-Heat|Overheat|p1a: Jirachi
|-supereffective|p1a: Jirachi
|-damage|p1a: Jirachi|0 fnt
|-unboost|p2a: Rotom-Heat|spa|2
|faint|p1a: Jirachi
|
|
|switch|p1a: Ampharos|Ampharos, M|384\/384
|turn|9
|
|detailschange|p1a: Ampharos|Ampharos-Mega, M
|message|Ampharos has Mega Evolved into Mega Ampharos!
|-ability|p1a: Ampharos|Mold Breaker
|move|p2a: Rotom-Heat|Volt Switch|p1a: Ampharos
|-resisted|p1a: Ampharos
|-damage|p1a: Ampharos|371\/384
|
|switch|p2a: Empoleon|Empoleon, M|372\/372
|-damage|p2a: Empoleon|349\/372|[from] Stealth Rock
|move|p1a: Ampharos|Dragon Pulse|p2a: Empoleon
|-resisted|p2a: Empoleon
|-damage|p2a: Empoleon|280\/372
|
|-heal|p2a: Empoleon|303\/372|[from] item: Leftovers
|turn|10
|
|switch|p2a: Swampert|Swampert, F|404\/404
|-damage|p2a: Swampert|379\/404|[from] Stealth Rock
|move|p1a: Ampharos|Thunderbolt|p2a: Swampert
|-immune|p2a: Swampert|[msg]
|
|-heal|p2a: Swampert|404\/404|[from] item: Leftovers
|turn|11
|
|move|p2a: Swampert|Stealth Rock|p1a: Ampharos
|-sidestart|p1: warzoid|move: Stealth Rock
|move|p1a: Ampharos|Dragon Pulse|p2a: Swampert
|-damage|p2a: Swampert|175\/404
|
|-heal|p2a: Swampert|200\/404|[from] item: Leftovers
|turn|12
|
|switch|p1a: Mew|Mew|404\/404
|-damage|p1a: Mew|354\/404|[from] Stealth Rock
|move|p2a: Swampert|Earthquake|p1a: Mew
|-damage|p1a: Mew|225\/404
|
|-heal|p2a: Swampert|225\/404|[from] item: Leftovers
|turn|13
|
|switch|p2a: Rotom-Heat|Rotom-Heat|241\/241
|-damage|p2a: Rotom-Heat|181\/241|[from] Stealth Rock
|move|p1a: Mew|Will-O-Wisp|p2a: Rotom-Heat
|-fail|p2a: Rotom-Heat
|
|-heal|p2a: Rotom-Heat|196\/241|[from] item: Leftovers
|turn|14
|
|switch|p1a: Ampharos|Ampharos-Mega, M|371\/384
|-damage|p1a: Ampharos|323\/384|[from] Stealth Rock
|-ability|p1a: Ampharos|Mold Breaker
|move|p2a: Rotom-Heat|Volt Switch|p1a: Ampharos
|-resisted|p1a: Ampharos
|-damage|p1a: Ampharos|298\/384
|
|switch|p2a: Mienshao|Mienshao, F|271\/271
|-damage|p2a: Mienshao|255\/271|[from] Stealth Rock
|
|turn|15
|
|switch|p1a: Victini|Victini|341\/341
|-damage|p1a: Victini|256\/341|[from] Stealth Rock
|move|p2a: Mienshao|Fake Out|p1a: Victini
|-damage|p1a: Victini|196\/341
|-damage|p2a: Mienshao|228\/271|[from] item: Life Orb
|
|turn|16
|
|move|p2a: Mienshao|Knock Off|p1a: Victini
|-supereffective|p1a: Victini
|-damage|p1a: Victini|0 fnt
|-enditem|p1a: Victini|Muscle Band|[from] move: Knock Off|[of] p2a: Mienshao
|-damage|p2a: Mienshao|201\/271|[from] item: Life Orb
|faint|p1a: Victini
|
|
|switch|p1a: Suicune|Suicune|404\/404 slp
|-damage|p1a: Suicune|354\/404 slp|[from] Stealth Rock
|-ability|p1a: Suicune|Pressure
|turn|17
|
|move|p2a: Mienshao|Knock Off|p1a: Suicune
|-crit|p1a: Suicune
|-damage|p1a: Suicune|220\/404 slp
|-enditem|p1a: Suicune|Leftovers|[from] move: Knock Off|[of] p2a: Mienshao
|-damage|p2a: Mienshao|174\/271|[from] item: Life Orb
|cant|p1a: Suicune|slp
|move|p1a: Suicune|Sleep Talk|p1a: Suicune
|move|p1a: Suicune|Scald|p2a: Mienshao|[from]Sleep Talk
|-damage|p2a: Mienshao|41\/271
|
|turn|18
|
|move|p2a: Mienshao|High Jump Kick|p1a: Suicune|[miss]
|-miss|p2a: Mienshao|p1a: Suicune
|-damage|p2a: Mienshao|0 fnt|[from] highjumpkick
|faint|p2a: Mienshao
|-curestatus|p1a: Suicune|slp
|move|p1a: Suicune|Sleep Talk|p1a: Suicune
|-fail|p1a: Suicune
|
|
|switch|p2a: Haxorus|Haxorus, M|293\/293
|-damage|p2a: Haxorus|257\/293|[from] Stealth Rock
|-ability|p2a: Haxorus|Mold Breaker
|turn|19
|
|move|p2a: Haxorus|Dragon Dance|p2a: Haxorus
|-boost|p2a: Haxorus|atk|1
|-boost|p2a: Haxorus|spe|1
|move|p1a: Suicune|Scald|p2a: Haxorus
|-crit|p2a: Haxorus
|-resisted|p2a: Haxorus
|-damage|p2a: Haxorus|166\/293
|-status|p2a: Haxorus|brn
|-enditem|p2a: Haxorus|Lum Berry|[eat]
|-curestatus|p2a: Haxorus|brn
|
|turn|20
|
|move|p2a: Haxorus|Outrage|p1a: Suicune
|-damage|p1a: Suicune|0 fnt
|faint|p1a: Suicune
|
|
|switch|p1a: Mew|Mew|225\/404
|-damage|p1a: Mew|175\/404|[from] Stealth Rock
|turn|21
|
|move|p2a: Haxorus|Outrage|p1a: Mew
|-damage|p1a: Mew|0 fnt
|faint|p1a: Mew
|
|-end|p2a: Haxorus|rampage
|-start|p2a: Haxorus|confusion
|
|switch|p1a: Ampharos|Ampharos-Mega, M|298\/384
|-damage|p1a: Ampharos|250\/384|[from] Stealth Rock
|-ability|p1a: Ampharos|Mold Breaker
|turn|22
|
|switch|p2a: Empoleon|Empoleon, M|303\/372
|-damage|p2a: Empoleon|280\/372|[from] Stealth Rock
|move|p1a: Ampharos|Dragon Pulse|p2a: Empoleon
|-resisted|p2a: Empoleon
|-damage|p2a: Empoleon|215\/372
|
|-heal|p2a: Empoleon|238\/372|[from] item: Leftovers
|turn|23
|
|move|p2a: Empoleon|Toxic|p1a: Ampharos
|-status|p1a: Ampharos|tox
|move|p1a: Ampharos|Thunderbolt|p2a: Empoleon
|-crit|p2a: Empoleon
|-supereffective|p2a: Empoleon
|-damage|p2a: Empoleon|0 fnt
|faint|p2a: Empoleon
|
|-damage|p1a: Ampharos|226\/384 tox|[from] psn
|
|switch|p2a: Haxorus|Haxorus, M|166\/293
|-damage|p2a: Haxorus|130\/293|[from] Stealth Rock
|-ability|p2a: Haxorus|Mold Breaker
|turn|24
|
|move|p2a: Haxorus|Outrage|p1a: Ampharos
|-supereffective|p1a: Ampharos
|-damage|p1a: Ampharos|0 fnt
|faint|p1a: Ampharos
|
|
|switch|p1a: Heracross|Heracross, F|88\/301
|-damage|p1a: Heracross|51\/301|[from] Stealth Rock
|turn|25
|
|move|p2a: Haxorus|Outrage|p1a: Heracross
|-damage|p1a: Heracross|0 fnt
|faint|p1a: Heracross
|
|win|Tyler.92
|raw|Ladder updating...
|raw|warzoid's rating: 1521 &rarr; <strong>1508<\/strong><br \/>(-13 for losing)
|raw|Tyler.92's rating: 1637 &rarr; <strong>1651<\/strong><br \/>(+14 for winning)
|chat|warzoid|gg