|join|DrReuniclus100
|join|warzoid
|player|p1|DrReuniclus100|147
|player|p2|warzoid|188
|gametype|singles
|gen|6
|tier|UU
|rule|Sleep Clause Mod: Limit one foe put to sleep
|rule|Species Clause: Limit one of each Pokémon
|rule|OHKO Clause: OHKO moves are banned
|rule|Moody Clause: Moody is banned
|rule|Evasion Moves Clause: Evasion moves are banned
|rule|Endless Battle Clause: Forcing endless battles is banned
|rule|HP Percentage Mod: HP is shown in percentages
|clearpoke
|poke|p1|Diancie
|poke|p1|Haxorus, M
|poke|p1|Espeon, M
|poke|p1|Lucario, F
|poke|p1|Porygon-Z
|poke|p1|Zygarde
|poke|p2|Amoonguss, F
|poke|p2|Krookodile, F
|poke|p2|Lopunny, M
|poke|p2|Swampert, M
|poke|p2|Crobat, M
|poke|p2|Umbreon, F
|rule|Swagger Clause: Swagger is banned
|rule|Baton Pass Clause: Limit one Pokémon knowing Baton Pass
|teampreview
|join|Meelaes
|join|Chomsky
|
|start
|switch|p1a: Diancie|Diancie|304\/304
|switch|p2a: rocks|Swampert, M|404\/404
|turn|1
|leave|Chomsky
|
|switch|p1a: Espeon|Espeon, M|334\/334
|move|p2a: rocks|Earthquake|p1a: Espeon
|-damage|p1a: Espeon|133\/334
|
|turn|2
|
|switch|p2a: wall|Umbreon, F|394\/394
|move|p1a: Espeon|Reflect|p1a: Espeon
|-sidestart|p1: DrReuniclus100|Reflect
|
|turn|3
|
|switch|p1a: Lucario|Lucario, F|281\/281
|move|p2a: wall|Wish|p2a: wall
|
|turn|4
|
|switch|p2a: keldeo counter|Amoonguss, F|400\/400
|move|p1a: Lucario|Close Combat|p2a: keldeo counter
|-resisted|p2a: keldeo counter
|-damage|p2a: keldeo counter|282\/400
|-unboost|p1a: Lucario|def|1
|-unboost|p1a: Lucario|spd|1
|-damage|p1a: Lucario|253\/281|[from] item: Life Orb
|
|-heal|p2a: keldeo counter|400\/400|[from] move: Wish|[wisher] wall
|turn|5
|
|switch|p1a: Espeon|Espeon, M|133\/334
|move|p2a: keldeo counter|Foul Play|p1a: Espeon
|-supereffective|p1a: Espeon
|-damage|p1a: Espeon|59\/334
|
|turn|6
|join|Sathyro
|
|switch|p2a: die|Krookodile, F|344\/344
|-ability|p2a: die|Intimidate|[of] p1a: Espeon
|-unboost|p1a: Espeon|atk|1
|move|p1a: Espeon|Light Screen|p1a: Espeon
|-sidestart|p1: DrReuniclus100|move: Light Screen
|
|turn|7
|
|move|p1a: Espeon|Yawn|p2a: die
|-start|p2a: die|move: Yawn|[of] p1a: Espeon
|move|p2a: die|Pursuit|p1a: Espeon
|-supereffective|p1a: Espeon
|-damage|p1a: Espeon|0 fnt
|faint|p1a: Espeon
|
|join|Doctor Ciel
|
|switch|p1a: Lucario|Lucario, F|253\/281
|turn|8
|join|anfdsv
|
|move|p2a: die|Taunt|p1a: Lucario
|-start|p1a: Lucario|move: Taunt
|cant|p1a: Lucario|move: Taunt|Swords Dance
|
|-status|p2a: die|slp
|turn|9
|
|switch|p2a: fast bat|Crobat, M|373\/373
|switch|p1a: Porygon-Z|Porygon-Z|331\/331
|
|-sideend|p1: DrReuniclus100|Reflect
|turn|10
|
|move|p2a: fast bat|Brave Bird|p1a: Porygon-Z
|-damage|p1a: Porygon-Z|126\/331
|-damage|p2a: fast bat|305\/373|[from] recoil|[of] p1a: Porygon-Z
|move|p1a: Porygon-Z|Agility|p1a: Porygon-Z
|-boost|p1a: Porygon-Z|spe|2
|
|-heal|p2a: fast bat|328\/373|[from] item: Black Sludge
|turn|11
|join|NekoNecross
|
|switch|p2a: wall|Umbreon, F|394\/394
|move|p1a: Porygon-Z|Tri Attack|p2a: wall
|-damage|p2a: wall|268\/394
|-status|p2a: wall|par
|-status|p1a: Porygon-Z|par
|-enditem|p1a: Porygon-Z|Lum Berry|[eat]
|-curestatus|p1a: Porygon-Z|par
|
|-heal|p2a: wall|292\/394 par|[from] item: Leftovers
|turn|12
|join|thymetime
|
|move|p1a: Porygon-Z|Nasty Plot|p1a: Porygon-Z
|-boost|p1a: Porygon-Z|spa|2
|move|p2a: wall|Heal Bell|p2a: wall
|-cureteam|p2a: wall|[from] move: HealBell
|
|-heal|p2a: wall|316\/394|[from] item: Leftovers
|turn|13
|
|move|p1a: Porygon-Z|Nasty Plot|p1a: Porygon-Z
|-boost|p1a: Porygon-Z|spa|2
|move|p2a: wall|Foul Play|p1a: Porygon-Z
|-damage|p1a: Porygon-Z|5\/331
|
|-heal|p2a: wall|340\/394|[from] item: Leftovers
|-sideend|p1: DrReuniclus100|move: Light Screen
|turn|14
|
|move|p2a: wall|Protect|p2a: wall
|-singleturn|p2a: wall|Protect
|move|p1a: Porygon-Z|Tri Attack|p2a: wall
|-activate|p2a: wall|Protect
|
|-heal|p2a: wall|364\/394|[from] item: Leftovers
|turn|15
|
|move|p1a: Porygon-Z|Tri Attack|p2a: wall
|-damage|p2a: wall|0 fnt
|faint|p2a: wall
|
|
|switch|p2a: switchins where|Lopunny, M|271\/271
|turn|16
|
|detailschange|p2a: switchins where|Lopunny-Mega, M
|message|Lopunny has Mega Evolved into Mega Lopunny!
|move|p2a: switchins where|Fake Out|p1a: Porygon-Z
|-damage|p1a: Porygon-Z|0 fnt
|faint|p1a: Porygon-Z
|
|
|switch|p1a: Zygarde|Zygarde|358\/358
|-ability|p1a: Zygarde|Aura Break
|turn|17
|
|move|p2a: switchins where|High Jump Kick|p1a: Zygarde|[miss]
|-miss|p2a: switchins where|p1a: Zygarde
|-damage|p2a: switchins where|136\/271|[from] highjumpkick
|move|p1a: Zygarde|Dragon Dance|p1a: Zygarde
|-boost|p1a: Zygarde|atk|1
|-boost|p1a: Zygarde|spe|1
|
|turn|18
|c| NekoNecross|hjk it
|c|★DrReuniclus100|keeeeeek
|c| Doctor Ciel|POP
|c| NekoNecross|it not the ground*
|
|switch|p2a: rocks|Swampert, M|404\/404
|move|p1a: Zygarde|Extreme Speed|p2a: rocks
|-crit|p2a: rocks
|-damage|p2a: rocks|195\/404
|-damage|p1a: Zygarde|323\/358|[from] item: Life Orb
|
|-heal|p2a: rocks|220\/404|[from] item: Leftovers
|turn|19
|c| Doctor Ciel|Haw
|
|move|p1a: Zygarde|Earthquake|p2a: rocks
|-damage|p2a: rocks|0 fnt
|-damage|p1a: Zygarde|288\/358|[from] item: Life Orb
|faint|p2a: rocks
|
|
|switch|p2a: die|Krookodile, F|344\/344
|-ability|p2a: die|Intimidate|[of] p1a: Zygarde
|-unboost|p1a: Zygarde|atk|1
|turn|20
|
|move|p1a: Zygarde|Dragon Dance|p1a: Zygarde
|-boost|p1a: Zygarde|atk|1
|-boost|p1a: Zygarde|spe|1
|move|p2a: die|Knock Off|p1a: Zygarde
|-crit|p1a: Zygarde
|-damage|p1a: Zygarde|62\/358
|-enditem|p1a: Zygarde|Life Orb|[from] move: Knock Off|[of] p2a: die
|
|turn|21
|
|switch|p2a: fast bat|Crobat, M|328\/373
|move|p1a: Zygarde|Outrage|p2a: fast bat
|-damage|p2a: fast bat|0 fnt
|faint|p2a: fast bat
|
|leave|thymetime
|
|switch|p2a: switchins where|Lopunny-Mega, M|136\/271
|turn|22
|
|move|p2a: switchins where|Fake Out|p1a: Zygarde
|-damage|p1a: Zygarde|4\/358
|cant|p1a: Zygarde|flinch
|
|turn|23
|
|move|p2a: switchins where|Quick Attack|p1a: Zygarde
|-damage|p1a: Zygarde|0 fnt
|faint|p1a: Zygarde
|
|c|★DrReuniclus100|o
|
|switch|p1a: Diancie|Diancie|304\/304
|turn|24
|
|switch|p2a: keldeo counter|Amoonguss, F|400\/400
|move|p1a: Diancie|Reflect|p1a: Diancie
|-sidestart|p1: DrReuniclus100|Reflect
|
|turn|25
|
|move|p1a: Diancie|Light Screen|p1a: Diancie
|-sidestart|p1: DrReuniclus100|move: Light Screen
|move|p2a: keldeo counter|Giga Drain|p1a: Diancie
|-supereffective|p1a: Diancie
|-damage|p1a: Diancie|243\/304
|
|turn|26
|
|move|p1a: Diancie|Diamond Storm|p2a: keldeo counter
|-crit|p2a: keldeo counter
|-damage|p2a: keldeo counter|175\/400
|move|p2a: keldeo counter|Giga Drain|p1a: Diancie
|-supereffective|p1a: Diancie
|-damage|p1a: Diancie|177\/304
|-heal|p2a: keldeo counter|208\/400|[from] drain|[of] p1a: Diancie
|
|-heal|p2a: keldeo counter|233\/400|[from] item: Black Sludge
|turn|27
|
|move|p1a: Diancie|Explosion|p2a: keldeo counter
|-damage|p2a: keldeo counter|16\/400
|faint|p1a: Diancie
|move|p2a: keldeo counter|Spore|p1: Diancie|[notarget]
|-notarget
|
|-heal|p2a: keldeo counter|41\/400|[from] item: Black Sludge
|c| Sathyro|lol
|
|switch|p1a: Haxorus|Haxorus, M|294\/294
|-ability|p1a: Haxorus|Mold Breaker
|turn|28
|
|switch|p2a: die|Krookodile, F|344\/344
|-ability|p2a: die|Intimidate|[of] p1a: Haxorus
|-unboost|p1a: Haxorus|atk|1
|move|p1a: Haxorus|Dragon Dance|p1a: Haxorus
|-boost|p1a: Haxorus|atk|1
|-boost|p1a: Haxorus|spe|1
|
|turn|29
|
|move|p1a: Haxorus|Swords Dance|p1a: Haxorus
|-boost|p1a: Haxorus|atk|2
|move|p2a: die|Knock Off|p1a: Haxorus
|-damage|p1a: Haxorus|188\/294
|-enditem|p1a: Haxorus|Lum Berry|[from] move: Knock Off|[of] p2a: die
|
|turn|30
|
|move|p1a: Haxorus|Dragon Claw|p2a: die
|-damage|p2a: die|0 fnt
|faint|p2a: die
|
|
|switch|p2a: switchins where|Lopunny-Mega, M|136\/271
|turn|31
|
|move|p2a: switchins where|Fake Out|p1a: Haxorus
|-damage|p1a: Haxorus|146\/294
|cant|p1a: Haxorus|flinch
|
|-sideend|p1: DrReuniclus100|Reflect
|turn|32
|
|switch|p2a: keldeo counter|Amoonguss, F|174\/400
|move|p1a: Haxorus|Dragon Claw|p2a: keldeo counter
|-damage|p2a: keldeo counter|0 fnt
|faint|p2a: keldeo counter
|
|-sideend|p1: DrReuniclus100|move: Light Screen
|
|switch|p2a: switchins where|Lopunny-Mega, M|136\/271
|turn|33
|c| NekoNecross|hope fo da best
|c|★DrReuniclus100|is q attack going to kill after fake out
|c| NekoNecross|:i
|c|★DrReuniclus100|:((((
|c|★DrReuniclus100|I hope not
|c| NekoNecross|nahh
|
|move|p2a: switchins where|Fake Out|p1a: Haxorus
|-damage|p1a: Haxorus|65\/294
|cant|p1a: Haxorus|flinch
|
|turn|34
|c|★DrReuniclus100|o
|c|★DrReuniclus100|it will
|c|★DrReuniclus100|fuuuuuuk
|c| NekoNecross|hum
|
|move|p2a: switchins where|Quick Attack|p1a: Haxorus
|-damage|p1a: Haxorus|0 fnt
|faint|p1a: Haxorus
|
|c|★warzoid|quick attack
|c| Sathyro|that max dmg roll, lol.
|c| NekoNecross|ooo
|
|switch|p1a: Lucario|Lucario, F|253\/281
|turn|35
|c| NekoNecross|nice
|c|★warzoid|literally new meta
|c|★DrReuniclus100|nice n max
|
|move|p1a: Lucario|Extreme Speed|p2a: switchins where
|-damage|p2a: switchins where|18\/271
|-damage|p1a: Lucario|225\/281|[from] item: Life Orb
|move|p2a: switchins where|High Jump Kick|p1a: Lucario
|-supereffective|p1a: Lucario
|-damage|p1a: Lucario|0 fnt
|faint|p1a: Lucario
|
|win|warzoid
|c|★warzoid|gg
|leave|DrReuniclus100
|player|p1
|leave|Doctor Ciel
|leave|Meelaes
|c| NekoNecross|gg