|join|LDPaul
|join|xTraSmallDick
|player|p1|LDPaul|170
|player|p2|xTraSmallDick|1
|gametype|singles
|gen|6
|tier|OU
|rated
|clearpoke
|poke|p1|Diggersby, M
|poke|p1|Raikou
|poke|p1|Azelf
|poke|p1|Bisharp, M
|poke|p1|Slowbro, M
|poke|p1|Landorus, M
|poke|p2|Medicham, M
|poke|p2|Bisharp, M
|poke|p2|Talonflame, F
|poke|p2|Tyranitar, F
|poke|p2|Excadrill, F
|poke|p2|Azumarill, F
|rule|Swagger Clause: Swagger is banned
|rule|Baton Pass Clause: Limit one Pokémon knowing Baton Pass
|rule|Sleep Clause Mod: Limit one foe put to sleep
|rule|Species Clause: Limit one of each Pokémon
|rule|OHKO Clause: OHKO moves are banned
|rule|Moody Clause: Moody is banned
|rule|Evasion Moves Clause: Evasion moves are banned
|rule|Endless Battle Clause: Forcing endless battles is banned
|rule|HP Percentage Mod: HP is shown in percentages
|teampreview
|
|start
|switch|p1a: Azelf|Azelf|291\/291
|switch|p2a: Medicham|Medicham, M|261\/261
|turn|1
|
|detailschange|p2a: Medicham|Medicham-Mega, M
|-mega|p2a: Medicham|Medicham|Medichamite
|move|p2a: Medicham|Fake Out|p1a: Azelf
|-damage|p1a: Azelf|177\/291
|cant|p1a: Azelf|flinch
|
|turn|2
|
|move|p1a: Azelf|Stealth Rock|p2a: Medicham
|-sidestart|p2: xTraSmallDick|move: Stealth Rock
|move|p2a: Medicham|Ice Punch|p1a: Azelf
|-damage|p1a: Azelf|0 fnt
|faint|p1a: Azelf
|
|
|switch|p1a: Raikou|Raikou|321\/321
|-ability|p1a: Raikou|Pressure
|turn|3
|
|switch|p2a: Tyranitar|Tyranitar, F|404\/404
|-damage|p2a: Tyranitar|354\/404|[from] Stealth Rock
|-weather|Sandstorm
|move|p1a: Raikou|Shadow Ball|p2a: Tyranitar
|-resisted|p2a: Tyranitar
|-damage|p2a: Tyranitar|335\/404
|
|-weather|Sandstorm|[upkeep]
|-damage|p1a: Raikou|301\/321|[from] sandstorm
|-heal|p1a: Raikou|321\/321|[from] item: Leftovers
|turn|4
|
|move|p1a: Raikou|Volt Switch|p2a: Tyranitar
|-damage|p2a: Tyranitar|280\/404
|
|move|p2a: Tyranitar|Pursuit|p1a: Raikou|[from]Pursuit
|-damage|p1a: Raikou|167\/321
|switch|p1a: Landorus|Landorus, M|319\/319
|
|-weather|Sandstorm|[upkeep]
|turn|5
|
|switch|p2a: Talonflame|Talonflame, F|327\/327
|-damage|p2a: Talonflame|164\/327|[from] Stealth Rock
|move|p1a: Landorus|Rock Polish|p1a: Landorus
|-boost|p1a: Landorus|spe|2
|
|-weather|Sandstorm|[upkeep]
|-damage|p2a: Talonflame|144\/327|[from] sandstorm
|turn|6
|
|move|p2a: Talonflame|Brave Bird|p1a: Landorus
|-damage|p1a: Landorus|106\/319
|-damage|p2a: Talonflame|74\/327|[from] recoil|[of] p1a: Landorus
|move|p1a: Landorus|Psychic|p2a: Talonflame
|-damage|p2a: Talonflame|0 fnt
|faint|p2a: Talonflame
|
|-weather|Sandstorm|[upkeep]
|
|switch|p2a: Azumarill|Azumarill, F|381\/381
|-damage|p2a: Azumarill|334\/381|[from] Stealth Rock
|turn|7
|
|switch|p1a: Slowbro|Slowbro, M|394\/394
|move|p2a: Azumarill|Aqua Jet|p1a: Slowbro
|-resisted|p1a: Slowbro
|-damage|p1a: Slowbro|351\/394
|
|-weather|Sandstorm|[upkeep]
|-damage|p2a: Azumarill|311\/381|[from] sandstorm
|-damage|p1a: Slowbro|327\/394|[from] sandstorm
|turn|8
|
|detailschange|p1a: Slowbro|Slowbro-Mega, M
|-mega|p1a: Slowbro|Slowbro|Slowbronite
|move|p2a: Azumarill|Knock Off|p1a: Slowbro
|-supereffective|p1a: Slowbro
|-damage|p1a: Slowbro|223\/394
|move|p1a: Slowbro|Psyshock|p2a: Azumarill
|-damage|p2a: Azumarill|125\/381
|
|-weather|Sandstorm|[upkeep]
|-damage|p2a: Azumarill|102\/381|[from] sandstorm
|-damage|p1a: Slowbro|199\/394|[from] sandstorm
|turn|9
|
|switch|p2a: Tyranitar|Tyranitar, F|280\/404
|-damage|p2a: Tyranitar|230\/404|[from] Stealth Rock
|move|p1a: Slowbro|Scald|p2a: Tyranitar
|-supereffective|p2a: Tyranitar
|-damage|p2a: Tyranitar|78\/404
|-status|p2a: Tyranitar|brn
|
|-weather|Sandstorm|[upkeep]
|-damage|p1a: Slowbro|175\/394|[from] sandstorm
|-damage|p2a: Tyranitar|28\/404 brn|[from] brn
|turn|10
|c|★xTraSmallDick|god damn cunt
|c|★xTraSmallDick|lol
|
|move|p2a: Tyranitar|Stealth Rock|p1a: Slowbro
|-sidestart|p1: LDPaul|move: Stealth Rock
|move|p1a: Slowbro|Slack Off|p1a: Slowbro
|-heal|p1a: Slowbro|372\/394
|
|-weather|none
|-damage|p2a: Tyranitar|0 fnt|[from] brn
|faint|p2a: Tyranitar
|
|switch|p2a: Bisharp|Bisharp, M|272\/272
|-damage|p2a: Bisharp|255\/272|[from] Stealth Rock
|turn|11
|
|move|p2a: Bisharp|Swords Dance|p2a: Bisharp
|-boost|p2a: Bisharp|atk|2
|move|p1a: Slowbro|Fire Blast|p2a: Bisharp
|-supereffective|p2a: Bisharp
|-damage|p2a: Bisharp|0 fnt
|faint|p2a: Bisharp
|
|c|★xTraSmallDick|ah god damn
|c|★xTraSmallDick|how did i lose to a cunt like u
|c|★xTraSmallDick|how
|c|★xTraSmallDick|how
|c|★xTraSmallDick|how
|c|★xTraSmallDick|how
|c|★xTraSmallDick|how
|c|★xTraSmallDick|how
|c|★xTraSmallDick|how
|c|★LDPaul|WTF
|c|★LDPaul|WHY you are so mean
|c|★LDPaul|ahahahhaa
|
|switch|p2a: Medicham|Medicham-Mega, M|261\/261
|-damage|p2a: Medicham|245\/261|[from] Stealth Rock
|turn|12
|
|move|p2a: Medicham|Fake Out|p1a: Slowbro
|-damage|p1a: Slowbro|323\/394
|cant|p1a: Slowbro|flinch
|
|turn|13
|
|move|p2a: Medicham|Zen Headbutt|p1a: Slowbro|[miss]
|-miss|p2a: Medicham|p1a: Slowbro
|move|p1a: Slowbro|Scald|p2a: Medicham
|-crit|p2a: Medicham
|-damage|p2a: Medicham|0 fnt
|faint|p2a: Medicham
|
|c|★xTraSmallDick|LOL
|c|★LDPaul|ΑΗΑΗΑΗΗΑΗΑ
|
|switch|p2a: Excadrill|Excadrill, F|362\/362
|-damage|p2a: Excadrill|351\/362|[from] Stealth Rock
|turn|14
|
|move|p2a: Excadrill|Earthquake|p1a: Slowbro
|-damage|p1a: Slowbro|159\/394
|-damage|p2a: Excadrill|315\/362|[from] item: Life Orb
|move|p1a: Slowbro|Scald|p2a: Excadrill
|-supereffective|p2a: Excadrill
|-damage|p2a: Excadrill|0 fnt
|faint|p2a: Excadrill
|
|-message|xTraSmallDick lost due to inactivity.
|
|win|LDPaul
|raw|Ladder updating...
|raw|LDPaul's rating: 1389 &rarr; <strong>1407<\/strong><br \/>(+18 for winning)
|raw|xTraSmallDick's rating: 1363 &rarr; <strong>1345<\/strong><br \/>(-18 for losing)
|leave|xTraSmallDick
|player|p2