|join|alaskanwlarus
|join|Yojimbo FFX
|player|p1|alaskanwlarus|169
|player|p2|Yojimbo FFX|260
|gametype|singles
|gen|6
|tier|UU
|rated
|rule|Sleep Clause Mod: Limit one foe put to sleep
|rule|Species Clause: Limit one of each Pokémon
|rule|OHKO Clause: OHKO moves are banned
|rule|Moody Clause: Moody is banned
|rule|Evasion Moves Clause: Evasion moves are banned
|rule|Endless Battle Clause: Forcing endless battles is banned
|rule|HP Percentage Mod: HP is shown in percentages
|clearpoke
|poke|p1|Beedrill, M
|poke|p1|Alakazam, F
|poke|p1|Donphan, M
|poke|p1|Mienshao, M
|poke|p1|Milotic, F
|poke|p1|Hydreigon, M
|poke|p2|Roserade, M
|poke|p2|Arcanine, M, shiny
|poke|p2|Drifblim, F, shiny
|poke|p2|Tentacruel, F
|poke|p2|Swampert, F
|poke|p2|Zygarde
|rule|Swagger Clause: Swagger is banned
|rule|Baton Pass Clause: Limit one Pokémon knowing Baton Pass
|teampreview
|c|★alaskanwlarus|gl hf
|
|start
|switch|p1a: Mienshao|Mienshao, M|272\/272
|switch|p2a: Golden Sun|Arcanine, M, shiny|384\/384
|-ability|p2a: Golden Sun|Intimidate|[of] p1a: Mienshao
|-unboost|p1a: Mienshao|atk|1
|turn|1
|
|move|p1a: Mienshao|Fake Out|p2a: Golden Sun
|-damage|p2a: Golden Sun|353\/384
|-damage|p1a: Mienshao|245\/272|[from] item: Life Orb
|cant|p2a: Golden Sun|flinch
|
|-heal|p2a: Golden Sun|377\/384|[from] item: Leftovers
|turn|2
|
|move|p2a: Golden Sun|Extreme Speed|p1a: Mienshao
|-damage|p1a: Mienshao|141\/272
|move|p1a: Mienshao|U-turn|p2a: Golden Sun
|-resisted|p2a: Golden Sun
|-damage|p2a: Golden Sun|350\/384
|-damage|p1a: Mienshao|114\/272|[from] item: Life Orb
|
|switch|p1a: Donphan|Donphan, M|384\/384
|
|-heal|p2a: Golden Sun|374\/384|[from] item: Leftovers
|turn|3
|
|move|p2a: Golden Sun|Will-O-Wisp|p1a: Donphan
|-status|p1a: Donphan|brn
|move|p1a: Donphan|Stealth Rock|p2a: Golden Sun
|-sidestart|p2: Yojimbo FFX|move: Stealth Rock
|
|-heal|p2a: Golden Sun|384\/384|[from] item: Leftovers
|-damage|p1a: Donphan|336\/384 brn|[from] brn
|turn|4
|
|switch|p2a: Big Patty|Swampert, F|362\/362
|-damage|p2a: Big Patty|340\/362|[from] Stealth Rock
|move|p1a: Donphan|Earthquake|p2a: Big Patty
|-damage|p2a: Big Patty|273\/362
|
|-heal|p1a: Donphan|360\/384 brn|[from] item: Leftovers
|-damage|p1a: Donphan|312\/384 brn|[from] brn
|turn|5
|
|switch|p1a: Hydreigon|Hydreigon, M|326\/326
|detailschange|p2a: Big Patty|Swampert-Mega, F
|-mega|p2a: Big Patty|Swampert|Swampertite
|move|p2a: Big Patty|Rain Dance|p2a: Big Patty
|-weather|RainDance
|
|-weather|RainDance|[upkeep]
|turn|6
|
|move|p1a: Hydreigon|Draco Meteor|p2a: Big Patty
|-damage|p2a: Big Patty|78\/362
|-unboost|p1a: Hydreigon|spa|2
|move|p2a: Big Patty|Ice Punch|p1a: Hydreigon
|-supereffective|p1a: Hydreigon
|-damage|p1a: Hydreigon|126\/326
|-status|p1a: Hydreigon|frz
|
|-weather|RainDance|[upkeep]
|turn|7
|c|★alaskanwlarus|well shit
|
|cant|p1a: Hydreigon|frz
|move|p2a: Big Patty|Ice Punch|p1a: Hydreigon
|-crit|p1a: Hydreigon
|-supereffective|p1a: Hydreigon
|-damage|p1a: Hydreigon|0 fnt
|faint|p1a: Hydreigon
|
|-weather|RainDance|[upkeep]
|
|switch|p1a: Alakazam|Alakazam, F|252\/252
|turn|8
|
|move|p2a: Big Patty|Waterfall|p1a: Alakazam
|-enditem|p1a: Alakazam|Focus Sash
|-damage|p1a: Alakazam|1\/252
|cant|p1a: Alakazam|flinch
|
|-weather|RainDance|[upkeep]
|turn|9
|c|★alaskanwlarus|wow gg
|-message|alaskanwlarus forfeited.
|leave|alaskanwlarus
|
|win|Yojimbo FFX
|raw|Ladder updating...
|player|p1
|raw|alaskanwlarus's rating: 1310 &rarr; <strong>1285<\/strong><br \/>(-25 for losing)
|raw|Yojimbo FFX's rating: 1226 &rarr; <strong>1257<\/strong><br \/>(+31 for winning)