|join|crazybones
|join|Rhayader
|player|p1|crazybones|211
|player|p2|Rhayader|40
|gametype|singles
|gen|6
|tier|OU
|rated
|clearpoke
|poke|p1|Gardevoir, M
|poke|p1|Keldeo-Resolute
|poke|p1|Ferrothorn, F
|poke|p1|Hippowdon, M
|poke|p1|Latias, F
|poke|p1|Ditto
|poke|p2|Zapdos
|poke|p2|Talonflame, F
|poke|p2|Blastoise, M
|poke|p2|Chesnaught, M
|poke|p2|Latias, F
|poke|p2|Mamoswine, M
|rule|Swagger Clause: Swagger is banned
|rule|Baton Pass Clause: Limit one Pokémon knowing Baton Pass
|rule|Sleep Clause Mod: Limit one foe put to sleep
|rule|Species Clause: Limit one of each Pokémon
|rule|OHKO Clause: OHKO moves are banned
|rule|Moody Clause: Moody is banned
|rule|Evasion Moves Clause: Evasion moves are banned
|rule|Endless Battle Clause: Forcing endless battles is banned
|rule|HP Percentage Mod: HP is shown in percentages
|teampreview
|
|start
|switch|p1a: Ferrothorn|Ferrothorn, F|351\/351
|switch|p2a: Drop Birde|Blastoise, M|361\/361
|turn|1
|
|detailschange|p2a: Drop Birde|Blastoise-Mega, M
|-mega|p2a: Drop Birde|Blastoise|Blastoisinite
|move|p2a: Drop Birde|Aura Sphere|p1a: Ferrothorn
|-supereffective|p1a: Ferrothorn
|-damage|p1a: Ferrothorn|87\/351
|move|p1a: Ferrothorn|Leech Seed|p2a: Drop Birde
|-start|p2a: Drop Birde|move: Leech Seed
|
|-heal|p1a: Ferrothorn|108\/351|[from] item: Leftovers
|-damage|p2a: Drop Birde|316\/361|[from] Leech Seed|[of] p1a: Ferrothorn
|-heal|p1a: Ferrothorn|153\/351|[silent]
|turn|2
|
|move|p1a: Ferrothorn|Protect|p1a: Ferrothorn
|-singleturn|p1a: Ferrothorn|Protect
|move|p2a: Drop Birde|Aura Sphere|p1a: Ferrothorn
|-activate|p1a: Ferrothorn|Protect
|
|-heal|p1a: Ferrothorn|174\/351|[from] item: Leftovers
|-damage|p2a: Drop Birde|271\/361|[from] Leech Seed|[of] p1a: Ferrothorn
|-heal|p1a: Ferrothorn|219\/351|[silent]
|turn|3
|
|switch|p2a: Wood Birde|Chesnaught, M|325\/325
|switch|p1a: Gardevoir|Gardevoir, M|277\/277
|
|turn|4
|
|switch|p2a: Scorch Birde|Talonflame, F|359\/359
|detailschange|p1a: Gardevoir|Gardevoir-Mega, M
|-mega|p1a: Gardevoir|Gardevoir|Gardevoirite
|move|p1a: Gardevoir|Hyper Voice|p2a: Scorch Birde
|-resisted|p2a: Scorch Birde
|-damage|p2a: Scorch Birde|243\/359
|
|-heal|p2a: Scorch Birde|265\/359|[from] item: Leftovers
|turn|5
|
|switch|p1a: Hippowdon|Hippowdon, M|419\/419
|-weather|Sandstorm
|move|p2a: Scorch Birde|Bulk Up|p2a: Scorch Birde
|-boost|p2a: Scorch Birde|atk|1
|-boost|p2a: Scorch Birde|def|1
|
|-weather|Sandstorm|[upkeep]
|-damage|p2a: Scorch Birde|243\/359|[from] sandstorm
|-heal|p2a: Scorch Birde|265\/359|[from] item: Leftovers
|turn|6
|
|move|p2a: Scorch Birde|Will-O-Wisp|p1a: Hippowdon|[miss]
|-miss|p2a: Scorch Birde|p1a: Hippowdon
|move|p1a: Hippowdon|Stealth Rock|p2a: Scorch Birde
|-sidestart|p2: Rhayader|move: Stealth Rock
|
|-weather|Sandstorm|[upkeep]
|-damage|p2a: Scorch Birde|243\/359|[from] sandstorm
|-heal|p2a: Scorch Birde|265\/359|[from] item: Leftovers
|turn|7
|
|switch|p1a: Ferrothorn|Ferrothorn, F|219\/351
|move|p2a: Scorch Birde|Will-O-Wisp|p1a: Ferrothorn|[miss]
|-miss|p2a: Scorch Birde|p1a: Ferrothorn
|
|-weather|Sandstorm|[upkeep]
|-damage|p2a: Scorch Birde|243\/359|[from] sandstorm
|-heal|p2a: Scorch Birde|265\/359|[from] item: Leftovers
|-heal|p1a: Ferrothorn|240\/351|[from] item: Leftovers
|turn|8
|
|move|p2a: Scorch Birde|Will-O-Wisp|p1a: Ferrothorn
|-status|p1a: Ferrothorn|brn
|move|p1a: Ferrothorn|Leech Seed|p2a: Scorch Birde
|-start|p2a: Scorch Birde|move: Leech Seed
|
|-weather|Sandstorm|[upkeep]
|-damage|p2a: Scorch Birde|243\/359|[from] sandstorm
|-heal|p2a: Scorch Birde|265\/359|[from] item: Leftovers
|-heal|p1a: Ferrothorn|261\/351 brn|[from] item: Leftovers
|-damage|p2a: Scorch Birde|221\/359|[from] Leech Seed|[of] p1a: Ferrothorn
|-heal|p1a: Ferrothorn|305\/351 brn|[silent]
|-damage|p1a: Ferrothorn|262\/351 brn|[from] brn
|turn|9
|
|switch|p2a: Drop Birde|Blastoise-Mega, M|271\/361
|-damage|p2a: Drop Birde|226\/361|[from] Stealth Rock
|move|p1a: Ferrothorn|Leech Seed|p2a: Drop Birde
|-start|p2a: Drop Birde|move: Leech Seed
|
|-weather|none
|-heal|p1a: Ferrothorn|283\/351 brn|[from] item: Leftovers
|-damage|p2a: Drop Birde|181\/361|[from] Leech Seed|[of] p1a: Ferrothorn
|-heal|p1a: Ferrothorn|328\/351 brn|[silent]
|-damage|p1a: Ferrothorn|285\/351 brn|[from] brn
|turn|10
|
|switch|p1a: Gardevoir|Gardevoir-Mega, M|277\/277
|move|p2a: Drop Birde|Rapid Spin|p1a: Gardevoir
|-crit|p1a: Gardevoir
|-damage|p1a: Gardevoir|249\/277
|-end|p2a: Drop Birde|Leech Seed|[from] move: Rapid Spin|[of] p2a: Drop Birde
|-sideend|p2: Rhayader|Stealth Rock|[from] move: Rapid Spin|[of] p2a: Drop Birde
|
|turn|11
|
|move|p1a: Gardevoir|Hyper Voice|p2a: Drop Birde
|-damage|p2a: Drop Birde|0 fnt
|faint|p2a: Drop Birde
|
|
|switch|p2a: Frost Birde|Mamoswine, M|361\/361
|turn|12
|
|switch|p1a: Ferrothorn|Ferrothorn, F|285\/351 brn
|move|p2a: Frost Birde|Endeavor|p1a: Ferrothorn
|-immune|p1a: Ferrothorn|[msg]
|-fail|p1a: Ferrothorn
|
|-heal|p1a: Ferrothorn|306\/351 brn|[from] item: Leftovers
|-damage|p1a: Ferrothorn|263\/351 brn|[from] brn
|turn|13
|
|switch|p2a: Wood Birde|Chesnaught, M|325\/325
|move|p1a: Ferrothorn|Spikes|p2a: Wood Birde
|-sidestart|p2: Rhayader|Spikes
|
|-heal|p1a: Ferrothorn|284\/351 brn|[from] item: Leftovers
|-damage|p1a: Ferrothorn|241\/351 brn|[from] brn
|turn|14
|
|switch|p1a: Gardevoir|Gardevoir-Mega, M|249\/277
|move|p2a: Wood Birde|Spikes|p1a: Gardevoir
|-sidestart|p1: crazybones|Spikes
|
|turn|15
|
|switch|p2a: Scorch Birde|Talonflame, F|221\/359
|move|p1a: Gardevoir|Hyper Voice|p2a: Scorch Birde
|-resisted|p2a: Scorch Birde
|-damage|p2a: Scorch Birde|117\/359
|
|-heal|p2a: Scorch Birde|139\/359|[from] item: Leftovers
|turn|16
|
|move|p2a: Scorch Birde|Roost|p2a: Scorch Birde
|-heal|p2a: Scorch Birde|319\/359
|move|p1a: Gardevoir|Psyshock|p2a: Scorch Birde
|-damage|p2a: Scorch Birde|75\/359
|
|-heal|p2a: Scorch Birde|97\/359|[from] item: Leftovers
|turn|17
|
|move|p2a: Scorch Birde|Brave Bird|p1a: Gardevoir
|-damage|p1a: Gardevoir|89\/277
|-damage|p2a: Scorch Birde|44\/359|[from] recoil|[of] p1a: Gardevoir
|move|p1a: Gardevoir|Psyshock|p2a: Scorch Birde
|-damage|p2a: Scorch Birde|0 fnt
|faint|p2a: Scorch Birde
|
|
|switch|p2a: Frost Birde|Mamoswine, M|361\/361
|-damage|p2a: Frost Birde|316\/361|[from] Spikes
|turn|18
|
|switch|p1a: Ferrothorn|Ferrothorn, F|241\/351 brn
|-damage|p1a: Ferrothorn|198\/351 brn|[from] Spikes
|move|p2a: Frost Birde|Ice Shard|p1a: Ferrothorn
|-damage|p1a: Ferrothorn|158\/351 brn
|
|-heal|p1a: Ferrothorn|179\/351 brn|[from] item: Leftovers
|-damage|p1a: Ferrothorn|136\/351 brn|[from] brn
|turn|19
|
|move|p2a: Frost Birde|Stealth Rock|p1a: Ferrothorn
|-sidestart|p1: crazybones|move: Stealth Rock
|move|p1a: Ferrothorn|Gyro Ball|p2a: Frost Birde
|-supereffective|p2a: Frost Birde
|-damage|p2a: Frost Birde|112\/361
|
|-heal|p1a: Ferrothorn|157\/351 brn|[from] item: Leftovers
|-damage|p1a: Ferrothorn|114\/351 brn|[from] brn
|turn|20
|
|switch|p2a: Wood Birde|Chesnaught, M|325\/325
|-damage|p2a: Wood Birde|285\/325|[from] Spikes
|move|p1a: Ferrothorn|Gyro Ball|p2a: Wood Birde
|-immune|p2a: Wood Birde|[msg]|[from] Bulletproof
|
|-heal|p2a: Wood Birde|305\/325|[from] item: Leftovers
|-heal|p1a: Ferrothorn|135\/351 brn|[from] item: Leftovers
|-damage|p1a: Ferrothorn|92\/351 brn|[from] brn
|turn|21
|
|move|p2a: Wood Birde|Wood Hammer|p1a: Ferrothorn
|-resisted|p1a: Ferrothorn
|-damage|p1a: Ferrothorn|61\/351 brn
|-damage|p2a: Wood Birde|265\/325|[from] ability: Iron Barbs|[of] p1a: Ferrothorn
|-damage|p2a: Wood Birde|255\/325|[from] recoil|[of] p1a: Ferrothorn
|move|p1a: Ferrothorn|Spikes|p2a: Wood Birde
|-sidestart|p2: Rhayader|Spikes
|
|-heal|p2a: Wood Birde|275\/325|[from] item: Leftovers
|-heal|p1a: Ferrothorn|82\/351 brn|[from] item: Leftovers
|-damage|p1a: Ferrothorn|39\/351 brn|[from] brn
|turn|22
|
|move|p2a: Wood Birde|Spikes|p1a: Ferrothorn
|-sidestart|p1: crazybones|Spikes
|move|p1a: Ferrothorn|Spikes|p2a: Wood Birde
|-sidestart|p2: Rhayader|Spikes
|
|-heal|p2a: Wood Birde|295\/325|[from] item: Leftovers
|-heal|p1a: Ferrothorn|60\/351 brn|[from] item: Leftovers
|-damage|p1a: Ferrothorn|17\/351 brn|[from] brn
|turn|23
|
|move|p2a: Wood Birde|Spikes|p1a: Ferrothorn
|-sidestart|p1: crazybones|Spikes
|move|p1a: Ferrothorn|Spikes|p2a: Wood Birde
|-fail|p2a: Wood Birde
|
|-heal|p2a: Wood Birde|315\/325|[from] item: Leftovers
|-heal|p1a: Ferrothorn|38\/351 brn|[from] item: Leftovers
|-damage|p1a: Ferrothorn|0 fnt|[from] brn
|faint|p1a: Ferrothorn
|
|switch|p1a: Latias|Latias, F|301\/301
|-damage|p1a: Latias|264\/301|[from] Stealth Rock
|turn|24
|
|move|p1a: Latias|Defog|p2a: Wood Birde
|-unboost|p2a: Wood Birde|evasion|1
|-sideend|p2: Rhayader|Spikes|[from] move: Defog|[of] p2a: Wood Birde
|-sideend|p1: crazybones|Spikes|[from] move: Defog|[of] p1a: Latias
|-sideend|p1: crazybones|Stealth Rock|[from] move: Defog|[of] p1a: Latias
|move|p2a: Wood Birde|Leech Seed|p1a: Latias
|-start|p1a: Latias|move: Leech Seed
|
|-heal|p2a: Wood Birde|325\/325|[from] item: Leftovers
|-damage|p1a: Latias|227\/301|[from] Leech Seed|[of] p2a: Wood Birde
|turn|25
|
|move|p1a: Latias|Healing Wish|p1a: Latias
|faint|p1a: Latias
|move|p2a: Wood Birde|Spikes|p1: Latias
|-sidestart|p1: crazybones|Spikes
|
|
|switch|p1a: Gardevoir|Gardevoir-Mega, M|89\/277
|-heal|p1a: Gardevoir|277\/277|[from] move: Healing Wish
|-damage|p1a: Gardevoir|243\/277|[from] Spikes
|turn|26
|
|move|p1a: Gardevoir|Hyper Voice|p2a: Wood Birde
|-supereffective|p2a: Wood Birde
|-damage|p2a: Wood Birde|0 fnt
|faint|p2a: Wood Birde
|
|
|switch|p2a: Charge Birde|Zapdos|383\/383
|-ability|p2a: Charge Birde|Pressure
|turn|27
|
|move|p1a: Gardevoir|Will-O-Wisp|p2a: Charge Birde
|-status|p2a: Charge Birde|brn
|move|p2a: Charge Birde|Charge|p2a: Charge Birde
|-boost|p2a: Charge Birde|spd|1
|-activate|p2a: Charge Birde|move: Charge
|
|-damage|p2a: Charge Birde|336\/383 brn|[from] brn
|turn|28
|
|switch|p1a: Hippowdon|Hippowdon, M|419\/419
|-damage|p1a: Hippowdon|367\/419|[from] Spikes
|-weather|Sandstorm
|move|p2a: Charge Birde|Charge Beam|p1a: Hippowdon
|-immune|p1a: Hippowdon|[msg]
|
|-weather|Sandstorm|[upkeep]
|-damage|p2a: Charge Birde|313\/383 brn|[from] sandstorm
|-heal|p2a: Charge Birde|336\/383 brn|[from] item: Leftovers
|-heal|p1a: Hippowdon|393\/419|[from] item: Leftovers
|-damage|p2a: Charge Birde|289\/383 brn|[from] brn
|turn|29
|
|switch|p2a: Frost Birde|Mamoswine, M|112\/361
|move|p1a: Hippowdon|Whirlwind|p2a: Frost Birde
|drag|p2a: Charge Birde|Zapdos|289\/383 brn
|-ability|p2a: Charge Birde|Pressure
|
|-weather|Sandstorm|[upkeep]
|-damage|p2a: Charge Birde|266\/383 brn|[from] sandstorm
|-heal|p2a: Charge Birde|289\/383 brn|[from] item: Leftovers
|-heal|p1a: Hippowdon|419\/419|[from] item: Leftovers
|-damage|p2a: Charge Birde|242\/383 brn|[from] brn
|turn|30
|
|move|p2a: Charge Birde|Roost|p2a: Charge Birde
|-heal|p2a: Charge Birde|383\/383 brn
|move|p1a: Hippowdon|Whirlwind|p2a: Charge Birde
|drag|p2a: Frost Birde|Mamoswine, M|112\/361
|
|-weather|Sandstorm|[upkeep]
|turn|31
|
|move|p2a: Frost Birde|Endeavor|p1a: Hippowdon
|-damage|p1a: Hippowdon|112\/419
|move|p1a: Hippowdon|Earthquake|p2a: Frost Birde
|-damage|p2a: Frost Birde|0 fnt
|faint|p2a: Frost Birde
|
|-weather|Sandstorm|[upkeep]
|-heal|p1a: Hippowdon|138\/419|[from] item: Leftovers
|
|switch|p2a: Mystic Birde|Latias, F|301\/301
|turn|32
|
|switch|p1a: Keldeo-Resolute|Keldeo-Resolute|323\/323
|-damage|p1a: Keldeo-Resolute|283\/323|[from] Spikes
|move|p2a: Mystic Birde|Psychic|p1a: Keldeo-Resolute
|-supereffective|p1a: Keldeo-Resolute
|-damage|p1a: Keldeo-Resolute|0 fnt
|faint|p1a: Keldeo-Resolute
|
|-weather|none
|
|switch|p1a: Gardevoir|Gardevoir-Mega, M|243\/277
|-damage|p1a: Gardevoir|209\/277|[from] Spikes
|turn|33
|
|move|p2a: Mystic Birde|Psychic|p1a: Gardevoir
|-crit|p1a: Gardevoir
|-resisted|p1a: Gardevoir
|-damage|p1a: Gardevoir|131\/277
|move|p1a: Gardevoir|Hyper Voice|p2a: Mystic Birde
|-supereffective|p2a: Mystic Birde
|-damage|p2a: Mystic Birde|0 fnt
|faint|p2a: Mystic Birde
|
|
|switch|p2a: Charge Birde|Zapdos|383\/383 brn
|-ability|p2a: Charge Birde|Pressure
|turn|34
|
|move|p1a: Gardevoir|Hyper Voice|p2a: Charge Birde
|-damage|p2a: Charge Birde|172\/383 brn
|move|p2a: Charge Birde|Charge|p2a: Charge Birde
|-boost|p2a: Charge Birde|spd|1
|-activate|p2a: Charge Birde|move: Charge
|
|-heal|p2a: Charge Birde|195\/383 brn|[from] item: Leftovers
|-damage|p2a: Charge Birde|148\/383 brn|[from] brn
|turn|35
|
|move|p1a: Gardevoir|Psyshock|p2a: Charge Birde
|-damage|p2a: Charge Birde|3\/383 brn
|move|p2a: Charge Birde|Roost|p2a: Charge Birde
|-heal|p2a: Charge Birde|195\/383 brn
|
|-heal|p2a: Charge Birde|218\/383 brn|[from] item: Leftovers
|-damage|p2a: Charge Birde|171\/383 brn|[from] brn
|turn|36
|
|move|p1a: Gardevoir|Hyper Voice|p2a: Charge Birde
|-damage|p2a: Charge Birde|15\/383 brn
|move|p2a: Charge Birde|Roost|p2a: Charge Birde
|-heal|p2a: Charge Birde|207\/383 brn
|
|-heal|p2a: Charge Birde|230\/383 brn|[from] item: Leftovers
|-damage|p2a: Charge Birde|183\/383 brn|[from] brn
|turn|37
|
|move|p1a: Gardevoir|Hyper Voice|p2a: Charge Birde
|-damage|p2a: Charge Birde|15\/383 brn
|move|p2a: Charge Birde|Roost|p2a: Charge Birde
|-heal|p2a: Charge Birde|207\/383 brn
|
|-heal|p2a: Charge Birde|230\/383 brn|[from] item: Leftovers
|-damage|p2a: Charge Birde|183\/383 brn|[from] brn
|turn|38
|
|move|p1a: Gardevoir|Hyper Voice|p2a: Charge Birde
|-damage|p2a: Charge Birde|32\/383 brn
|move|p2a: Charge Birde|Charge Beam|p1a: Gardevoir
|-damage|p1a: Gardevoir|73\/277
|-boost|p2a: Charge Birde|spa|1
|
|-heal|p2a: Charge Birde|55\/383 brn|[from] item: Leftovers
|-damage|p2a: Charge Birde|8\/383 brn|[from] brn
|turn|39
|
|move|p1a: Gardevoir|Psyshock|p2a: Charge Birde
|-damage|p2a: Charge Birde|0 fnt
|faint|p2a: Charge Birde
|
|win|crazybones
|raw|Ladder updating...
|raw|crazybones's rating: 1510 &rarr; <strong>1533<\/strong><br \/>(+23 for winning)
|raw|Rhayader's rating: 1561 &rarr; <strong>1538<\/strong><br \/>(-23 for losing)
|leave|Rhayader