|join|crazybones
|join|Rooooooger
|player|p1|crazybones|211
|player|p2|Rooooooger|29
|gametype|singles
|gen|6
|tier|OU
|rated
|clearpoke
|poke|p1|Gardevoir, M, shiny
|poke|p1|Jirachi, shiny
|poke|p1|Chansey, F, shiny
|poke|p1|Gothitelle, F, shiny
|poke|p1|Mandibuzz, F, shiny
|poke|p1|Bisharp, F
|poke|p2|Landorus-Therian, M, shiny
|poke|p2|Latios, M
|poke|p2|Gardevoir, F
|poke|p2|Scizor, M
|poke|p2|Keldeo
|poke|p2|Magnezone
|rule|Swagger Clause: Swagger is banned
|rule|Baton Pass Clause: Limit one Pokémon knowing Baton Pass
|rule|Sleep Clause Mod: Limit one foe put to sleep
|rule|Species Clause: Limit one of each Pokémon
|rule|OHKO Clause: OHKO moves are banned
|rule|Moody Clause: Moody is banned
|rule|Evasion Moves Clause: Evasion moves are banned
|rule|Endless Battle Clause: Forcing endless battles is banned
|rule|HP Percentage Mod: HP is shown in percentages
|teampreview
|
|start
|switch|p1a: Bisharp|Bisharp, F|271\/271
|switch|p2a: Magnezone|Magnezone|282\/282
|turn|1
|
|move|p1a: Bisharp|Sucker Punch|p2a: Magnezone
|-damage|p2a: Magnezone|126\/282
|-damage|p1a: Bisharp|244\/271|[from] item: Life Orb
|move|p2a: Magnezone|Thunderbolt|p1a: Bisharp
|-damage|p1a: Bisharp|24\/271
|
|turn|2
|
|switch|p2a: Gardevoir|Gardevoir, F|279\/279
|-ability|p2a: Gardevoir|Defiant|[from] ability: Trace|[of] p1a: Bisharp
|move|p1a: Bisharp|Sucker Punch|p2a: Gardevoir
|-fail|p2a: Gardevoir
|
|turn|3
|
|switch|p1a: Chansey|Chansey, F, shiny|703\/703
|detailschange|p2a: Gardevoir|Gardevoir-Mega, F
|-mega|p2a: Gardevoir|Gardevoir|Gardevoirite
|move|p2a: Gardevoir|Will-O-Wisp|p1a: Chansey
|-status|p1a: Chansey|brn
|
|-damage|p1a: Chansey|616\/703 brn|[from] brn
|turn|4
|
|switch|p2a: Landorus-Therian|Landorus-Therian, M, shiny|319\/319
|-ability|p2a: Landorus-Therian|Intimidate|[of] p1a: Chansey
|-unboost|p1a: Chansey|atk|1
|move|p1a: Chansey|Thunder Wave|p2a: Landorus-Therian
|-immune|p2a: Landorus-Therian|[msg]
|
|-damage|p1a: Chansey|529\/703 brn|[from] brn
|turn|5
|
|move|p2a: Landorus-Therian|Stealth Rock|p1a: Chansey
|-sidestart|p1: crazybones|move: Stealth Rock
|move|p1a: Chansey|Soft-Boiled|p1a: Chansey
|-heal|p1a: Chansey|703\/703 brn
|
|-damage|p1a: Chansey|616\/703 brn|[from] brn
|turn|6
|
|switch|p1a: Mandibuzz|Mandibuzz, F, shiny|423\/423
|-damage|p1a: Mandibuzz|318\/423|[from] Stealth Rock
|move|p2a: Landorus-Therian|Rock Polish|p2a: Landorus-Therian
|-boost|p2a: Landorus-Therian|spe|2
|
|-heal|p1a: Mandibuzz|344\/423|[from] item: Leftovers
|turn|7
|
|move|p2a: Landorus-Therian|Knock Off|p1a: Mandibuzz
|-resisted|p1a: Mandibuzz
|-damage|p1a: Mandibuzz|295\/423
|-enditem|p1a: Mandibuzz|Leftovers|[from] move: Knock Off|[of] p2a: Landorus-Therian
|move|p1a: Mandibuzz|Foul Play|p2a: Landorus-Therian
|-damage|p2a: Landorus-Therian|150\/319
|
|-heal|p2a: Landorus-Therian|169\/319|[from] item: Leftovers
|turn|8
|
|switch|p2a: Magnezone|Magnezone|126\/282
|move|p1a: Mandibuzz|Foul Play|p2a: Magnezone
|-damage|p2a: Magnezone|54\/282
|
|turn|9
|
|switch|p1a: Chansey|Chansey, F, shiny|616\/703
|-damage|p1a: Chansey|529\/703|[from] Stealth Rock
|move|p2a: Magnezone|Volt Switch|p1a: Chansey
|-damage|p1a: Chansey|438\/703
|
|switch|p2a: Scizor|Scizor, M|301\/301
|
|turn|10
|
|move|p2a: Scizor|U-turn|p1a: Chansey
|-damage|p1a: Chansey|164\/703
|
|switch|p2a: Landorus-Therian|Landorus-Therian, M, shiny|169\/319
|-ability|p2a: Landorus-Therian|Intimidate|[of] p1a: Chansey
|-unboost|p1a: Chansey|atk|1
|move|p1a: Chansey|Thunder Wave|p2a: Landorus-Therian
|-immune|p2a: Landorus-Therian|[msg]
|
|-heal|p2a: Landorus-Therian|188\/319|[from] item: Leftovers
|turn|11
|
|switch|p2a: Magnezone|Magnezone|54\/282
|move|p1a: Chansey|Healing Wish|p1a: Chansey
|faint|p1a: Chansey
|
|
|switch|p1a: Bisharp|Bisharp, F|24\/271
|-heal|p1a: Bisharp|271\/271|[from] move: Healing Wish
|-damage|p1a: Bisharp|255\/271|[from] Stealth Rock
|turn|12
|
|move|p1a: Bisharp|Sucker Punch|p2a: Magnezone
|-damage|p2a: Magnezone|0 fnt
|-damage|p1a: Bisharp|228\/271|[from] item: Life Orb
|faint|p2a: Magnezone
|
|
|switch|p2a: Keldeo|Keldeo|323\/323
|turn|13
|
|switch|p1a: Gothitelle|Gothitelle, F, shiny|343\/343
|-damage|p1a: Gothitelle|301\/343|[from] Stealth Rock
|move|p2a: Keldeo|Hydro Pump|p1a: Gothitelle
|-damage|p1a: Gothitelle|111\/343
|
|turn|14
|
|move|p2a: Keldeo|Hydro Pump|p1a: Gothitelle
|-crit|p1a: Gothitelle
|-damage|p1a: Gothitelle|0 fnt
|faint|p1a: Gothitelle
|
|
|switch|p1a: Gardevoir|Gardevoir, M, shiny|337\/337
|-damage|p1a: Gardevoir|295\/337|[from] Stealth Rock
|turn|15
|
|detailschange|p1a: Gardevoir|Gardevoir-Mega, M, shiny
|-mega|p1a: Gardevoir|Gardevoir|Gardevoirite
|move|p2a: Keldeo|Hydro Pump|p1a: Gardevoir|[miss]
|-miss|p2a: Keldeo|p1a: Gardevoir
|move|p1a: Gardevoir|Hyper Voice|p2a: Keldeo
|-supereffective|p2a: Keldeo
|-damage|p2a: Keldeo|0 fnt
|faint|p2a: Keldeo
|
|
|switch|p2a: Scizor|Scizor, M|301\/301
|turn|16
|
|switch|p1a: Jirachi|Jirachi, shiny|341\/341
|-damage|p1a: Jirachi|320\/341|[from] Stealth Rock
|move|p2a: Scizor|U-turn|p1a: Jirachi
|-damage|p1a: Jirachi|124\/341
|
|switch|p2a: Landorus-Therian|Landorus-Therian, M, shiny|188\/319
|-ability|p2a: Landorus-Therian|Intimidate|[of] p1a: Jirachi
|-unboost|p1a: Jirachi|atk|1
|
|-heal|p2a: Landorus-Therian|207\/319|[from] item: Leftovers
|turn|17
|
|move|p1a: Jirachi|U-turn|p2a: Landorus-Therian
|-resisted|p2a: Landorus-Therian
|-damage|p2a: Landorus-Therian|187\/319
|
|switch|p1a: Gardevoir|Gardevoir-Mega, M, shiny|295\/337
|-damage|p1a: Gardevoir|253\/337|[from] Stealth Rock
|move|p2a: Landorus-Therian|Knock Off|p1a: Gardevoir
|-damage|p1a: Gardevoir|134\/337
|
|-heal|p2a: Landorus-Therian|206\/319|[from] item: Leftovers
|turn|18
|
|move|p1a: Gardevoir|Hyper Voice|p2a: Landorus-Therian
|-damage|p2a: Landorus-Therian|0 fnt
|faint|p2a: Landorus-Therian
|
|
|switch|p2a: Gardevoir|Gardevoir-Mega, F|279\/279
|turn|19
|
|switch|p1a: Mandibuzz|Mandibuzz, F, shiny|295\/423
|-damage|p1a: Mandibuzz|190\/423|[from] Stealth Rock
|move|p2a: Gardevoir|Hyper Voice|p1a: Mandibuzz
|-supereffective|p1a: Mandibuzz
|-damage|p1a: Mandibuzz|0 fnt
|faint|p1a: Mandibuzz
|
|
|switch|p1a: Jirachi|Jirachi, shiny|124\/341
|-damage|p1a: Jirachi|103\/341|[from] Stealth Rock
|turn|20
|
|switch|p2a: Scizor|Scizor, M|301\/301
|move|p1a: Jirachi|Iron Head|p2a: Scizor
|-resisted|p2a: Scizor
|-damage|p2a: Scizor|238\/301
|
|turn|21
|
|move|p1a: Jirachi|Iron Head|p2a: Scizor
|-resisted|p2a: Scizor
|-damage|p2a: Scizor|178\/301
|cant|p2a: Scizor|flinch
|
|turn|22
|
|move|p1a: Jirachi|Iron Head|p2a: Scizor
|-resisted|p2a: Scizor
|-damage|p2a: Scizor|118\/301
|cant|p2a: Scizor|flinch
|
|turn|23
|
|move|p2a: Scizor|Bullet Punch|p1a: Jirachi
|-resisted|p1a: Jirachi
|-damage|p1a: Jirachi|15\/341
|move|p1a: Jirachi|Iron Head|p2a: Scizor
|-resisted|p2a: Scizor
|-damage|p2a: Scizor|53\/301
|
|turn|24
|
|move|p2a: Scizor|Bullet Punch|p1a: Jirachi
|-resisted|p1a: Jirachi
|-damage|p1a: Jirachi|0 fnt
|faint|p1a: Jirachi
|
|
|switch|p1a: Bisharp|Bisharp, F|228\/271
|-damage|p1a: Bisharp|212\/271|[from] Stealth Rock
|turn|25
|
|switch|p2a: Gardevoir|Gardevoir-Mega, F|279\/279
|move|p1a: Bisharp|Swords Dance|p1a: Bisharp
|-boost|p1a: Bisharp|atk|2
|
|turn|26
|
|move|p2a: Gardevoir|Will-O-Wisp|p1a: Bisharp
|-status|p1a: Bisharp|brn
|move|p1a: Bisharp|Swords Dance|p1a: Bisharp
|-boost|p1a: Bisharp|atk|2
|
|-damage|p1a: Bisharp|179\/271 brn|[from] brn
|turn|27
|
|move|p1a: Bisharp|Sucker Punch|p2a: Gardevoir
|-crit|p2a: Gardevoir
|-damage|p2a: Gardevoir|0 fnt
|-damage|p1a: Bisharp|152\/271 brn|[from] item: Life Orb
|faint|p2a: Gardevoir
|
|-damage|p1a: Bisharp|119\/271 brn|[from] brn
|
|switch|p2a: Latios|Latios, M|301\/301
|turn|28
|
|move|p1a: Bisharp|Sucker Punch|p2a: Latios
|-fail|p2a: Latios
|move|p2a: Latios|Defog|p1a: Bisharp
|-unboost|p1a: Bisharp|evasion|1
|-boost|p1a: Bisharp|atk|2|[from] ability: Defiant
|-sideend|p1: crazybones|Stealth Rock|[from] move: Defog|[of] p1a: Bisharp
|
|-damage|p1a: Bisharp|86\/271 brn|[from] brn
|turn|29
|
|move|p2a: Latios|Defog|p1a: Bisharp
|-unboost|p1a: Bisharp|evasion|1
|move|p1a: Bisharp|Knock Off|p2a: Latios
|-supereffective|p2a: Latios
|-damage|p2a: Latios|0 fnt
|-enditem|p2a: Latios|Choice Scarf|[from] move: Knock Off|[of] p1a: Bisharp
|-damage|p1a: Bisharp|59\/271 brn|[from] item: Life Orb
|faint|p2a: Latios
|
|-damage|p1a: Bisharp|26\/271 brn|[from] brn
|
|switch|p2a: Scizor|Scizor, M|53\/301
|turn|30
|
|move|p1a: Bisharp|Sucker Punch|p2a: Scizor
|-damage|p2a: Scizor|0 fnt
|-damage|p1a: Bisharp|0 fnt|[from] item: Life Orb
|faint|p2a: Scizor
|faint|p1a: Bisharp
|
|win|crazybones
|raw|Ladder updating...
|raw|crazybones's rating: 1622 &rarr; <strong>1637<\/strong><br \/>(+15 for winning)
|raw|Rooooooger's rating: 1538 &rarr; <strong>1523<\/strong><br \/>(-15 for losing)