|join|groumpf-$$-$)~'$"
|join|crazybones
|player|p1|groumpf-$$-$)~'$"|#grosorteil
|player|p2|crazybones|211
|gametype|singles
|gen|6
|tier|OU
|rated
|clearpoke
|poke|p1|Zapdos
|poke|p1|Gothitelle, M
|poke|p1|Rotom-Wash
|poke|p1|Scizor, M
|poke|p1|Lopunny, M
|poke|p1|Heatran, M
|poke|p2|Gardevoir, M, shiny
|poke|p2|Latios, M
|poke|p2|Raikou
|poke|p2|Scizor, M
|poke|p2|Keldeo-Resolute
|poke|p2|Ferrothorn, F
|rule|Swagger Clause: Swagger is banned
|rule|Baton Pass Clause: Limit one Pokémon knowing Baton Pass
|rule|Sleep Clause Mod: Limit one foe put to sleep
|rule|Species Clause: Limit one of each Pokémon
|rule|OHKO Clause: OHKO moves are banned
|rule|Moody Clause: Moody is banned
|rule|Evasion Moves Clause: Evasion moves are banned
|rule|Endless Battle Clause: Forcing endless battles is banned
|rule|HP Percentage Mod: HP is shown in percentages
|teampreview
|
|start
|switch|p1a: Lopunny|Lopunny, M|283\/283
|switch|p2a: Raikou|Raikou|321\/321
|-ability|p2a: Raikou|Pressure
|turn|1
|
|detailschange|p1a: Lopunny|Lopunny-Mega, M
|-mega|p1a: Lopunny|Lopunny|Lopunnite
|move|p1a: Lopunny|Fake Out|p2a: Raikou
|-damage|p2a: Raikou|213\/321
|cant|p2a: Raikou|flinch
|
|turn|2
|
|move|p2a: Raikou|Volt Switch|p1a: Lopunny
|-damage|p1a: Lopunny|112\/283
|
|switch|p2a: Ferrothorn|Ferrothorn, F|351\/351
|move|p1a: Lopunny|Return|p2a: Ferrothorn
|-resisted|p2a: Ferrothorn
|-damage|p2a: Ferrothorn|288\/351
|-damage|p1a: Lopunny|77\/283|[from] ability: Iron Barbs|[of] p2a: Ferrothorn
|-damage|p1a: Lopunny|30\/283|[from] item: Rocky Helmet|[of] p2a: Ferrothorn
|
|turn|3
|
|switch|p2a: Scizor|Scizor, M|343\/343
|move|p1a: Lopunny|High Jump Kick|p2a: Scizor
|-damage|p2a: Scizor|73\/343
|
|turn|4
|
|move|p2a: Scizor|Pursuit|p1a: Lopunny|[from]Pursuit
|-resisted|p1a: Lopunny
|-damage|p1a: Lopunny|0 fnt
|faint|p1a: Lopunny
|
|
|switch|p1a: Heatran|Heatran, M|385\/385
|-item|p1a: Heatran|Air Balloon
|turn|5
|
|switch|p2a: Keldeo-Resolute|Keldeo-Resolute|323\/323
|move|p1a: Heatran|Stealth Rock|p2a: Keldeo-Resolute
|-sidestart|p2: crazybones|move: Stealth Rock
|
|turn|6
|
|switch|p1a: Rotom-Wash|Rotom-Wash|304\/304
|move|p2a: Keldeo-Resolute|Scald|p1a: Rotom-Wash
|-resisted|p1a: Rotom-Wash
|-damage|p1a: Rotom-Wash|217\/304
|-damage|p2a: Keldeo-Resolute|291\/323|[from] item: Life Orb
|
|-heal|p1a: Rotom-Wash|236\/304|[from] item: Leftovers
|turn|7
|
|move|p2a: Keldeo-Resolute|Secret Sword|p1a: Rotom-Wash
|-crit|p1a: Rotom-Wash
|-damage|p1a: Rotom-Wash|20\/304
|-damage|p2a: Keldeo-Resolute|259\/323|[from] item: Life Orb
|move|p1a: Rotom-Wash|Volt Switch|p2a: Keldeo-Resolute
|-supereffective|p2a: Keldeo-Resolute
|-damage|p2a: Keldeo-Resolute|61\/323
|
|switch|p1a: Gothitelle|Gothitelle, M|343\/343
|
|turn|8
|
|move|p2a: Keldeo-Resolute|Scald|p1a: Gothitelle
|-damage|p1a: Gothitelle|182\/343
|-status|p1a: Gothitelle|brn
|-damage|p2a: Keldeo-Resolute|29\/323|[from] item: Life Orb
|move|p1a: Gothitelle|Psychic|p2a: Keldeo-Resolute
|-supereffective|p2a: Keldeo-Resolute
|-damage|p2a: Keldeo-Resolute|0 fnt
|faint|p2a: Keldeo-Resolute
|
|-damage|p1a: Gothitelle|140\/343 brn|[from] brn
|
|switch|p2a: Raikou|Raikou|213\/321
|-damage|p2a: Raikou|173\/321|[from] Stealth Rock
|-ability|p2a: Raikou|Pressure
|turn|9
|
|move|p2a: Raikou|Volt Switch|p1a: Gothitelle
|-damage|p1a: Gothitelle|0 fnt
|faint|p1a: Gothitelle
|
|switch|p2a: Latios|Latios, M|301\/301
|-damage|p2a: Latios|264\/301|[from] Stealth Rock
|
|-heal|p2a: Latios|282\/301|[from] item: Leftovers
|
|switch|p1a: Heatran|Heatran, M|385\/385
|-item|p1a: Heatran|Air Balloon
|turn|10
|
|move|p2a: Latios|Draco Meteor|p1a: Heatran
|-resisted|p1a: Heatran
|-damage|p1a: Heatran|310\/385
|-enditem|p1a: Heatran|Air Balloon
|-unboost|p2a: Latios|spa|2
|move|p1a: Heatran|Lava Plume|p2a: Latios
|-resisted|p2a: Latios
|-damage|p2a: Latios|226\/301
|
|-heal|p2a: Latios|244\/301|[from] item: Leftovers
|turn|11
|
|switch|p1a: Scizor|Scizor, M|344\/344
|move|p2a: Latios|Defog|p1a: Scizor
|-unboost|p1a: Scizor|evasion|1
|-sideend|p2: crazybones|Stealth Rock|[from] move: Defog|[of] p2a: Latios
|
|-heal|p2a: Latios|262\/301|[from] item: Leftovers
|turn|12
|
|switch|p2a: Ferrothorn|Ferrothorn, F|288\/351
|move|p1a: Scizor|U-turn|p2a: Ferrothorn
|-damage|p2a: Ferrothorn|213\/351
|-damage|p1a: Scizor|301\/344|[from] ability: Iron Barbs|[of] p2a: Ferrothorn
|-damage|p1a: Scizor|244\/344|[from] item: Rocky Helmet|[of] p2a: Ferrothorn
|
|switch|p1a: Heatran|Heatran, M|310\/385
|
|turn|13
|
|move|p1a: Heatran|Lava Plume|p2a: Ferrothorn
|-supereffective|p2a: Ferrothorn
|-damage|p2a: Ferrothorn|0 fnt
|faint|p2a: Ferrothorn
|
|
|switch|p2a: Gardevoir|Gardevoir, M, shiny|277\/277
|turn|14
|
|detailschange|p2a: Gardevoir|Gardevoir-Mega, M, shiny
|-mega|p2a: Gardevoir|Gardevoir|Gardevoirite
|move|p2a: Gardevoir|Focus Blast|p1a: Heatran
|-supereffective|p1a: Heatran
|-damage|p1a: Heatran|86\/385
|move|p1a: Heatran|Stealth Rock|p2a: Gardevoir
|-sidestart|p2: crazybones|move: Stealth Rock
|
|turn|15
|
|move|p2a: Gardevoir|Focus Blast|p1a: Heatran|[miss]
|-miss|p2a: Gardevoir|p1a: Heatran
|move|p1a: Heatran|Lava Plume|p2a: Gardevoir
|-damage|p2a: Gardevoir|181\/277
|
|turn|16
|
|move|p2a: Gardevoir|Focus Blast|p1a: Heatran
|-supereffective|p1a: Heatran
|-damage|p1a: Heatran|0 fnt
|faint|p1a: Heatran
|
|
|switch|p1a: Scizor|Scizor, M|244\/344
|turn|17
|
|switch|p2a: Scizor|Scizor, M|73\/343
|-damage|p2a: Scizor|31\/343|[from] Stealth Rock
|move|p1a: Scizor|Bullet Punch|p2a: Scizor
|-resisted|p2a: Scizor
|-damage|p2a: Scizor|0 fnt
|faint|p2a: Scizor
|
|-heal|p1a: Scizor|265\/344|[from] item: Leftovers
|c|★crazybones|may i ask you how did you change your sprite avatar?
|c|★groumpf-$$-$)~'$"|zarel did it
|
|switch|p2a: Raikou|Raikou|173\/321
|-damage|p2a: Raikou|133\/321|[from] Stealth Rock
|-ability|p2a: Raikou|Pressure
|turn|18
|c|★groumpf-$$-$)~'$"|that's not available in the list :v
|c|★crazybones|i see
|
|switch|p1a: Rotom-Wash|Rotom-Wash|20\/304
|move|p2a: Raikou|Thunderbolt|p1a: Rotom-Wash
|-damage|p1a: Rotom-Wash|0 fnt
|faint|p1a: Rotom-Wash
|
|
|switch|p1a: Scizor|Scizor, M|265\/344
|turn|19
|
|move|p2a: Raikou|Thunderbolt|p1a: Scizor
|-crit|p1a: Scizor
|-damage|p1a: Scizor|0 fnt
|faint|p1a: Scizor
|
|c|★groumpf-$$-$)~'$"|.-.
|
|switch|p1a: Zapdos|Zapdos|357\/357
|-ability|p1a: Zapdos|Pressure
|turn|20
|
|move|p2a: Raikou|Thunderbolt|p1a: Zapdos
|-damage|p1a: Zapdos|128\/357
|move|p1a: Zapdos|Agility|p1a: Zapdos
|-boost|p1a: Zapdos|spe|2
|
|turn|21
|
|move|p1a: Zapdos|Heat Wave|p2a: Raikou
|-damage|p2a: Raikou|0 fnt
|-damage|p1a: Zapdos|93\/357|[from] item: Life Orb
|faint|p2a: Raikou
|
|
|switch|p2a: Latios|Latios, M|262\/301
|-damage|p2a: Latios|225\/301|[from] Stealth Rock
|turn|22
|
|move|p1a: Zapdos|Hidden Power|p2a: Latios
|-supereffective|p2a: Latios
|-damage|p2a: Latios|38\/301
|-damage|p1a: Zapdos|58\/357|[from] item: Life Orb
|move|p2a: Latios|Draco Meteor|p1a: Zapdos
|-damage|p1a: Zapdos|0 fnt
|-unboost|p2a: Latios|spa|2
|faint|p1a: Zapdos
|
|win|crazybones
|raw|Ladder updating...
|raw|groumpf-$$-$)~&apos;$&quot;'s rating: 1585 &rarr; <strong>1559<\/strong><br \/>(-26 for losing)
|raw|crazybones's rating: 1484 &rarr; <strong>1510<\/strong><br \/>(+26 for winning)