|join|Metagross101
|join|crazybones
|player|p1|Metagross101|169
|player|p2|crazybones|211
|gametype|singles
|gen|6
|tier|OU
|rated
|clearpoke
|poke|p1|Metagross
|poke|p1|Rotom-Wash
|poke|p1|Conkeldurr, F
|poke|p1|Clefable, M
|poke|p1|Kyurem-Black
|poke|p1|Landorus-Therian, M
|poke|p2|Gardevoir, M, shiny
|poke|p2|Latios, M
|poke|p2|Raikou
|poke|p2|Scizor, F
|poke|p2|Keldeo-Resolute
|poke|p2|Ferrothorn, M
|rule|Swagger Clause: Swagger is banned
|rule|Baton Pass Clause: Limit one Pokémon knowing Baton Pass
|rule|Sleep Clause Mod: Limit one foe put to sleep
|rule|Species Clause: Limit one of each Pokémon
|rule|OHKO Clause: OHKO moves are banned
|rule|Moody Clause: Moody is banned
|rule|Evasion Moves Clause: Evasion moves are banned
|rule|Endless Battle Clause: Forcing endless battles is banned
|rule|HP Percentage Mod: HP is shown in percentages
|teampreview
|
|start
|switch|p1a: Landorus-Therian|Landorus-Therian, M|381\/381
|switch|p2a: Raikou|Raikou|321\/321
|-ability|p2a: Raikou|Pressure
|-ability|p1a: Landorus-Therian|Intimidate|[of] p2a: Raikou
|-unboost|p2a: Raikou|atk|1
|turn|1
|
|move|p2a: Raikou|Volt Switch|p1a: Landorus-Therian
|-immune|p1a: Landorus-Therian|[msg]
|move|p1a: Landorus-Therian|U-turn|p2a: Raikou
|-damage|p2a: Raikou|220\/321
|
|switch|p1a: Conkeldurr|Conkeldurr, F|351\/351
|
|turn|2
|
|switch|p2a: Gardevoir|Gardevoir, M, shiny|277\/277
|move|p1a: Conkeldurr|Knock Off|p2a: Gardevoir
|-damage|p2a: Gardevoir|141\/277
|
|turn|3
|
|switch|p1a: Metagross|Metagross|301\/301
|detailschange|p2a: Gardevoir|Gardevoir-Mega, M, shiny
|-mega|p2a: Gardevoir|Gardevoir|Gardevoirite
|move|p2a: Gardevoir|Hyper Voice|p1a: Metagross
|-resisted|p1a: Metagross
|-damage|p1a: Metagross|168\/301
|
|turn|4
|
|switch|p2a: Ferrothorn|Ferrothorn, M|351\/351
|detailschange|p1a: Metagross|Metagross-Mega
|-mega|p1a: Metagross|Metagross|Metagrossite
|move|p1a: Metagross|Bullet Punch|p2a: Ferrothorn
|-resisted|p2a: Ferrothorn
|-damage|p2a: Ferrothorn|318\/351
|-damage|p1a: Metagross|131\/301|[from] ability: Iron Barbs|[of] p2a: Ferrothorn
|-damage|p1a: Metagross|81\/301|[from] item: Rocky Helmet|[of] p2a: Ferrothorn
|
|turn|5
|
|switch|p1a: Conkeldurr|Conkeldurr, F|351\/351
|move|p2a: Ferrothorn|Stealth Rock|p1a: Conkeldurr
|-sidestart|p1: Metagross101|move: Stealth Rock
|
|turn|6
|
|move|p1a: Conkeldurr|Knock Off|p2a: Ferrothorn
|-damage|p2a: Ferrothorn|244\/351
|-damage|p1a: Conkeldurr|308\/351|[from] ability: Iron Barbs|[of] p2a: Ferrothorn
|-damage|p1a: Conkeldurr|250\/351|[from] item: Rocky Helmet|[of] p2a: Ferrothorn
|-enditem|p2a: Ferrothorn|Rocky Helmet|[from] move: Knock Off|[of] p1a: Conkeldurr
|move|p2a: Ferrothorn|Leech Seed|p1a: Conkeldurr
|-start|p1a: Conkeldurr|move: Leech Seed
|
|-damage|p1a: Conkeldurr|207\/351|[from] Leech Seed|[of] p2a: Ferrothorn
|-heal|p2a: Ferrothorn|287\/351|[silent]
|turn|7
|
|switch|p2a: Gardevoir|Gardevoir-Mega, M, shiny|141\/277
|move|p1a: Conkeldurr|Drain Punch|p2a: Gardevoir
|-resisted|p2a: Gardevoir
|-damage|p2a: Gardevoir|85\/277
|-heal|p1a: Conkeldurr|235\/351|[from] drain|[of] p2a: Gardevoir
|
|-damage|p1a: Conkeldurr|192\/351|[from] Leech Seed|[of] p2a: Gardevoir
|-heal|p2a: Gardevoir|128\/277|[silent]
|turn|8
|
|switch|p1a: Metagross|Metagross-Mega|81\/301
|-damage|p1a: Metagross|63\/301|[from] Stealth Rock
|move|p2a: Gardevoir|Hyper Voice|p1a: Metagross
|-resisted|p1a: Metagross
|-damage|p1a: Metagross|0 fnt
|faint|p1a: Metagross
|
|
|switch|p1a: Kyurem-Black|Kyurem-Black|391\/391
|-damage|p1a: Kyurem-Black|294\/391|[from] Stealth Rock
|-ability|p1a: Kyurem-Black|Teravolt
|turn|9
|
|switch|p2a: Ferrothorn|Ferrothorn, M|287\/351
|move|p1a: Kyurem-Black|Fusion Bolt|p2a: Ferrothorn
|-resisted|p2a: Ferrothorn
|-damage|p2a: Ferrothorn|245\/351
|
|turn|10
|
|switch|p1a: Conkeldurr|Conkeldurr, F|192\/351
|-damage|p1a: Conkeldurr|171\/351|[from] Stealth Rock
|move|p2a: Ferrothorn|Gyro Ball|p1a: Conkeldurr
|-damage|p1a: Conkeldurr|81\/351
|
|turn|11
|
|switch|p2a: Latios|Latios, M|301\/301
|move|p1a: Conkeldurr|Knock Off|p2a: Latios
|-supereffective|p2a: Latios
|-damage|p2a: Latios|0 fnt
|-enditem|p2a: Latios|Leftovers|[from] move: Knock Off|[of] p1a: Conkeldurr
|faint|p2a: Latios
|
|
|switch|p2a: Gardevoir|Gardevoir-Mega, M, shiny|128\/277
|turn|12
|
|switch|p1a: Rotom-Wash|Rotom-Wash|303\/303
|-damage|p1a: Rotom-Wash|266\/303|[from] Stealth Rock
|move|p2a: Gardevoir|Hyper Voice|p1a: Rotom-Wash
|-crit|p1a: Rotom-Wash
|-damage|p1a: Rotom-Wash|0 fnt
|faint|p1a: Rotom-Wash
|
|
|switch|p1a: Clefable|Clefable, M|394\/394
|turn|13
|
|move|p2a: Gardevoir|Calm Mind|p2a: Gardevoir
|-boost|p2a: Gardevoir|spa|1
|-boost|p2a: Gardevoir|spd|1
|move|p1a: Clefable|Flamethrower|p2a: Gardevoir
|-damage|p2a: Gardevoir|90\/277
|
|turn|14
|
|move|p2a: Gardevoir|Hyper Voice|p1a: Clefable
|-damage|p1a: Clefable|52\/394
|move|p1a: Clefable|Calm Mind|p1a: Clefable
|-boost|p1a: Clefable|spa|1
|-boost|p1a: Clefable|spd|1
|
|-heal|p1a: Clefable|76\/394|[from] item: Leftovers
|turn|15
|-message|Metagross101 forfeited.
|leave|Metagross101
|
|win|crazybones
|raw|Ladder updating...
|player|p1
|raw|Metagross101's rating: 1453 &rarr; <strong>1438<\/strong><br \/>(-15 for losing)
|raw|crazybones's rating: 1532 &rarr; <strong>1547<\/strong><br \/>(+15 for winning)