|join|Reverb
|join|Darmstadtium
|join|Luffy Trillen
|player|p1|Reverb|#reverb
|player|p2|Darmstadtium|150
|gametype|singles
|gen|6
|tier|OU
|rated
|clearpoke
|poke|p1|Tornadus-Therian, M
|poke|p1|Metagross
|poke|p1|Keldeo
|poke|p1|Landorus-Therian, M
|poke|p1|Rotom-Wash
|poke|p1|Clefable, M
|poke|p2|Conkeldurr, F, shiny
|poke|p2|Heatran, M, shiny
|poke|p2|Azumarill, M, shiny
|poke|p2|Scizor, M, shiny
|poke|p2|Gengar, F, shiny
|poke|p2|Landorus, M, shiny
|rule|Swagger Clause: Swagger is banned
|rule|Baton Pass Clause: Limit one Pokémon knowing Baton Pass
|rule|Sleep Clause Mod: Limit one foe put to sleep
|rule|Species Clause: Limit one of each Pokémon
|rule|OHKO Clause: OHKO moves are banned
|rule|Moody Clause: Moody is banned
|rule|Evasion Moves Clause: Evasion moves are banned
|rule|Endless Battle Clause: Forcing endless battles is banned
|rule|HP Percentage Mod: HP is shown in percentages
|teampreview
|join|Bloodz
|c|★Reverb|hf
|join|leremyju
|join|tbh js imo
|join|str8 noobin
|leave|Bloodz
|
|start
|switch|p1a: Big Bird|Tornadus-Therian, M|299\/299
|switch|p2a: Azumarill|Azumarill, M, shiny|401\/401
|turn|1
|join|CatchThisDead
|
|switch|p1a: Kyau|Rotom-Wash|303\/303
|move|p2a: Azumarill|Play Rough|p1a: Kyau
|-damage|p1a: Kyau|101\/303
|
|-heal|p1a: Kyau|119\/303|[from] item: Leftovers
|turn|2
|
|switch|p2a: Conkeldurr|Conkeldurr, F, shiny|351\/351
|move|p1a: Kyau|Pain Split|p2a: Conkeldurr
|-sethp|p2a: Conkeldurr|235\/351|p1a: Kyau|235\/303|[from] move: Pain Split
|
|-heal|p1a: Kyau|253\/303|[from] item: Leftovers
|turn|3
|
|move|p1a: Kyau|Volt Switch|p2a: Conkeldurr
|-damage|p2a: Conkeldurr|174\/351
|join|Mistaken
|
|switch|p1a: Tony|Landorus-Therian, M|367\/367
|-ability|p1a: Tony|Intimidate|[of] p2a: Conkeldurr
|-unboost|p2a: Conkeldurr|atk|1
|move|p2a: Conkeldurr|Poison Jab|p1a: Tony
|-resisted|p1a: Tony
|-damage|p1a: Tony|337\/367
|
|-heal|p1a: Tony|359\/367|[from] item: Leftovers
|turn|4
|
|switch|p2a: Landorus|Landorus, M, shiny|345\/345
|move|p1a: Tony|Stealth Rock|p2a: Landorus
|-sidestart|p2: Darmstadtium|move: Stealth Rock
|
|-heal|p1a: Tony|367\/367|[from] item: Leftovers
|turn|5
|join|Cienight
|
|move|p2a: Landorus|Knock Off|p1a: Tony
|-damage|p1a: Tony|272\/367
|-enditem|p1a: Tony|Leftovers|[from] move: Knock Off|[of] p2a: Landorus
|-damage|p2a: Landorus|311\/345|[from] item: Life Orb
|move|p1a: Tony|U-turn|p2a: Landorus
|-resisted|p2a: Landorus
|-damage|p2a: Landorus|268\/345
|join|Ox the Box
|
|switch|p1a: Big Bird|Tornadus-Therian, M|299\/299
|
|turn|6
|
|switch|p2a: Scizor|Scizor, M, shiny|311\/311
|-damage|p2a: Scizor|273\/311|[from] Stealth Rock
|move|p1a: Big Bird|Knock Off|p2a: Scizor
|-damage|p2a: Scizor|198\/311
|-damage|p1a: Big Bird|270\/299|[from] item: Life Orb
|
|turn|7
|
|detailschange|p2a: Scizor|Scizor-Mega, M, shiny
|-mega|p2a: Scizor|Scizor|Scizorite
|move|p1a: Big Bird|Heat Wave|p2a: Scizor
|-supereffective|p2a: Scizor
|-damage|p2a: Scizor|0 fnt
|-damage|p1a: Big Bird|241\/299|[from] item: Life Orb
|faint|p2a: Scizor
|
|join|haunter
|
|switch|p2a: Azumarill|Azumarill, M, shiny|401\/401
|-damage|p2a: Azumarill|351\/401|[from] Stealth Rock
|turn|8
|join|iplaytennislol
|
|switch|p1a: Kyau|Rotom-Wash|253\/303
|move|p2a: Azumarill|Play Rough|p1a: Kyau
|-damage|p1a: Kyau|60\/303
|
|-heal|p1a: Kyau|78\/303|[from] item: Leftovers
|turn|9
|join|snickersserperior
|c|★Reverb|Play Aiken
|
|switch|p2a: Conkeldurr|Conkeldurr, F, shiny|174\/351
|-damage|p2a: Conkeldurr|153\/351|[from] Stealth Rock
|move|p1a: Kyau|Pain Split|p2a: Conkeldurr
|-sethp|p2a: Conkeldurr|115\/351|p1a: Kyau|115\/303|[from] move: Pain Split
|
|-heal|p1a: Kyau|133\/303|[from] item: Leftovers
|turn|10
|
|move|p1a: Kyau|Volt Switch|p2a: Conkeldurr
|-damage|p2a: Conkeldurr|49\/351
|join|talonphlegm
|join|CleanerThanRotom-W
|join|thomas9779
|
|switch|p1a: Tony|Landorus-Therian, M|272\/367
|-ability|p1a: Tony|Intimidate|[of] p2a: Conkeldurr
|-unboost|p2a: Conkeldurr|atk|1
|move|p2a: Conkeldurr|Ice Punch|p1a: Tony
|-supereffective|p1a: Tony
|-damage|p1a: Tony|48\/367
|
|turn|11
|
|move|p2a: Conkeldurr|Mach Punch|p1a: Tony
|-resisted|p1a: Tony
|-damage|p1a: Tony|25\/367
|move|p1a: Tony|Earthquake|p2a: Conkeldurr
|-damage|p2a: Conkeldurr|0 fnt
|faint|p2a: Conkeldurr
|
|
|switch|p2a: Gengar|Gengar, F, shiny|261\/261
|-damage|p2a: Gengar|229\/261|[from] Stealth Rock
|turn|12
|
|move|p2a: Gengar|Shadow Ball|p1a: Tony
|-damage|p1a: Tony|0 fnt
|-damage|p2a: Gengar|203\/261|[from] item: Life Orb
|faint|p1a: Tony
|
|leave|leremyju
|join|Chillarmy
|
|switch|p1a: Big Bird|Tornadus-Therian, M|299\/299
|turn|13
|leave|Chillarmy
|
|switch|p2a: Heatran|Heatran, M, shiny|323\/323
|-damage|p2a: Heatran|283\/323|[from] Stealth Rock
|move|p1a: Big Bird|Knock Off|p2a: Heatran
|-damage|p2a: Heatran|184\/323
|-enditem|p2a: Heatran|Leftovers|[from] move: Knock Off|[of] p1a: Big Bird
|-damage|p1a: Big Bird|270\/299|[from] item: Life Orb
|
|turn|14
|
|move|p1a: Big Bird|Superpower|p2a: Heatran
|-supereffective|p2a: Heatran
|-damage|p2a: Heatran|0 fnt
|-unboost|p1a: Big Bird|atk|1
|-unboost|p1a: Big Bird|def|1
|-damage|p1a: Big Bird|241\/299|[from] item: Life Orb
|faint|p2a: Heatran
|
|
|switch|p2a: Azumarill|Azumarill, M, shiny|351\/401
|-damage|p2a: Azumarill|301\/401|[from] Stealth Rock
|turn|15
|
|switch|p1a: Kyau|Rotom-Wash|133\/303
|move|p2a: Azumarill|Play Rough|p1a: Kyau
|-damage|p1a: Kyau|0 fnt
|faint|p1a: Kyau
|
|join|gobosox
|leave|gobosox
|
|switch|p1a: Jono|Metagross|301\/301
|turn|16
|
|detailschange|p1a: Jono|Metagross-Mega
|-mega|p1a: Jono|Metagross|Metagrossite
|move|p1a: Jono|Meteor Mash|p2a: Azumarill
|-damage|p2a: Azumarill|18\/401
|move|p2a: Azumarill|Play Rough|p1a: Jono
|-resisted|p1a: Jono
|-damage|p1a: Jono|190\/301
|
|turn|17
|
|move|p1a: Jono|Grass Knot|p2a: Azumarill
|-supereffective|p2a: Azumarill
|-damage|p2a: Azumarill|0 fnt
|faint|p2a: Azumarill
|
|
|switch|p2a: Gengar|Gengar, F, shiny|203\/261
|-damage|p2a: Gengar|171\/261|[from] Stealth Rock
|turn|18
|join|bouboubang
|
|move|p1a: Jono|Zen Headbutt|p2a: Gengar
|-supereffective|p2a: Gengar
|-damage|p2a: Gengar|0 fnt
|faint|p2a: Gengar
|
|-message|Darmstadtium forfeited.
|c|★Reverb|gg
|leave|Darmstadtium
|leave|bouboubang
|
|win|Reverb
|raw|Ladder updating...
|player|p2