|join|Darmstadtium
|join|Gaet-Kun06
|player|p1|Darmstadtium|150
|player|p2|Gaet-Kun06|163
|gametype|singles
|gen|6
|tier|OU
|rated
|clearpoke
|poke|p1|Conkeldurr, M, shiny
|poke|p1|Heatran, F, shiny
|poke|p1|Azumarill, F, shiny
|poke|p1|Scizor, M, shiny
|poke|p1|Gengar, F, shiny
|poke|p1|Landorus, M, shiny
|poke|p2|Gallade, M
|poke|p2|Gengar, F
|poke|p2|Starmie
|poke|p2|Bisharp, M
|poke|p2|Raikou
|poke|p2|Heatran, M
|rule|Swagger Clause: Swagger is banned
|rule|Baton Pass Clause: Limit one Pokémon knowing Baton Pass
|rule|Sleep Clause Mod: Limit one foe put to sleep
|rule|Species Clause: Limit one of each Pokémon
|rule|OHKO Clause: OHKO moves are banned
|rule|Moody Clause: Moody is banned
|rule|Evasion Moves Clause: Evasion moves are banned
|rule|Endless Battle Clause: Forcing endless battles is banned
|rule|HP Percentage Mod: HP is shown in percentages
|teampreview
|
|start
|switch|p1a: Heatran|Heatran, F, shiny|323\/323
|switch|p2a: Heatran|Heatran, M|324\/324
|-item|p2a: Heatran|Air Balloon
|turn|1
|
|move|p2a: Heatran|Taunt|p1a: Heatran
|-start|p1a: Heatran|move: Taunt
|cant|p1a: Heatran|move: Taunt|Stealth Rock
|
|turn|2
|
|switch|p1a: Conkeldurr|Conkeldurr, M, shiny|351\/351
|move|p2a: Heatran|Stealth Rock|p1a: Conkeldurr
|-sidestart|p1: Darmstadtium|move: Stealth Rock
|
|turn|3
|
|switch|p2a: Gallade|Gallade, M|277\/277
|move|p1a: Conkeldurr|Drain Punch|p2a: Gallade
|-resisted|p2a: Gallade
|-damage|p2a: Gallade|170\/277
|
|turn|4
|
|switch|p1a: Scizor|Scizor, M, shiny|311\/311
|-damage|p1a: Scizor|273\/311|[from] Stealth Rock
|detailschange|p2a: Gallade|Gallade-Mega, M
|-mega|p2a: Gallade|Gallade|Galladite
|move|p2a: Gallade|Close Combat|p1a: Scizor
|-damage|p1a: Scizor|0 fnt
|-unboost|p2a: Gallade|def|1
|-unboost|p2a: Gallade|spd|1
|faint|p1a: Scizor
|
|
|switch|p1a: Gengar|Gengar, F, shiny|261\/261
|-damage|p1a: Gengar|229\/261|[from] Stealth Rock
|turn|5
|
|switch|p2a: Raikou|Raikou|322\/322
|-ability|p2a: Raikou|Pressure
|move|p1a: Gengar|Focus Blast|p2a: Raikou
|-damage|p2a: Raikou|200\/322
|-damage|p1a: Gengar|203\/261|[from] item: Life Orb
|
|turn|6
|
|switch|p1a: Landorus|Landorus, M, shiny|345\/345
|-damage|p1a: Landorus|302\/345|[from] Stealth Rock
|move|p2a: Raikou|Volt Switch|p1a: Landorus
|-immune|p1a: Landorus|[msg]
|
|turn|7
|
|switch|p1a: Conkeldurr|Conkeldurr, M, shiny|351\/351
|-damage|p1a: Conkeldurr|330\/351|[from] Stealth Rock
|move|p2a: Raikou|Hidden Power|p1a: Conkeldurr
|-damage|p1a: Conkeldurr|280\/351
|
|turn|8
|
|move|p2a: Raikou|Volt Switch|p1a: Conkeldurr
|-damage|p1a: Conkeldurr|199\/351
|
|switch|p2a: Gallade|Gallade-Mega, M|170\/277
|move|p1a: Conkeldurr|Poison Jab|p2a: Gallade
|-damage|p2a: Gallade|49\/277
|-status|p2a: Gallade|psn
|
|-damage|p2a: Gallade|15\/277 psn|[from] psn
|turn|9
|
|move|p1a: Conkeldurr|Mach Punch|p2a: Gallade
|-resisted|p2a: Gallade
|-damage|p2a: Gallade|0 fnt
|faint|p2a: Gallade
|
|
|switch|p2a: Heatran|Heatran, M|324\/324
|-item|p2a: Heatran|Air Balloon
|turn|10
|
|move|p2a: Heatran|Fire Blast|p1a: Conkeldurr
|-damage|p1a: Conkeldurr|72\/351
|move|p1a: Conkeldurr|Drain Punch|p2a: Heatran
|-supereffective|p2a: Heatran
|-damage|p2a: Heatran|0 fnt
|-heal|p1a: Conkeldurr|234\/351|[from] drain|[of] p2a: Heatran
|-enditem|p2a: Heatran|Air Balloon
|faint|p2a: Heatran
|
|
|switch|p2a: Starmie|Starmie|323\/323
|turn|11
|
|switch|p1a: Heatran|Heatran, F, shiny|323\/323
|-damage|p1a: Heatran|283\/323|[from] Stealth Rock
|move|p2a: Starmie|Psyshock|p1a: Heatran
|-resisted|p1a: Heatran
|-damage|p1a: Heatran|237\/323
|
|-heal|p1a: Heatran|257\/323|[from] item: Leftovers
|turn|12
|
|move|p2a: Starmie|Scald|p1a: Heatran
|-supereffective|p1a: Heatran
|-damage|p1a: Heatran|81\/323
|move|p1a: Heatran|Stealth Rock|p2a: Starmie
|-sidestart|p2: Gaet-Kun06|move: Stealth Rock
|
|-heal|p1a: Heatran|101\/323|[from] item: Leftovers
|turn|13
|
|move|p2a: Starmie|Scald|p1a: Heatran
|-supereffective|p1a: Heatran
|-damage|p1a: Heatran|0 fnt
|faint|p1a: Heatran
|
|
|switch|p1a: Azumarill|Azumarill, F, shiny|401\/401
|-damage|p1a: Azumarill|351\/401|[from] Stealth Rock
|turn|14
|
|move|p2a: Starmie|Scald|p1a: Azumarill
|-resisted|p1a: Azumarill
|-damage|p1a: Azumarill|294\/401
|-status|p1a: Azumarill|brn
|move|p1a: Azumarill|Play Rough|p2a: Starmie
|-damage|p2a: Starmie|163\/323
|
|-heal|p2a: Starmie|183\/323|[from] item: Leftovers
|-damage|p1a: Azumarill|244\/401 brn|[from] brn
|turn|15
|
|move|p2a: Starmie|Recover|p2a: Starmie
|-heal|p2a: Starmie|323\/323
|move|p1a: Azumarill|Play Rough|p2a: Starmie
|-damage|p2a: Starmie|175\/323
|
|-heal|p2a: Starmie|195\/323|[from] item: Leftovers
|-damage|p1a: Azumarill|194\/401 brn|[from] brn
|turn|16
|
|move|p2a: Starmie|Scald|p1a: Azumarill
|-resisted|p1a: Azumarill
|-damage|p1a: Azumarill|134\/401 brn
|move|p1a: Azumarill|Play Rough|p2a: Starmie
|-damage|p2a: Starmie|32\/323
|
|-heal|p2a: Starmie|52\/323|[from] item: Leftovers
|-damage|p1a: Azumarill|84\/401 brn|[from] brn
|turn|17
|
|switch|p1a: Landorus|Landorus, M, shiny|302\/345
|-damage|p1a: Landorus|259\/345|[from] Stealth Rock
|move|p2a: Starmie|Recover|p2a: Starmie
|-heal|p2a: Starmie|214\/323
|
|-heal|p2a: Starmie|234\/323|[from] item: Leftovers
|turn|18
|
|switch|p2a: Gengar|Gengar, F|261\/261
|-damage|p2a: Gengar|229\/261|[from] Stealth Rock
|move|p1a: Landorus|Rock Polish|p1a: Landorus
|-boost|p1a: Landorus|spe|2
|
|turn|19
|
|move|p1a: Landorus|Psychic|p2a: Gengar
|-supereffective|p2a: Gengar
|-damage|p2a: Gengar|0 fnt
|faint|p2a: Gengar
|
|
|switch|p2a: Bisharp|Bisharp, M|271\/271
|-damage|p2a: Bisharp|255\/271|[from] Stealth Rock
|turn|20
|
|move|p2a: Bisharp|Sucker Punch|p1a: Landorus
|-crit|p1a: Landorus
|-damage|p1a: Landorus|0 fnt
|-damage|p2a: Bisharp|228\/271|[from] item: Life Orb
|faint|p1a: Landorus
|
|c|★Gaet-Kun06|sorry man
|
|switch|p1a: Conkeldurr|Conkeldurr, M, shiny|234\/351
|-damage|p1a: Conkeldurr|213\/351|[from] Stealth Rock
|turn|21
|
|move|p2a: Bisharp|Iron Head|p1a: Conkeldurr
|-damage|p1a: Conkeldurr|2\/351
|-damage|p2a: Bisharp|201\/271|[from] item: Life Orb
|move|p1a: Conkeldurr|Drain Punch|p2a: Bisharp
|-supereffective|p2a: Bisharp
|-damage|p2a: Bisharp|0 fnt
|-heal|p1a: Conkeldurr|103\/351|[from] drain|[of] p2a: Bisharp
|faint|p2a: Bisharp
|
|
|switch|p2a: Starmie|Starmie|234\/323
|-damage|p2a: Starmie|194\/323|[from] Stealth Rock
|turn|22
|
|move|p2a: Starmie|Psyshock|p1a: Conkeldurr
|-supereffective|p1a: Conkeldurr
|-damage|p1a: Conkeldurr|0 fnt
|faint|p1a: Conkeldurr
|
|-heal|p2a: Starmie|214\/323|[from] item: Leftovers
|-message|Darmstadtium forfeited.
|leave|Darmstadtium
|
|win|Gaet-Kun06
|raw|Ladder updating...
|player|p1
|raw|Darmstadtium's rating: 1592 &rarr; <strong>1574<\/strong><br \/>(-18 for losing)
|raw|Gaet-Kun06's rating: 1616 &rarr; <strong>1634<\/strong><br \/>(+18 for winning)