|join|asduff888
|join|Kay Wap
|player|p1|asduff888|150
|player|p2|Kay Wap|200
|gametype|singles
|gen|6
|tier|OU
|rated
|clearpoke
|poke|p1|Serperior, F
|poke|p1|Magnezone
|poke|p1|Pinsir, M
|poke|p1|Azumarill, M
|poke|p1|Garchomp, M
|poke|p1|Tyranitar, M
|poke|p2|Gardevoir, M
|poke|p2|Ferrothorn, M
|poke|p2|Latias, F
|poke|p2|Heracross, F
|poke|p2|Slowbro, F
|poke|p2|Landorus-Therian, M
|rule|Swagger Clause: Swagger is banned
|rule|Baton Pass Clause: Limit one Pokémon knowing Baton Pass
|rule|Sleep Clause Mod: Limit one foe put to sleep
|rule|Species Clause: Limit one of each Pokémon
|rule|OHKO Clause: OHKO moves are banned
|rule|Moody Clause: Moody is banned
|rule|Evasion Moves Clause: Evasion moves are banned
|rule|Endless Battle Clause: Forcing endless battles is banned
|rule|HP Percentage Mod: HP is shown in percentages
|teampreview
|
|start
|switch|p1a: Garchomp|Garchomp, M|357\/357
|switch|p2a: Slowbro|Slowbro, F|393\/393
|turn|1
|
|move|p1a: Garchomp|Stealth Rock|p2a: Slowbro
|-sidestart|p2: Kay Wap|move: Stealth Rock
|move|p2a: Slowbro|Scald|p1a: Garchomp
|-damage|p1a: Garchomp|239\/357
|-status|p1a: Garchomp|brn
|
|-damage|p1a: Garchomp|195\/357 brn|[from] brn
|turn|2
|
|switch|p1a: Serperior|Serperior, F|291\/291
|move|p2a: Slowbro|Scald|p1a: Serperior
|-resisted|p1a: Serperior
|-damage|p1a: Serperior|237\/291
|-status|p1a: Serperior|brn
|
|-damage|p1a: Serperior|201\/291 brn|[from] brn
|turn|3
|
|switch|p1a: Magnezone|Magnezone|309\/309
|switch|p2a: Ferrothorn|Ferrothorn, M|352\/352
|-damage|p2a: Ferrothorn|330\/352|[from] Stealth Rock
|
|-heal|p2a: Ferrothorn|352\/352|[from] item: Leftovers
|turn|4
|
|move|p1a: Magnezone|Substitute|p1a: Magnezone
|-start|p1a: Magnezone|Substitute
|-damage|p1a: Magnezone|232\/309
|move|p2a: Ferrothorn|Stealth Rock|p1a: Magnezone
|-sidestart|p1: asduff888|move: Stealth Rock
|
|-heal|p1a: Magnezone|251\/309|[from] item: Leftovers
|turn|5
|
|move|p1a: Magnezone|Hidden Power|p2a: Ferrothorn
|-supereffective|p2a: Ferrothorn
|-damage|p2a: Ferrothorn|124\/352
|move|p2a: Ferrothorn|Power Whip|p1a: Magnezone|[miss]
|-miss|p2a: Ferrothorn|p1a: Magnezone
|
|-heal|p1a: Magnezone|270\/309|[from] item: Leftovers
|-heal|p2a: Ferrothorn|146\/352|[from] item: Leftovers
|turn|6
|
|move|p1a: Magnezone|Hidden Power|p2a: Ferrothorn
|-supereffective|p2a: Ferrothorn
|-damage|p2a: Ferrothorn|0 fnt
|faint|p2a: Ferrothorn
|
|-heal|p1a: Magnezone|289\/309|[from] item: Leftovers
|
|switch|p2a: Heracross|Heracross, F|307\/307
|-damage|p2a: Heracross|269\/307|[from] Stealth Rock
|turn|7
|
|move|p2a: Heracross|Close Combat|p1a: Magnezone
|-supereffective|p1a: Magnezone
|-end|p1a: Magnezone|Substitute
|-unboost|p2a: Heracross|def|1
|-unboost|p2a: Heracross|spd|1
|move|p1a: Magnezone|Thunderbolt|p2a: Heracross
|-damage|p2a: Heracross|0 fnt
|faint|p2a: Heracross
|
|-heal|p1a: Magnezone|308\/309|[from] item: Leftovers
|
|switch|p2a: Landorus-Therian|Landorus-Therian, M|319\/319
|-damage|p2a: Landorus-Therian|280\/319|[from] Stealth Rock
|-ability|p2a: Landorus-Therian|Intimidate|[of] p1a: Magnezone
|-unboost|p1a: Magnezone|atk|1
|turn|8
|
|switch|p1a: Pinsir|Pinsir, M|272\/272
|-damage|p1a: Pinsir|204\/272|[from] Stealth Rock
|move|p2a: Landorus-Therian|Earthquake|p1a: Pinsir
|-resisted|p1a: Pinsir
|-damage|p1a: Pinsir|106\/272
|
|turn|9
|
|switch|p2a: Slowbro|Slowbro, F|393\/393
|-damage|p2a: Slowbro|344\/393|[from] Stealth Rock
|detailschange|p1a: Pinsir|Pinsir-Mega, M
|-mega|p1a: Pinsir|Pinsir|Pinsirite
|move|p1a: Pinsir|Swords Dance|p1a: Pinsir
|-boost|p1a: Pinsir|atk|2
|
|turn|10
|
|move|p1a: Pinsir|Return|p2a: Slowbro
|-damage|p2a: Slowbro|0 fnt
|-damage|p1a: Pinsir|61\/272|[from] item: Rocky Helmet|[of] p2a: Slowbro
|faint|p2a: Slowbro
|
|
|switch|p2a: Latias|Latias, F|301\/301
|-damage|p2a: Latias|264\/301|[from] Stealth Rock
|turn|11
|
|move|p1a: Pinsir|Quick Attack|p2a: Latias
|-damage|p2a: Latias|30\/301
|move|p2a: Latias|Psyshock|p1a: Pinsir
|-damage|p1a: Pinsir|0 fnt
|-damage|p2a: Latias|0 fnt|[from] item: Life Orb
|faint|p1a: Pinsir
|faint|p2a: Latias
|
|
|switch|p1a: Garchomp|Garchomp, M|195\/357 brn
|switch|p2a: Gardevoir|Gardevoir, M|277\/277
|-damage|p1a: Garchomp|173\/357 brn|[from] Stealth Rock
|-damage|p2a: Gardevoir|243\/277|[from] Stealth Rock
|-ability|p2a: Gardevoir|Rough Skin|[from] ability: Trace|[of] p1a: Garchomp
|turn|12
|
|detailschange|p2a: Gardevoir|Gardevoir-Mega, M
|-mega|p2a: Gardevoir|Gardevoir|Gardevoirite
|move|p1a: Garchomp|Earthquake|p2a: Gardevoir
|-damage|p2a: Gardevoir|108\/277
|move|p2a: Gardevoir|Calm Mind|p2a: Gardevoir
|-boost|p2a: Gardevoir|spa|1
|-boost|p2a: Gardevoir|spd|1
|
|-damage|p1a: Garchomp|129\/357 brn|[from] brn
|turn|13
|
|move|p1a: Garchomp|Earthquake|p2a: Gardevoir
|-damage|p2a: Gardevoir|0 fnt
|faint|p2a: Gardevoir
|
|-damage|p1a: Garchomp|85\/357 brn|[from] brn
|
|switch|p2a: Landorus-Therian|Landorus-Therian, M|280\/319
|-damage|p2a: Landorus-Therian|241\/319|[from] Stealth Rock
|-ability|p2a: Landorus-Therian|Intimidate|[of] p1a: Garchomp
|-unboost|p1a: Garchomp|atk|1
|turn|14
|
|move|p2a: Landorus-Therian|Earthquake|p1a: Garchomp
|-damage|p1a: Garchomp|0 fnt
|faint|p1a: Garchomp
|
|
|switch|p1a: Serperior|Serperior, F|201\/291 brn
|-damage|p1a: Serperior|165\/291 brn|[from] Stealth Rock
|turn|15
|
|move|p2a: Landorus-Therian|Earthquake|p1a: Serperior
|-resisted|p1a: Serperior
|-damage|p1a: Serperior|73\/291 brn
|move|p1a: Serperior|Leaf Storm|p2a: Landorus-Therian
|-damage|p2a: Landorus-Therian|6\/319
|-boost|p1a: Serperior|spa|2
|-damage|p1a: Serperior|44\/291 brn|[from] item: Life Orb
|
|-damage|p1a: Serperior|8\/291 brn|[from] brn
|turn|16
|-message|Kay Wap forfeited.
|leave|Kay Wap
|
|win|asduff888
|raw|Ladder updating...
|player|p2
|raw|asduff888's rating: 1566 &rarr; <strong>1581<\/strong><br \/>(+15 for winning)
|raw|Kay Wap's rating: 1471 &rarr; <strong>1456<\/strong><br \/>(-15 for losing)