|join|Plasmi
|join|RichardPepper
|player|p1|Plasmi|75
|player|p2|RichardPepper|229
|gametype|singles
|gen|6
|tier|OU
|rated
|clearpoke
|poke|p1|Lopunny, F, shiny
|poke|p1|Gothitelle, F, shiny
|poke|p1|Swampert, M
|poke|p1|Gourgeist-*, F
|poke|p1|Excadrill, M
|poke|p1|Clefable, F
|poke|p2|Volcarona, F
|poke|p2|Skarmory, M
|poke|p2|Breloom, M
|poke|p2|Cloyster, M
|poke|p2|Alakazam, F
|poke|p2|Bisharp, M
|rule|Swagger Clause: Swagger is banned
|rule|Baton Pass Clause: Limit one Pokémon knowing Baton Pass
|rule|Sleep Clause Mod: Limit one foe put to sleep
|rule|Species Clause: Limit one of each Pokémon
|rule|OHKO Clause: OHKO moves are banned
|rule|Moody Clause: Moody is banned
|rule|Evasion Moves Clause: Evasion moves are banned
|rule|Endless Battle Clause: Forcing endless battles is banned
|rule|HP Percentage Mod: HP is shown in percentages
|teampreview
|
|start
|switch|p1a: Cherry|Lopunny, F, shiny|280\/280
|switch|p2a: Alakazam|Alakazam, F|252\/252
|turn|1
|
|switch|p2a: Skarmory|Skarmory, M|334\/334
|switch|p1a: Patchun|Gothitelle, F, shiny|310\/310
|
|turn|2
|
|move|p1a: Patchun|Thunderbolt|p2a: Skarmory
|-supereffective|p2a: Skarmory
|-damage|p2a: Skarmory|14\/334
|move|p2a: Skarmory|Whirlwind|p1a: Patchun
|drag|p1a: Kipper|Swampert, M|401\/401
|
|turn|3
|
|move|p2a: Skarmory|Roost|p2a: Skarmory
|-heal|p2a: Skarmory|181\/334
|move|p1a: Kipper|Stealth Rock|p2a: Skarmory
|-sidestart|p2: RichardPepper|move: Stealth Rock
|
|turn|4
|
|switch|p1a: Patchun|Gothitelle, F, shiny|310\/310
|move|p2a: Skarmory|Defog|p1a: Patchun
|-unboost|p1a: Patchun|evasion|1
|-sideend|p2: RichardPepper|Stealth Rock|[from] move: Defog|[of] p2a: Skarmory
|
|turn|5
|
|move|p1a: Patchun|Thunderbolt|p2a: Skarmory
|-supereffective|p2a: Skarmory
|-damage|p2a: Skarmory|0 fnt
|faint|p2a: Skarmory
|
|
|switch|p2a: Volcarona|Volcarona, F|351\/351
|turn|6
|
|switch|p1a: Kipper|Swampert, M|401\/401
|move|p2a: Volcarona|Quiver Dance|p2a: Volcarona
|-boost|p2a: Volcarona|spa|1
|-boost|p2a: Volcarona|spd|1
|-boost|p2a: Volcarona|spe|1
|
|turn|7
|
|move|p2a: Volcarona|Giga Drain|p1a: Kipper
|-supereffective|p1a: Kipper
|-damage|p1a: Kipper|0 fnt
|faint|p1a: Kipper
|
|
|switch|p1a: Simon|Excadrill, M|361\/361
|-ability|p1a: Simon|Mold Breaker
|turn|8
|
|move|p2a: Volcarona|Fiery Dance|p1a: Simon
|-supereffective|p1a: Simon
|-damage|p1a: Simon|5\/361
|-boost|p2a: Volcarona|spa|1
|move|p1a: Simon|Rock Slide|p2a: Volcarona
|-supereffective|p2a: Volcarona
|-damage|p2a: Volcarona|0 fnt
|faint|p2a: Volcarona
|
|c|★Plasmi|MY BOIIII
|c|★Plasmi|holy shit
|c|★Plasmi|HOLY SHIT
|c|★Plasmi|SIMONNNNNN
|c|★Plasmi|comin
|
|switch|p2a: Cloyster|Cloyster, M|241\/241
|turn|9
|c|★Plasmi|THRU
|c|★Plasmi|omg
|
|move|p2a: Cloyster|Ice Shard|p1a: Simon
|-damage|p1a: Simon|0 fnt
|faint|p1a: Simon
|
|
|switch|p1a: Cherry|Lopunny, F, shiny|280\/280
|turn|10
|
|detailschange|p1a: Cherry|Lopunny-Mega, F, shiny
|message|Lopunny has Mega Evolved into Mega Lopunny!
|move|p1a: Cherry|Fake Out|p2a: Cloyster
|-damage|p2a: Cloyster|193\/241
|cant|p2a: Cloyster|flinch
|
|turn|11
|
|move|p2a: Cloyster|Ice Shard|p1a: Cherry
|-damage|p1a: Cherry|207\/280
|move|p1a: Cherry|High Jump Kick|p2a: Cloyster
|-supereffective|p2a: Cloyster
|-damage|p2a: Cloyster|0 fnt
|faint|p2a: Cloyster
|
|
|switch|p2a: Alakazam|Alakazam, F|252\/252
|turn|12
|
|switch|p1a: Patchun|Gothitelle, F, shiny|310\/310
|move|p2a: Alakazam|Charge Beam|p1a: Patchun
|-damage|p1a: Patchun|248\/310
|-boost|p2a: Alakazam|spa|1
|
|turn|13
|
|move|p2a: Alakazam|Charge Beam|p1a: Patchun
|-damage|p1a: Patchun|165\/310
|-boost|p2a: Alakazam|spa|1
|move|p1a: Patchun|Thunderbolt|p2a: Alakazam
|-damage|p2a: Alakazam|106\/252
|
|turn|14
|
|move|p2a: Alakazam|Psyshock|p1a: Patchun
|-resisted|p1a: Patchun
|-damage|p1a: Patchun|10\/310
|move|p1a: Patchun|Thunderbolt|p2a: Alakazam
|-damage|p2a: Alakazam|0 fnt
|faint|p2a: Alakazam
|
|
|switch|p2a: Bisharp|Bisharp, M|272\/272
|turn|15
|
|move|p2a: Bisharp|Low Kick|p1a: Patchun
|-resisted|p1a: Patchun
|-damage|p1a: Patchun|0 fnt
|faint|p1a: Patchun
|
|
|switch|p1a: Cherry|Lopunny-Mega, F, shiny|207\/280
|turn|16
|
|move|p1a: Cherry|High Jump Kick|p2a: Bisharp
|-supereffective|p2a: Bisharp
|-enditem|p2a: Bisharp|Focus Sash
|-damage|p2a: Bisharp|1\/272
|move|p2a: Bisharp|Swords Dance|p2a: Bisharp
|-boost|p2a: Bisharp|atk|2
|
|turn|17
|
|switch|p1a: Poppi|Clefable, F|393\/393
|move|p2a: Bisharp|Sucker Punch|p1a: Poppi
|-fail|p1a: Poppi
|
|turn|18
|c|★Plasmi|lol
|c|★Plasmi|why wouldnt i fake out
|
|move|p2a: Bisharp|Iron Head|p1a: Poppi
|-supereffective|p1a: Poppi
|-damage|p1a: Poppi|0 fnt
|faint|p1a: Poppi
|
|
|switch|p1a: Cherry|Lopunny-Mega, F, shiny|207\/280
|turn|19
|
|move|p1a: Cherry|Fake Out|p2a: Bisharp
|-resisted|p2a: Bisharp
|-damage|p2a: Bisharp|0 fnt
|faint|p2a: Bisharp
|
|
|switch|p2a: Breloom|Breloom, M|262\/262
|turn|20
|
|move|p2a: Breloom|Mach Punch|p1a: Cherry
|-supereffective|p1a: Cherry
|-damage|p1a: Cherry|1\/280
|move|p1a: Cherry|Ice Punch|p2a: Breloom
|-supereffective|p2a: Breloom
|-damage|p2a: Breloom|36\/262
|
|turn|21
|c|★Plasmi|wwo
|
|move|p2a: Breloom|Mach Punch|p1a: Cherry
|-supereffective|p1a: Cherry
|-damage|p1a: Cherry|0 fnt
|faint|p1a: Cherry
|
|
|switch|p1a: Kokoro|Gourgeist-Super, F|374\/374
|-item|p2a: Breloom|Focus Sash|[from] ability: Frisk|[of] p1a: Kokoro|[identify]
|turn|22
|
|move|p2a: Breloom|Bullet Seed|p1a: Kokoro
|-resisted|p1a: Kokoro
|-damage|p1a: Kokoro|355\/374
|-resisted|p1a: Kokoro
|-damage|p1a: Kokoro|334\/374
|-resisted|p1a: Kokoro
|-damage|p1a: Kokoro|313\/374
|-resisted|p1a: Kokoro
|-damage|p1a: Kokoro|294\/374
|-hitcount|p1a: Kokoro|4
|move|p1a: Kokoro|Will-O-Wisp|p2a: Breloom
|-status|p2a: Breloom|brn
|
|-heal|p1a: Kokoro|317\/374|[from] item: Leftovers
|-damage|p2a: Breloom|4\/262 brn|[from] brn
|turn|23
|
|move|p1a: Kokoro|Shadow Sneak|p2a: Breloom
|-damage|p2a: Breloom|0 fnt
|faint|p2a: Breloom
|
|win|Plasmi
|raw|Ladder updating...
|raw|Plasmi's rating: 1685 &rarr; <strong>1700<\/strong><br \/>(+15 for winning)
|raw|RichardPepper's rating: 1592 &rarr; <strong>1577<\/strong><br \/>(-15 for losing)
|leave|Plasmi
|player|p1
|leave|RichardPepper
|player|p2
|join|Plasmi