|join|Amoonbro
|join|fred5113
|player|p1|Amoonbro|102
|player|p2|fred5113|102
|gametype|singles
|gen|6
|tier|OU
|rated
|clearpoke
|poke|p1|Chansey, F, shiny
|poke|p1|Skarmory, F, shiny
|poke|p1|Alomomola, M, shiny
|poke|p1|Amoonguss, F, shiny
|poke|p1|Quagsire, M, shiny
|poke|p1|Sableye, F, shiny
|poke|p2|Diggersby, F
|poke|p2|Raikou
|poke|p2|Azelf
|poke|p2|Bisharp, F
|poke|p2|Slowbro, F
|poke|p2|Landorus, M
|rule|Swagger Clause: Swagger is banned
|rule|Baton Pass Clause: Limit one Pokémon knowing Baton Pass
|rule|Sleep Clause Mod: Limit one foe put to sleep
|rule|Species Clause: Limit one of each Pokémon
|rule|OHKO Clause: OHKO moves are banned
|rule|Moody Clause: Moody is banned
|rule|Evasion Moves Clause: Evasion moves are banned
|rule|Endless Battle Clause: Forcing endless battles is banned
|rule|HP Percentage Mod: HP is shown in percentages
|teampreview
|
|start
|switch|p1a: Not Mega|Sableye, F, shiny|304\/304
|switch|p2a: Bisharp|Bisharp, F|272\/272
|turn|1
|
|detailschange|p1a: Not Mega|Sableye-Mega, F, shiny
|-mega|p1a: Not Mega|Sableye|Sablenite
|move|p1a: Not Mega|Will-O-Wisp|p2a: Bisharp
|-status|p2a: Bisharp|brn
|move|p2a: Bisharp|Knock Off|p1a: Not Mega
|-damage|p1a: Not Mega|261\/304
|
|-damage|p2a: Bisharp|238\/272 brn|[from] brn
|turn|2
|
|switch|p2a: Azelf|Azelf|291\/291
|move|p1a: Not Mega|Knock Off|p2a: Azelf
|-supereffective|p2a: Azelf
|-damage|p2a: Azelf|19\/291
|-enditem|p2a: Azelf|Focus Sash|[from] move: Knock Off|[of] p1a: Not Mega
|
|turn|3
|
|move|p2a: Azelf|Taunt|p1a: Not Mega
|move|p1a: Not Mega|Taunt|p2a: Azelf|[from]Magic Bounce
|-start|p2a: Azelf|move: Taunt
|move|p1a: Not Mega|Knock Off|p2a: Azelf
|-supereffective|p2a: Azelf
|-damage|p2a: Azelf|0 fnt
|faint|p2a: Azelf
|
|
|switch|p2a: Landorus|Landorus, M|319\/319
|turn|4
|
|switch|p1a: Fuck Magnezone|Skarmory, F, shiny|334\/334
|move|p2a: Landorus|Earth Power|p1a: Fuck Magnezone
|-immune|p1a: Fuck Magnezone|[msg]
|
|turn|5
|
|switch|p2a: Raikou|Raikou|321\/321
|-ability|p2a: Raikou|Pressure
|move|p1a: Fuck Magnezone|Stealth Rock|p2a: Raikou
|-sidestart|p2: fred5113|move: Stealth Rock
|
|turn|6
|
|switch|p2a: Bisharp|Bisharp, F|238\/272 brn
|-damage|p2a: Bisharp|221\/272 brn|[from] Stealth Rock
|switch|p1a: Mr Blobby|Amoonguss, F, shiny|432\/432
|
|-damage|p2a: Bisharp|187\/272 brn|[from] brn
|turn|7
|
|switch|p1a: Not Mega|Sableye-Mega, F, shiny|261\/304
|move|p2a: Bisharp|Knock Off|p1a: Not Mega
|-crit|p1a: Not Mega
|-damage|p1a: Not Mega|200\/304
|
|-damage|p2a: Bisharp|153\/272 brn|[from] brn
|turn|8
|
|move|p2a: Bisharp|Iron Head|p1a: Not Mega
|-damage|p1a: Not Mega|155\/304
|move|p1a: Not Mega|Recover|p1a: Not Mega
|-heal|p1a: Not Mega|304\/304
|
|-damage|p2a: Bisharp|119\/272 brn|[from] brn
|turn|9
|
|move|p2a: Bisharp|Iron Head|p1a: Not Mega
|-damage|p1a: Not Mega|259\/304
|cant|p1a: Not Mega|flinch
|
|-damage|p2a: Bisharp|85\/272 brn|[from] brn
|turn|10
|
|move|p2a: Bisharp|Iron Head|p1a: Not Mega
|-damage|p1a: Not Mega|216\/304
|move|p1a: Not Mega|Recover|p1a: Not Mega
|-heal|p1a: Not Mega|304\/304
|
|-damage|p2a: Bisharp|51\/272 brn|[from] brn
|turn|11
|
|move|p2a: Bisharp|Iron Head|p1a: Not Mega
|-damage|p1a: Not Mega|261\/304
|move|p1a: Not Mega|Recover|p1a: Not Mega
|-heal|p1a: Not Mega|304\/304
|
|-damage|p2a: Bisharp|17\/272 brn|[from] brn
|turn|12
|
|move|p2a: Bisharp|Knock Off|p1a: Not Mega
|-damage|p1a: Not Mega|262\/304
|move|p1a: Not Mega|Recover|p1a: Not Mega
|-heal|p1a: Not Mega|304\/304
|
|-damage|p2a: Bisharp|0 fnt|[from] brn
|faint|p2a: Bisharp
|
|switch|p2a: Slowbro|Slowbro, F|394\/394
|-damage|p2a: Slowbro|345\/394|[from] Stealth Rock
|turn|13
|
|detailschange|p2a: Slowbro|Slowbro-Mega, F
|-mega|p2a: Slowbro|Slowbro|Slowbronite
|move|p2a: Slowbro|Scald|p1a: Not Mega
|-damage|p1a: Not Mega|168\/304
|move|p1a: Not Mega|Knock Off|p2a: Slowbro
|-supereffective|p2a: Slowbro
|-damage|p2a: Slowbro|265\/394
|
|turn|14
|
|switch|p1a: Baby Blobby|Chansey, F, shiny|704\/704
|move|p2a: Slowbro|Scald|p1a: Baby Blobby
|-damage|p1a: Baby Blobby|601\/704
|-status|p1a: Baby Blobby|brn
|
|-damage|p1a: Baby Blobby|513\/704 brn|[from] brn
|turn|15
|
|move|p1a: Baby Blobby|Toxic|p2a: Slowbro
|-status|p2a: Slowbro|tox
|move|p2a: Slowbro|Psyshock|p1a: Baby Blobby
|-damage|p1a: Baby Blobby|315\/704 brn
|
|-damage|p1a: Baby Blobby|227\/704 brn|[from] brn
|-damage|p2a: Slowbro|241\/394 tox|[from] psn
|turn|16
|
|switch|p1a: Fuck Magnezone|Skarmory, F, shiny|334\/334
|switch|p2a: Diggersby|Diggersby, F|311\/311
|-damage|p2a: Diggersby|292\/311|[from] Stealth Rock
|
|turn|17
|
|switch|p2a: Landorus|Landorus, M|319\/319
|-damage|p2a: Landorus|280\/319|[from] Stealth Rock
|switch|p1a: Mrs Blobby|Alomomola, M, shiny|529\/529
|
|turn|18
|
|switch|p1a: Mr Blobby|Amoonguss, F, shiny|432\/432
|move|p2a: Landorus|Psychic|p1a: Mr Blobby
|-supereffective|p1a: Mr Blobby
|-damage|p1a: Mr Blobby|156\/432
|
|turn|19
|
|switch|p1a: Uncle Blobby|Quagsire, M, shiny|394\/394
|move|p2a: Landorus|Psychic|p1a: Uncle Blobby
|-damage|p1a: Uncle Blobby|169\/394
|
|-heal|p1a: Uncle Blobby|193\/394|[from] item: Leftovers
|turn|20
|
|move|p2a: Landorus|Psychic|p1a: Uncle Blobby
|-damage|p1a: Uncle Blobby|0 fnt
|faint|p1a: Uncle Blobby
|
|
|switch|p1a: Baby Blobby|Chansey, F, shiny|227\/704
|turn|21
|
|switch|p2a: Diggersby|Diggersby, F|292\/311
|-damage|p2a: Diggersby|273\/311|[from] Stealth Rock
|move|p1a: Baby Blobby|Soft-Boiled|p1a: Baby Blobby
|-heal|p1a: Baby Blobby|579\/704
|
|turn|22
|
|switch|p1a: Mrs Blobby|Alomomola, M, shiny|529\/529
|move|p2a: Diggersby|Swords Dance|p2a: Diggersby
|-boost|p2a: Diggersby|atk|2
|
|turn|23
|
|move|p2a: Diggersby|Frustration|p1a: Mrs Blobby
|-crit|p1a: Mrs Blobby
|-damage|p1a: Mrs Blobby|0 fnt
|-damage|p2a: Diggersby|242\/311|[from] item: Life Orb
|faint|p1a: Mrs Blobby
|
|c|★Amoonbro|seriously fuck off crit noob
|c|★Amoonbro|gg. fucking noob
|c|★fred5113|I don't control crits.
|c|★Amoonbro|youre a fucking noob
|c|★Amoonbro|you got owned in the  first 10 turns
|c|★Amoonbro|and dont deserve to win in the slightest...it was was a 5-0
|c|★fred5113|You got owned in the 23rd.
|
|switch|p1a: Not Mega|Sableye-Mega, F, shiny|168\/304
|turn|24
|
|move|p2a: Diggersby|Swords Dance|p2a: Diggersby
|-boost|p2a: Diggersby|atk|2
|move|p1a: Not Mega|Will-O-Wisp|p2a: Diggersby
|-status|p2a: Diggersby|brn
|
|-damage|p2a: Diggersby|204\/311 brn|[from] brn
|turn|25
|
|move|p2a: Diggersby|Earthquake|p1a: Not Mega
|-damage|p1a: Not Mega|0 fnt
|-damage|p2a: Diggersby|173\/311 brn|[from] item: Life Orb
|faint|p1a: Not Mega
|
|-damage|p2a: Diggersby|135\/311 brn|[from] brn
|c|★Amoonbro|youre so fucking bad
|
|switch|p1a: Fuck Magnezone|Skarmory, F, shiny|334\/334
|turn|26
|c|★fred5113|I'm playing around
|c|★fred5113|Chill
|c|★Amoonbro|shut up
|
|move|p2a: Diggersby|Frustration|p1a: Fuck Magnezone
|-resisted|p1a: Fuck Magnezone
|-damage|p1a: Fuck Magnezone|201\/334
|-damage|p2a: Diggersby|104\/311 brn|[from] item: Life Orb
|move|p1a: Fuck Magnezone|Brave Bird|p2a: Diggersby
|-damage|p2a: Diggersby|0 fnt
|-damage|p1a: Fuck Magnezone|167\/334|[from] recoil|[of] p2a: Diggersby
|faint|p2a: Diggersby
|
|c|★Amoonbro|ruined a perfect record cuz of a crit
|c|★fred5113|loooooooooooool
|
|switch|p2a: Slowbro|Slowbro-Mega, F|241\/394 tox
|-damage|p2a: Slowbro|192\/394 tox|[from] Stealth Rock
|turn|27
|
|switch|p1a: Baby Blobby|Chansey, F, shiny|579\/704
|move|p2a: Slowbro|Slack Off|p2a: Slowbro
|-heal|p2a: Slowbro|389\/394 tox
|
|-damage|p2a: Slowbro|365\/394 tox|[from] psn
|turn|28
|
|switch|p2a: Landorus|Landorus, M|280\/319
|-damage|p2a: Landorus|241\/319|[from] Stealth Rock
|move|p1a: Baby Blobby|Soft-Boiled|p1a: Baby Blobby
|-heal|p1a: Baby Blobby|704\/704
|
|turn|29
|
|move|p2a: Landorus|Earth Power|p1a: Baby Blobby
|-damage|p1a: Baby Blobby|547\/704
|move|p1a: Baby Blobby|Seismic Toss|p2a: Landorus
|-damage|p2a: Landorus|141\/319
|
|turn|30
|
|move|p2a: Landorus|Earth Power|p1a: Baby Blobby
|-damage|p1a: Baby Blobby|383\/704
|move|p1a: Baby Blobby|Soft-Boiled|p1a: Baby Blobby
|-heal|p1a: Baby Blobby|704\/704
|
|turn|31
|
|move|p2a: Landorus|Earth Power|p1a: Baby Blobby
|-damage|p1a: Baby Blobby|558\/704
|move|p1a: Baby Blobby|Toxic|p2a: Landorus
|-status|p2a: Landorus|tox
|
|-damage|p2a: Landorus|122\/319 tox|[from] psn
|turn|32
|
|move|p2a: Landorus|Earth Power|p1a: Baby Blobby
|-damage|p1a: Baby Blobby|394\/704
|move|p1a: Baby Blobby|Soft-Boiled|p1a: Baby Blobby
|-heal|p1a: Baby Blobby|704\/704
|
|-damage|p2a: Landorus|84\/319 tox|[from] psn
|turn|33
|
|move|p2a: Landorus|Earth Power|p1a: Baby Blobby
|-damage|p1a: Baby Blobby|544\/704
|move|p1a: Baby Blobby|Soft-Boiled|p1a: Baby Blobby
|-heal|p1a: Baby Blobby|704\/704
|
|-damage|p2a: Landorus|27\/319 tox|[from] psn
|turn|34
|
|move|p2a: Landorus|Earth Power|p1a: Baby Blobby
|-damage|p1a: Baby Blobby|532\/704
|move|p1a: Baby Blobby|Soft-Boiled|p1a: Baby Blobby
|-heal|p1a: Baby Blobby|704\/704
|
|-damage|p2a: Landorus|0 fnt|[from] psn
|faint|p2a: Landorus
|
|switch|p2a: Slowbro|Slowbro-Mega, F|365\/394 tox
|-damage|p2a: Slowbro|316\/394 tox|[from] Stealth Rock
|turn|35
|
|move|p1a: Baby Blobby|Seismic Toss|p2a: Slowbro
|-damage|p2a: Slowbro|216\/394 tox
|move|p2a: Slowbro|Scald|p1a: Baby Blobby
|-damage|p1a: Baby Blobby|604\/704
|
|-damage|p2a: Slowbro|192\/394 tox|[from] psn
|turn|36
|
|move|p1a: Baby Blobby|Soft-Boiled|p1a: Baby Blobby
|-heal|p1a: Baby Blobby|704\/704
|move|p2a: Slowbro|Scald|p1a: Baby Blobby
|-damage|p1a: Baby Blobby|596\/704
|
|-damage|p2a: Slowbro|144\/394 tox|[from] psn
|turn|37
|
|move|p1a: Baby Blobby|Soft-Boiled|p1a: Baby Blobby
|-heal|p1a: Baby Blobby|704\/704
|move|p2a: Slowbro|Scald|p1a: Baby Blobby
|-damage|p1a: Baby Blobby|598\/704
|
|-damage|p2a: Slowbro|72\/394 tox|[from] psn
|turn|38
|
|move|p1a: Baby Blobby|Soft-Boiled|p1a: Baby Blobby
|-heal|p1a: Baby Blobby|704\/704
|move|p2a: Slowbro|Scald|p1a: Baby Blobby
|-damage|p1a: Baby Blobby|595\/704
|-status|p1a: Baby Blobby|brn
|
|-damage|p1a: Baby Blobby|507\/704 brn|[from] brn
|-damage|p2a: Slowbro|0 fnt|[from] psn
|faint|p2a: Slowbro
|
|switch|p2a: Raikou|Raikou|321\/321
|-damage|p2a: Raikou|281\/321|[from] Stealth Rock
|-ability|p2a: Raikou|Pressure
|turn|39
|
|switch|p1a: Fuck Magnezone|Skarmory, F, shiny|167\/334
|move|p2a: Raikou|Thunderbolt|p1a: Fuck Magnezone
|-supereffective|p1a: Fuck Magnezone
|-damage|p1a: Fuck Magnezone|0 fnt
|faint|p1a: Fuck Magnezone
|
|-heal|p2a: Raikou|301\/321|[from] item: Leftovers
|
|switch|p1a: Mr Blobby|Amoonguss, F, shiny|300\/432
|turn|40
|
|switch|p1a: Baby Blobby|Chansey, F, shiny|507\/704
|move|p2a: Raikou|Hidden Power|p1a: Baby Blobby
|-crit|p1a: Baby Blobby
|-damage|p1a: Baby Blobby|442\/704
|
|-heal|p2a: Raikou|321\/321|[from] item: Leftovers
|turn|41
|
|move|p2a: Raikou|Thunderbolt|p1a: Baby Blobby
|-damage|p1a: Baby Blobby|345\/704
|move|p1a: Baby Blobby|Soft-Boiled|p1a: Baby Blobby
|-heal|p1a: Baby Blobby|697\/704
|
|turn|42
|
|move|p2a: Raikou|Thunderbolt|p1a: Baby Blobby
|-damage|p1a: Baby Blobby|594\/704
|move|p1a: Baby Blobby|Toxic|p2a: Raikou
|-status|p2a: Raikou|tox
|
|-damage|p2a: Raikou|301\/321 tox|[from] psn
|turn|43
|
|move|p2a: Raikou|Thunderbolt|p1a: Baby Blobby
|-damage|p1a: Baby Blobby|504\/704
|move|p1a: Baby Blobby|Seismic Toss|p2a: Raikou
|-damage|p2a: Raikou|201\/321 tox
|
|-heal|p2a: Raikou|221\/321 tox|[from] item: Leftovers
|-damage|p2a: Raikou|181\/321 tox|[from] psn
|turn|44
|
|move|p2a: Raikou|Thunderbolt|p1a: Baby Blobby
|-damage|p1a: Baby Blobby|402\/704
|move|p1a: Baby Blobby|Soft-Boiled|p1a: Baby Blobby
|-heal|p1a: Baby Blobby|704\/704
|
|-heal|p2a: Raikou|201\/321 tox|[from] item: Leftovers
|-damage|p2a: Raikou|141\/321 tox|[from] psn
|turn|45
|
|move|p2a: Raikou|Thunderbolt|p1a: Baby Blobby
|-damage|p1a: Baby Blobby|607\/704
|move|p1a: Baby Blobby|Soft-Boiled|p1a: Baby Blobby
|-heal|p1a: Baby Blobby|704\/704
|
|-heal|p2a: Raikou|161\/321 tox|[from] item: Leftovers
|-damage|p2a: Raikou|81\/321 tox|[from] psn
|turn|46
|
|move|p2a: Raikou|Thunderbolt|p1a: Baby Blobby
|-damage|p1a: Baby Blobby|611\/704
|move|p1a: Baby Blobby|Soft-Boiled|p1a: Baby Blobby
|-heal|p1a: Baby Blobby|704\/704
|
|-heal|p2a: Raikou|101\/321 tox|[from] item: Leftovers
|-damage|p2a: Raikou|1\/321 tox|[from] psn
|turn|47
|c|★Amoonbro|gg. bad at teambuilding. bad player. gets hax with a boosted diggersby and still loses. spamming heals cause of the hax youre getting. chansey nearly died before cause of hax too. fully paralyzed hax nah
|
|move|p2a: Raikou|Thunderbolt|p1a: Baby Blobby
|-damage|p1a: Baby Blobby|611\/704
|move|p1a: Baby Blobby|Soft-Boiled|p1a: Baby Blobby
|-heal|p1a: Baby Blobby|704\/704
|
|-heal|p2a: Raikou|21\/321 tox|[from] item: Leftovers
|-damage|p2a: Raikou|0 fnt|[from] psn
|faint|p2a: Raikou
|
|win|Amoonbro
|raw|Ladder updating...
|raw|Amoonbro's rating: 1200 &rarr; <strong>1223<\/strong><br \/>(+23 for winning)
|raw|fred5113's rating: 1167 &rarr; <strong>1144<\/strong><br \/>(-23 for losing)
|leave|fred5113
|player|p2