|join|Reverb
|join|pain in my neck
|player|p1|Reverb|#reverb
|player|p2|pain in my neck|2
|gametype|singles
|gen|6
|tier|OU
|rated
|clearpoke
|poke|p1|Scizor, M
|poke|p1|Diggersby, M, shiny
|poke|p1|Raikou, shiny
|poke|p1|Azelf
|poke|p1|Greninja, M
|poke|p1|Latios, M, shiny
|poke|p2|Keldeo-Resolute
|poke|p2|Latias, F
|poke|p2|Garchomp, M
|poke|p2|Ferrothorn, M
|poke|p2|Tyranitar, F
|poke|p2|Clefable, F
|rule|Swagger Clause: Swagger is banned
|rule|Baton Pass Clause: Limit one Pokémon knowing Baton Pass
|rule|Sleep Clause Mod: Limit one foe put to sleep
|rule|Species Clause: Limit one of each Pokémon
|rule|OHKO Clause: OHKO moves are banned
|rule|Moody Clause: Moody is banned
|rule|Evasion Moves Clause: Evasion moves are banned
|rule|Endless Battle Clause: Forcing endless battles is banned
|rule|HP Percentage Mod: HP is shown in percentages
|teampreview
|join|The Solid Snake
|join|Clefairy
|join|Outrageous Fortune
|join|Squirrelll
|join|jake5
|
|start
|switch|p1a: hoes on mah bed|Diggersby, M, shiny|311\/311
|switch|p2a: Tyranitar|Tyranitar, F|341\/341
|-weather|Sandstorm
|turn|1
|
|switch|p2a: Ferrothorn|Ferrothorn, M|352\/352
|move|p1a: hoes on mah bed|Earthquake|p2a: Ferrothorn
|-damage|p2a: Ferrothorn|144\/352
|-damage|p1a: hoes on mah bed|280\/311|[from] item: Life Orb
|
|-weather|Sandstorm|[upkeep]
|turn|2
|c| jake5|lol
|join|Rest in Pepperoni
|join|TOTEMO
|join|Chillaxmytest
|
|switch|p2a: Latias|Latias, F|363\/363
|move|p1a: hoes on mah bed|Earthquake|p2a: Latias
|-immune|p2a: Latias|[msg]
|
|-weather|Sandstorm|[upkeep]
|-damage|p2a: Latias|341\/363|[from] sandstorm
|turn|3
|join|blarghlfarghl
|join|Agilis
|
|switch|p1a: Scizor|Scizor, M|307\/307
|detailschange|p2a: Latias|Latias-Mega, F
|message|Latias has Mega Evolved into Mega Latias!
|move|p2a: Latias|Stored Power|p1a: Scizor
|-resisted|p1a: Scizor
|-damage|p1a: Scizor|288\/307
|
|-weather|Sandstorm|[upkeep]
|-damage|p2a: Latias|319\/363|[from] sandstorm
|turn|4
|
|switch|p2a: Garchomp|Garchomp, M|420\/420
|detailschange|p1a: Scizor|Scizor-Mega, M
|message|Scizor has Mega Evolved into Mega Scizor!
|move|p1a: Scizor|Bug Bite|p2a: Garchomp
|-damage|p2a: Garchomp|248\/420
|-damage|p1a: Scizor|250\/307|[from] ability: Rough Skin|[of] p2a: Garchomp
|-damage|p1a: Scizor|199\/307|[from] item: Rocky Helmet|[of] p2a: Garchomp
|
|-weather|Sandstorm|[upkeep]
|turn|5
|c| Squirrelll|that set is so dumb imo
|join|Ox the Fox
|c| jake5|yeah its pretty gay
|c| Squirrelll|to many dark types
|
|switch|p1a: Azelf|Azelf|291\/291
|move|p2a: Garchomp|Stealth Rock|p1a: Azelf
|-sidestart|p1: Reverb|move: Stealth Rock
|
|-weather|none
|turn|6
|c|+Clefairy|hue
|
|switch|p2a: Tyranitar|Tyranitar, F|341\/341
|-weather|Sandstorm
|move|p1a: Azelf|Stealth Rock|p2a: Tyranitar
|-sidestart|p2: pain in my neck|move: Stealth Rock
|
|-weather|Sandstorm|[upkeep]
|-damage|p1a: Azelf|273\/291|[from] sandstorm
|turn|7
|c| Squirrelll|and every stall has sableye so its not even good there
|
|move|p2a: Tyranitar|Crunch|p1a: Azelf
|-supereffective|p1a: Azelf
|-damage|p1a: Azelf|0 fnt
|faint|p1a: Azelf
|
|-weather|Sandstorm|[upkeep]
|c| blarghlfarghl|ah thought so
|
|switch|p1a: Greninja|Greninja, M|285\/285
|-damage|p1a: Greninja|250\/285|[from] Stealth Rock
|turn|8
|join|mistaken
|join|Vipers
|c| Ox the Fox|clef >azelf
|c| Ox the Fox|yn
|c| Agilis|Well seeing as painintheneck has two mons that destroy dark types, there is still use for it.
|c| Squirrelll|y
|c| blarghlfarghl|n
|
|switch|p2a: Ferrothorn|Ferrothorn, M|144\/352
|-damage|p2a: Ferrothorn|122\/352|[from] Stealth Rock
|move|p1a: Greninja|Low Kick|p2a: Ferrothorn
|-start|p1a: Greninja|typechange|Fighting|[from] Protean
|-supereffective|p2a: Ferrothorn
|-damage|p2a: Ferrothorn|0 fnt
|-damage|p1a: Greninja|215\/285|[from] ability: Iron Barbs|[of] p2a: Ferrothorn
|-damage|p1a: Greninja|168\/285|[from] item: Rocky Helmet|[of] p2a: Ferrothorn
|-damage|p1a: Greninja|140\/285|[from] item: Life Orb
|faint|p2a: Ferrothorn
|
|-weather|Sandstorm|[upkeep]
|-damage|p1a: Greninja|123\/285|[from] sandstorm
|
|switch|p2a: Keldeo-Resolute|Keldeo-Resolute|323\/323
|-damage|p2a: Keldeo-Resolute|303\/323|[from] Stealth Rock
|turn|9
|join|etaoi
|
|move|p1a: Greninja|Gunk Shot|p2a: Keldeo-Resolute
|-start|p1a: Greninja|typechange|Poison|[from] Protean
|-damage|p2a: Keldeo-Resolute|111\/323
|-damage|p1a: Greninja|95\/285|[from] item: Life Orb
|move|p2a: Keldeo-Resolute|Scald|p1a: Greninja
|-damage|p1a: Greninja|0 fnt
|faint|p1a: Greninja
|
|-weather|Sandstorm|[upkeep]
|-damage|p2a: Keldeo-Resolute|91\/323|[from] sandstorm
|-heal|p2a: Keldeo-Resolute|111\/323|[from] item: Leftovers
|c| Ox the Fox|i need test
|
|switch|p1a: hoes on mah bed|Diggersby, M, shiny|280\/311
|-damage|p1a: hoes on mah bed|261\/311|[from] Stealth Rock
|turn|10
|
|switch|p2a: Garchomp|Garchomp, M|248\/420
|-damage|p2a: Garchomp|222\/420|[from] Stealth Rock
|move|p1a: hoes on mah bed|Quick Attack|p2a: Garchomp
|-damage|p2a: Garchomp|127\/420
|-damage|p1a: hoes on mah bed|223\/311|[from] ability: Rough Skin|[of] p2a: Garchomp
|-damage|p1a: hoes on mah bed|172\/311|[from] item: Rocky Helmet|[of] p2a: Garchomp
|-damage|p1a: hoes on mah bed|141\/311|[from] item: Life Orb
|
|-weather|none
|turn|11
|
|move|p2a: Garchomp|Earthquake|p1a: hoes on mah bed
|-damage|p1a: hoes on mah bed|0 fnt
|faint|p1a: hoes on mah bed
|
|join|Gizmo∞
|c| blarghlfarghl|dat recoil
|c| Squirrelll|any set on Mlatios is consistently more threatening imo
|
|switch|p1a: Latios|Latios, M, shiny|301\/301
|-damage|p1a: Latios|264\/301|[from] Stealth Rock
|turn|12
|
|move|p1a: Latios|Surf|p2a: Garchomp
|-damage|p2a: Garchomp|0 fnt
|faint|p2a: Garchomp
|
|c| Squirrelll|even like DD Mega latios lol
|
|switch|p2a: Tyranitar|Tyranitar, F|341\/341
|-damage|p2a: Tyranitar|299\/341|[from] Stealth Rock
|-weather|Sandstorm
|turn|13
|
|move|p1a: Latios|Surf|p2a: Tyranitar
|-supereffective|p2a: Tyranitar
|-damage|p2a: Tyranitar|165\/341
|move|p2a: Tyranitar|Crunch|p1a: Latios
|-supereffective|p1a: Latios
|-damage|p1a: Latios|0 fnt
|faint|p1a: Latios
|
|-weather|Sandstorm|[upkeep]
|join|Turtle Teh Cat
|
|switch|p1a: Scizor|Scizor-Mega, M|199\/307
|-damage|p1a: Scizor|161\/307|[from] Stealth Rock
|turn|14
|
|switch|p2a: Keldeo-Resolute|Keldeo-Resolute|111\/323
|-damage|p2a: Keldeo-Resolute|91\/323|[from] Stealth Rock
|move|p1a: Scizor|Swords Dance|p1a: Scizor
|-boost|p1a: Scizor|atk|2
|
|-weather|Sandstorm|[upkeep]
|-damage|p2a: Keldeo-Resolute|71\/323|[from] sandstorm
|-heal|p2a: Keldeo-Resolute|91\/323|[from] item: Leftovers
|turn|15
|c| jake5|probably use it for the bulk
|
|move|p1a: Scizor|Bullet Punch|p2a: Keldeo-Resolute
|-resisted|p2a: Keldeo-Resolute
|-damage|p2a: Keldeo-Resolute|0 fnt
|faint|p2a: Keldeo-Resolute
|
|-weather|Sandstorm|[upkeep]
|c| blarghlfarghl|looking like an easy snackwrap
|
|switch|p2a: Clefable|Clefable, F|394\/394
|turn|16
|
|move|p1a: Scizor|Bullet Punch|p2a: Clefable
|-supereffective|p2a: Clefable
|-damage|p2a: Clefable|0 fnt
|faint|p2a: Clefable
|
|-weather|Sandstorm|[upkeep]
|c| Squirrelll|the counter
|
|switch|p2a: Tyranitar|Tyranitar, F|165\/341
|-damage|p2a: Tyranitar|123\/341|[from] Stealth Rock
|turn|17
|join|IwG
|
|move|p1a: Scizor|Bullet Punch|p2a: Tyranitar
|-supereffective|p2a: Tyranitar
|-damage|p2a: Tyranitar|0 fnt
|faint|p2a: Tyranitar
|
|-weather|none
|
|switch|p2a: Latias|Latias-Mega, F|319\/363
|-damage|p2a: Latias|274\/363|[from] Stealth Rock
|turn|18
|c| Turtle Teh Cat|wow
|c| jake5|ez bug bite
|
|move|p1a: Scizor|Bullet Punch|p2a: Latias
|-crit|p2a: Latias
|-damage|p2a: Latias|0 fnt
|faint|p2a: Latias
|
|win|Reverb
|raw|Ladder updating...
|c| Squirrelll|what was lost in crunching
|c|★Reverb|gg
|c| jake5|LOL
|leave|jake5
|leave|pain in my neck
|player|p2
|join|SwaggBoi
|leave|Ox the Fox
|c|★Reverb|dude he lost either way
|leave|Outrageous Fortune
|c| Squirrelll|if he was cb
|join|haunter