|join|Skateboard
|join|Rapidashite
|player|p1|Skateboard|128
|player|p2|Rapidashite|154
|gametype|singles
|gen|6
|tier|OU
|rated
|clearpoke
|poke|p1|Tyranitar, M
|poke|p1|Slowbro, M
|poke|p1|Celebi
|poke|p1|Lopunny, F
|poke|p1|Excadrill, F
|poke|p1|Talonflame, M
|poke|p2|Sableye, M
|poke|p2|Excadrill, F
|poke|p2|Manaphy
|poke|p2|Gliscor, M
|poke|p2|Talonflame, M
|poke|p2|Clefable, F
|rule|Swagger Clause: Swagger is banned
|rule|Baton Pass Clause: Limit one Pokémon knowing Baton Pass
|rule|Sleep Clause Mod: Limit one foe put to sleep
|rule|Species Clause: Limit one of each Pokémon
|rule|OHKO Clause: OHKO moves are banned
|rule|Moody Clause: Moody is banned
|rule|Evasion Moves Clause: Evasion moves are banned
|rule|Endless Battle Clause: Forcing endless battles is banned
|rule|HP Percentage Mod: HP is shown in percentages
|teampreview
|
|start
|switch|p1a: Talonflame|Talonflame, M|297\/297
|switch|p2a: Sebastian|Sableye, M|303\/303
|turn|1
|
|detailschange|p2a: Sebastian|Sableye-Mega, M
|-mega|p2a: Sebastian|Sableye|Sablenite
|move|p1a: Talonflame|Brave Bird|p2a: Sebastian
|-damage|p2a: Sebastian|102\/303
|-damage|p1a: Talonflame|231\/297|[from] recoil|[of] p2a: Sebastian
|move|p2a: Sebastian|Foul Play|p1a: Talonflame
|-damage|p1a: Talonflame|60\/297
|
|turn|2
|
|switch|p2a: Maurice|Gliscor, M|353\/353
|move|p1a: Talonflame|Brave Bird|p2a: Maurice
|-damage|p2a: Maurice|187\/353
|-damage|p1a: Talonflame|5\/297|[from] recoil|[of] p2a: Maurice
|
|-status|p2a: Maurice|tox|[from] item: Toxic Orb
|turn|3
|
|move|p1a: Talonflame|Brave Bird|p2a: Maurice
|-damage|p2a: Maurice|36\/353 tox
|-damage|p1a: Talonflame|0 fnt|[from] recoil|[of] p2a: Maurice
|faint|p1a: Talonflame
|move|p2a: Maurice|Stealth Rock|p1: Talonflame
|-sidestart|p1: Skateboard|move: Stealth Rock
|
|-heal|p2a: Maurice|80\/353 tox|[from] ability: Poison Heal
|
|switch|p1a: Tyranitar|Tyranitar, M|341\/341
|-damage|p1a: Tyranitar|299\/341|[from] Stealth Rock
|-weather|Sandstorm
|turn|4
|
|move|p1a: Tyranitar|Pursuit|p2a: Maurice|[from]Pursuit
|-damage|p2a: Maurice|0 fnt
|faint|p2a: Maurice
|
|-weather|Sandstorm|[upkeep]
|
|switch|p2a: Sebastian|Sableye-Mega, M|102\/303
|turn|5
|
|switch|p1a: Slowbro|Slowbro, M|394\/394
|-damage|p1a: Slowbro|345\/394|[from] Stealth Rock
|move|p2a: Sebastian|Recover|p2a: Sebastian
|-heal|p2a: Sebastian|254\/303
|
|-weather|Sandstorm|[upkeep]
|-damage|p1a: Slowbro|321\/394|[from] sandstorm
|-damage|p2a: Sebastian|236\/303|[from] sandstorm
|-heal|p1a: Slowbro|345\/394|[from] item: Leftovers
|turn|6
|
|move|p1a: Slowbro|Scald|p2a: Sebastian
|-damage|p2a: Sebastian|169\/303
|move|p2a: Sebastian|Knock Off|p1a: Slowbro
|-supereffective|p1a: Slowbro
|-damage|p1a: Slowbro|217\/394
|-enditem|p1a: Slowbro|Leftovers|[from] move: Knock Off|[of] p2a: Sebastian
|
|-weather|Sandstorm|[upkeep]
|-damage|p1a: Slowbro|193\/394|[from] sandstorm
|-damage|p2a: Sebastian|151\/303|[from] sandstorm
|turn|7
|
|move|p1a: Slowbro|Scald|p2a: Sebastian
|-damage|p2a: Sebastian|90\/303
|move|p2a: Sebastian|Recover|p2a: Sebastian
|-heal|p2a: Sebastian|242\/303
|
|-weather|Sandstorm|[upkeep]
|-damage|p1a: Slowbro|169\/394|[from] sandstorm
|-damage|p2a: Sebastian|224\/303|[from] sandstorm
|turn|8
|
|move|p1a: Slowbro|Toxic|p2a: Sebastian
|move|p2a: Sebastian|Toxic|p1a: Slowbro|[from]Magic Bounce
|-status|p1a: Slowbro|tox
|move|p2a: Sebastian|Will-O-Wisp|p1a: Slowbro|[miss]
|-miss|p2a: Sebastian|p1a: Slowbro
|
|-weather|none
|-damage|p1a: Slowbro|145\/394 tox|[from] psn
|turn|9
|
|move|p1a: Slowbro|Scald|p2a: Sebastian
|-crit|p2a: Sebastian
|-damage|p2a: Sebastian|131\/303
|move|p2a: Sebastian|Knock Off|p1a: Slowbro
|-supereffective|p1a: Slowbro
|-damage|p1a: Slowbro|49\/394 tox
|
|-damage|p1a: Slowbro|1\/394 tox|[from] psn
|turn|10
|
|switch|p1a: Excadrill|Excadrill, F|361\/361
|-damage|p1a: Excadrill|350\/361|[from] Stealth Rock
|move|p2a: Sebastian|Recover|p2a: Sebastian
|-heal|p2a: Sebastian|283\/303
|
|turn|11
|
|move|p1a: Excadrill|Iron Head|p2a: Sebastian
|-damage|p2a: Sebastian|102\/303
|-damage|p1a: Excadrill|314\/361|[from] item: Life Orb
|cant|p2a: Sebastian|flinch
|
|turn|12
|c|★Rapidashite|wtf
|c|★Rapidashite|!datairon head
|c|★Rapidashite|!data iron head
|c|~|\/data-move Iron Head

|c|★Rapidashite|too much
|
|switch|p2a: Hubert|Talonflame, M|345\/345
|move|p1a: Excadrill|Earthquake|p2a: Hubert
|-immune|p2a: Hubert|[msg]
|
|turn|13
|
|switch|p2a: Gertrude|Manaphy|401\/401
|switch|p1a: Tyranitar|Tyranitar, M|299\/341
|-damage|p1a: Tyranitar|257\/341|[from] Stealth Rock
|-weather|Sandstorm
|
|-weather|Sandstorm|[upkeep]
|-damage|p2a: Gertrude|376\/401|[from] sandstorm
|-heal|p2a: Gertrude|401\/401|[from] item: Leftovers
|turn|14
|
|switch|p1a: Celebi|Celebi|341\/341
|-damage|p1a: Celebi|299\/341|[from] Stealth Rock
|move|p2a: Gertrude|U-turn|p1a: Celebi
|-supereffective|p1a: Celebi
|-damage|p1a: Celebi|103\/341
|
|switch|p2a: Hubert|Talonflame, M|345\/345
|
|-weather|Sandstorm|[upkeep]
|-damage|p2a: Hubert|324\/345|[from] sandstorm
|-damage|p1a: Celebi|82\/341|[from] sandstorm
|-heal|p2a: Hubert|345\/345|[from] item: Leftovers
|-heal|p1a: Celebi|103\/341|[from] item: Leftovers
|turn|15
|
|move|p2a: Hubert|Will-O-Wisp|p1a: Celebi
|-status|p1a: Celebi|brn
|move|p1a: Celebi|Heal Bell|p1a: Celebi
|-cureteam|p1a: Celebi|[from] move: HealBell
|
|-weather|Sandstorm|[upkeep]
|-damage|p2a: Hubert|324\/345|[from] sandstorm
|-damage|p1a: Celebi|82\/341|[from] sandstorm
|-heal|p2a: Hubert|345\/345|[from] item: Leftovers
|-heal|p1a: Celebi|103\/341|[from] item: Leftovers
|turn|16
|
|switch|p1a: Excadrill|Excadrill, F|314\/361
|-damage|p1a: Excadrill|303\/361|[from] Stealth Rock
|move|p2a: Hubert|Brave Bird|p1a: Excadrill
|-resisted|p1a: Excadrill
|-damage|p1a: Excadrill|164\/361
|-damage|p2a: Hubert|299\/345|[from] recoil|[of] p1a: Excadrill
|
|-weather|Sandstorm|[upkeep]
|-damage|p2a: Hubert|278\/345|[from] sandstorm
|-heal|p2a: Hubert|299\/345|[from] item: Leftovers
|turn|17
|
|switch|p2a: Gertrude|Manaphy|401\/401
|move|p1a: Excadrill|Rock Slide|p2a: Gertrude
|-crit|p2a: Gertrude
|-damage|p2a: Gertrude|209\/401
|-damage|p1a: Excadrill|128\/361|[from] item: Life Orb
|
|-weather|none
|-heal|p2a: Gertrude|234\/401|[from] item: Leftovers
|turn|18
|c|★Rapidashite|nice
|
|move|p1a: Excadrill|Iron Head|p2a: Gertrude
|-resisted|p2a: Gertrude
|-damage|p2a: Gertrude|129\/401
|-damage|p1a: Excadrill|92\/361|[from] item: Life Orb
|move|p2a: Gertrude|Scald|p1a: Excadrill
|-supereffective|p1a: Excadrill
|-damage|p1a: Excadrill|0 fnt
|faint|p1a: Excadrill
|
|-heal|p2a: Gertrude|154\/401|[from] item: Leftovers
|
|switch|p1a: Lopunny|Lopunny, F|271\/271
|-damage|p1a: Lopunny|238\/271|[from] Stealth Rock
|turn|19
|
|switch|p2a: Douglas|Excadrill, F|424\/424
|-ability|p2a: Douglas|Mold Breaker
|detailschange|p1a: Lopunny|Lopunny-Mega, F
|-mega|p1a: Lopunny|Lopunny|Lopunnite
|move|p1a: Lopunny|Fake Out|p2a: Douglas
|-resisted|p2a: Douglas
|-damage|p2a: Douglas|370\/424
|
|-heal|p2a: Douglas|396\/424|[from] item: Leftovers
|turn|20
|
|switch|p2a: Hubert|Talonflame, M|299\/345
|move|p1a: Lopunny|High Jump Kick|p2a: Hubert
|-resisted|p2a: Hubert
|-damage|p2a: Hubert|139\/345
|
|-heal|p2a: Hubert|160\/345|[from] item: Leftovers
|turn|21
|
|switch|p1a: Celebi|Celebi|103\/341
|-damage|p1a: Celebi|61\/341|[from] Stealth Rock
|move|p2a: Hubert|Brave Bird|p1a: Celebi
|-supereffective|p1a: Celebi
|-damage|p1a: Celebi|0 fnt
|-damage|p2a: Hubert|140\/345|[from] recoil|[of] p1a: Celebi
|faint|p1a: Celebi
|
|-heal|p2a: Hubert|161\/345|[from] item: Leftovers
|
|switch|p1a: Tyranitar|Tyranitar, M|257\/341
|-damage|p1a: Tyranitar|215\/341|[from] Stealth Rock
|-weather|Sandstorm
|turn|22
|
|move|p2a: Hubert|Roost|p2a: Hubert
|-heal|p2a: Hubert|334\/345
|move|p1a: Tyranitar|Pursuit|p2a: Hubert
|-damage|p2a: Hubert|241\/345
|
|-weather|Sandstorm|[upkeep]
|-damage|p2a: Hubert|220\/345|[from] sandstorm
|-heal|p2a: Hubert|241\/345|[from] item: Leftovers
|turn|23
|
|move|p1a: Tyranitar|Pursuit|p2a: Hubert
|-damage|p2a: Hubert|148\/345
|move|p2a: Hubert|Will-O-Wisp|p1a: Tyranitar
|-status|p1a: Tyranitar|brn
|
|-weather|Sandstorm|[upkeep]
|-damage|p2a: Hubert|127\/345|[from] sandstorm
|-heal|p2a: Hubert|148\/345|[from] item: Leftovers
|-damage|p1a: Tyranitar|173\/341 brn|[from] brn
|turn|24
|
|switch|p1a: Slowbro|Slowbro, M|132\/394
|-damage|p1a: Slowbro|83\/394|[from] Stealth Rock
|move|p2a: Hubert|Roost|p2a: Hubert
|-heal|p2a: Hubert|321\/345
|
|-weather|Sandstorm|[upkeep]
|-damage|p2a: Hubert|300\/345|[from] sandstorm
|-damage|p1a: Slowbro|59\/394|[from] sandstorm
|-heal|p2a: Hubert|321\/345|[from] item: Leftovers
|turn|25
|
|move|p2a: Hubert|Brave Bird|p1a: Slowbro
|-damage|p1a: Slowbro|0 fnt
|-damage|p2a: Hubert|302\/345|[from] recoil|[of] p1a: Slowbro
|faint|p1a: Slowbro
|
|-weather|Sandstorm|[upkeep]
|-damage|p2a: Hubert|281\/345|[from] sandstorm
|-heal|p2a: Hubert|302\/345|[from] item: Leftovers
|c|★Rapidashite|talonflame <3
|
|switch|p1a: Tyranitar|Tyranitar, M|173\/341 brn
|-damage|p1a: Tyranitar|131\/341 brn|[from] Stealth Rock
|turn|26
|
|switch|p2a: Sebastian|Sableye-Mega, M|102\/303
|move|p1a: Tyranitar|Stone Edge|p2a: Sebastian
|-damage|p2a: Sebastian|21\/303
|
|-weather|none
|-damage|p1a: Tyranitar|89\/341 brn|[from] brn
|turn|27
|
|move|p1a: Tyranitar|Stone Edge|p2a: Sebastian
|-damage|p2a: Sebastian|0 fnt
|faint|p2a: Sebastian
|
|-damage|p1a: Tyranitar|47\/341 brn|[from] brn
|
|switch|p2a: Douglas|Excadrill, F|396\/424
|-ability|p2a: Douglas|Mold Breaker
|turn|28
|
|move|p1a: Tyranitar|Stone Edge|p2a: Douglas|[miss]
|-miss|p1a: Tyranitar|p2a: Douglas
|move|p2a: Douglas|Iron Head|p1a: Tyranitar
|-supereffective|p1a: Tyranitar
|-damage|p1a: Tyranitar|0 fnt
|faint|p1a: Tyranitar
|
|-heal|p2a: Douglas|422\/424|[from] item: Leftovers
|c|★Rapidashite|gg
|
|switch|p1a: Lopunny|Lopunny-Mega, F|238\/271
|-damage|p1a: Lopunny|222\/271|[from] Stealth Rock
|turn|29
|c|★Rapidashite|impossible for you to win lolol
|
|move|p1a: Lopunny|Ice Punch|p2a: Douglas
|-damage|p2a: Douglas|279\/424
|move|p2a: Douglas|Iron Head|p1a: Lopunny
|-damage|p1a: Lopunny|86\/271
|
|-heal|p2a: Douglas|305\/424|[from] item: Leftovers
|turn|30
|
|move|p1a: Lopunny|High Jump Kick|p2a: Douglas
|-supereffective|p2a: Douglas
|-damage|p2a: Douglas|0 fnt
|faint|p2a: Douglas
|
|
|switch|p2a: Hubert|Talonflame, M|302\/345
|turn|31
|c|★Rapidashite|hi lopunny
|
|move|p2a: Hubert|Brave Bird|p1a: Lopunny
|-supereffective|p1a: Lopunny
|-damage|p1a: Lopunny|0 fnt
|-damage|p2a: Hubert|274\/345|[from] recoil|[of] p1a: Lopunny
|faint|p1a: Lopunny
|
|win|Rapidashite
|raw|Ladder updating...
|raw|Skateboard's rating: 1497 &rarr; <strong>1476<\/strong><br \/>(-21 for losing)
|raw|Rapidashite's rating: 1483 &rarr; <strong>1504<\/strong><br \/>(+21 for winning)
|leave|Skateboard