|join|Emblema de Fuego
|join|Cervie
|player|p1|Emblema de Fuego|283
|player|p2|Cervie|70
|gametype|singles
|gen|6
|tier|UU
|rated
|rule|Sleep Clause Mod: Limit one foe put to sleep
|rule|Species Clause: Limit one of each Pokémon
|rule|OHKO Clause: OHKO moves are banned
|rule|Moody Clause: Moody is banned
|rule|Evasion Moves Clause: Evasion moves are banned
|rule|Endless Battle Clause: Forcing endless battles is banned
|rule|HP Percentage Mod: HP is shown in percentages
|clearpoke
|poke|p1|Fletchinder, F, shiny
|poke|p1|Raikou, shiny
|poke|p1|Absol, M
|poke|p1|Donphan, M
|poke|p1|Zygarde
|poke|p1|Uxie
|poke|p2|Honchkrow, F
|poke|p2|Chandelure, F
|poke|p2|Dugtrio, F
|poke|p2|Suicune
|poke|p2|Froslass, F
|poke|p2|Goodra, M
|rule|Swagger Clause: Swagger is banned
|rule|Baton Pass Clause: Limit one Pokémon knowing Baton Pass
|teampreview
|
|start
|switch|p1a: D-Angelo|Absol, M|271\/271
|switch|p2a: Froslass|Froslass, F|344\/344
|turn|1
|
|detailschange|p1a: D-Angelo|Absol-Mega, M
|-mega|p1a: D-Angelo|Absol|Absolite
|move|p2a: Froslass|Spikes|p1a: D-Angelo
|move|p1a: D-Angelo|Spikes|p2a: Froslass|[from]Magic Bounce
|-sidestart|p2: Cervie|Spikes
|move|p1a: D-Angelo|Will-O-Wisp|p2a: Froslass
|-status|p2a: Froslass|brn
|
|-damage|p2a: Froslass|301\/344 brn|[from] brn
|turn|2
|
|switch|p2a: Suicune|Suicune|404\/404
|-damage|p2a: Suicune|354\/404|[from] Spikes
|-ability|p2a: Suicune|Pressure
|move|p1a: D-Angelo|Sucker Punch|p2a: Suicune
|-fail|p2a: Suicune
|
|-heal|p2a: Suicune|379\/404|[from] item: Leftovers
|turn|3
|
|switch|p1a: Uzzi|Uxie|353\/353
|move|p2a: Suicune|Calm Mind|p2a: Suicune
|-boost|p2a: Suicune|spa|1
|-boost|p2a: Suicune|spd|1
|
|-heal|p2a: Suicune|404\/404|[from] item: Leftovers
|turn|4
|
|move|p1a: Uzzi|Yawn|p2a: Suicune
|-start|p2a: Suicune|move: Yawn|[of] p1a: Uzzi
|move|p2a: Suicune|Calm Mind|p2a: Suicune
|-boost|p2a: Suicune|spa|1
|-boost|p2a: Suicune|spd|1
|
|turn|5
|
|move|p1a: Uzzi|U-turn|p2a: Suicune
|-damage|p2a: Suicune|374\/404
|
|switch|p1a: Musho|Raikou, shiny|322\/322
|-ability|p1a: Musho|Pressure
|move|p2a: Suicune|Scald|p1a: Musho
|-damage|p1a: Musho|154\/322
|
|-status|p2a: Suicune|slp
|-heal|p1a: Musho|174\/322|[from] item: Leftovers
|-heal|p2a: Suicune|399\/404 slp|[from] item: Leftovers
|turn|6
|
|move|p1a: Musho|Substitute|p1a: Musho
|-start|p1a: Musho|Substitute
|-damage|p1a: Musho|94\/322
|cant|p2a: Suicune|slp
|move|p2a: Suicune|Sleep Talk|p2a: Suicune
|move|p2a: Suicune|Calm Mind|p2a: Suicune|[from]Sleep Talk
|-boost|p2a: Suicune|spa|1
|-boost|p2a: Suicune|spd|1
|
|-heal|p1a: Musho|114\/322|[from] item: Leftovers
|-heal|p2a: Suicune|404\/404 slp|[from] item: Leftovers
|turn|7
|
|move|p1a: Musho|Calm Mind|p1a: Musho
|-boost|p1a: Musho|spa|1
|-boost|p1a: Musho|spd|1
|-curestatus|p2a: Suicune|slp
|move|p2a: Suicune|Sleep Talk|p2a: Suicune
|-fail|p2a: Suicune
|
|-heal|p1a: Musho|134\/322|[from] item: Leftovers
|turn|8
|
|move|p1a: Musho|Thunderbolt|p2a: Suicune
|-supereffective|p2a: Suicune
|-damage|p2a: Suicune|236\/404
|move|p2a: Suicune|Scald|p1a: Musho
|-end|p1a: Musho|Substitute
|
|-heal|p1a: Musho|154\/322|[from] item: Leftovers
|-heal|p2a: Suicune|261\/404|[from] item: Leftovers
|turn|9
|
|move|p1a: Musho|Substitute|p1a: Musho
|-start|p1a: Musho|Substitute
|-damage|p1a: Musho|74\/322
|move|p2a: Suicune|Scald|p1a: Musho
|-end|p1a: Musho|Substitute
|
|-heal|p1a: Musho|94\/322|[from] item: Leftovers
|-heal|p2a: Suicune|286\/404|[from] item: Leftovers
|turn|10
|
|move|p1a: Musho|Thunderbolt|p2a: Suicune
|-supereffective|p2a: Suicune
|-damage|p2a: Suicune|122\/404
|move|p2a: Suicune|Scald|p1a: Musho
|-damage|p1a: Musho|0 fnt
|faint|p1a: Musho
|
|-heal|p2a: Suicune|147\/404|[from] item: Leftovers
|
|switch|p1a: Rodolfo|Donphan, M|383\/383
|turn|11
|
|move|p2a: Suicune|Scald|p1a: Rodolfo
|-supereffective|p1a: Rodolfo
|-activate|p1a: Rodolfo|Sturdy
|-damage|p1a: Rodolfo|1\/383
|move|p1a: Rodolfo|Roar|p2a: Suicune
|drag|p2a: Honchkrow|Honchkrow, F|342\/342
|
|-heal|p1a: Rodolfo|24\/383|[from] item: Leftovers
|turn|12
|
|move|p1a: Rodolfo|Ice Shard|p2a: Honchkrow
|-supereffective|p2a: Honchkrow
|-damage|p2a: Honchkrow|220\/342
|move|p2a: Honchkrow|Pursuit|p1a: Rodolfo
|-damage|p1a: Rodolfo|0 fnt
|-damage|p2a: Honchkrow|186\/342|[from] item: Life Orb
|faint|p1a: Rodolfo
|-boost|p2a: Honchkrow|atk|1|[from] ability: Moxie
|
|
|switch|p1a: D-Angelo|Absol-Mega, M|271\/271
|turn|13
|
|move|p2a: Honchkrow|Sucker Punch|p1a: D-Angelo
|-resisted|p1a: D-Angelo
|-damage|p1a: D-Angelo|66\/271
|-damage|p2a: Honchkrow|152\/342|[from] item: Life Orb
|move|p1a: D-Angelo|Play Rough|p2a: Honchkrow
|-supereffective|p2a: Honchkrow
|-damage|p2a: Honchkrow|0 fnt
|faint|p2a: Honchkrow
|
|
|switch|p2a: Goodra|Goodra, M|384\/384
|-damage|p2a: Goodra|336\/384|[from] Spikes
|turn|14
|
|switch|p1a: Uzzi|Uxie|353\/353
|move|p2a: Goodra|Dragon Pulse|p1a: Uzzi
|-damage|p1a: Uzzi|263\/353
|
|-heal|p1a: Uzzi|285\/353|[from] item: Leftovers
|turn|15
|
|move|p1a: Uzzi|Stealth Rock|p2a: Goodra
|-sidestart|p2: Cervie|move: Stealth Rock
|move|p2a: Goodra|Sludge Bomb|p1a: Uzzi
|-damage|p1a: Uzzi|214\/353
|
|-heal|p1a: Uzzi|236\/353|[from] item: Leftovers
|turn|16
|
|switch|p2a: Froslass|Froslass, F|301\/344 brn
|-damage|p2a: Froslass|215\/344 brn|[from] Stealth Rock
|-damage|p2a: Froslass|172\/344 brn|[from] Spikes
|move|p1a: Uzzi|Knock Off|p2a: Froslass
|-supereffective|p2a: Froslass
|-damage|p2a: Froslass|16\/344 brn
|-enditem|p2a: Froslass|Focus Sash|[from] move: Knock Off|[of] p1a: Uzzi
|
|-heal|p1a: Uzzi|258\/353|[from] item: Leftovers
|-damage|p2a: Froslass|0 fnt|[from] brn
|faint|p2a: Froslass
|
|switch|p2a: Suicune|Suicune|147\/404
|-damage|p2a: Suicune|97\/404|[from] Stealth Rock
|-damage|p2a: Suicune|47\/404|[from] Spikes
|-ability|p2a: Suicune|Pressure
|turn|17
|
|move|p1a: Uzzi|Knock Off|p2a: Suicune
|-damage|p2a: Suicune|4\/404
|-enditem|p2a: Suicune|Leftovers|[from] move: Knock Off|[of] p1a: Uzzi
|move|p2a: Suicune|Rest|p2a: Suicune
|-status|p2a: Suicune|slp
|-heal|p2a: Suicune|404\/404 slp|[silent]
|-status|p2a: Suicune|slp|[from] move: Rest
|
|-heal|p1a: Uzzi|280\/353|[from] item: Leftovers
|turn|18
|c|★Emblema de Fuego|lol
|
|move|p1a: Uzzi|U-turn|p2a: Suicune
|-damage|p2a: Suicune|374\/404 slp
|
|switch|p1a: Lagarton|Zygarde|419\/419
|-ability|p1a: Lagarton|Aura Break
|cant|p2a: Suicune|slp
|move|p2a: Suicune|Sleep Talk|p2a: Suicune
|move|p2a: Suicune|Scald|p1a: Lagarton|[from]Sleep Talk
|-damage|p1a: Lagarton|353\/419
|
|-heal|p1a: Lagarton|379\/419|[from] item: Leftovers
|turn|19
|
|move|p1a: Lagarton|Substitute|p1a: Lagarton
|-start|p1a: Lagarton|Substitute
|-damage|p1a: Lagarton|275\/419
|cant|p2a: Suicune|slp
|move|p2a: Suicune|Sleep Talk|p2a: Suicune
|move|p2a: Suicune|Rest|p2a: Suicune|[from]Sleep Talk
|-fail|p2a: Suicune
|
|-heal|p1a: Lagarton|301\/419|[from] item: Leftovers
|turn|20
|
|move|p1a: Lagarton|Coil|p1a: Lagarton
|-boost|p1a: Lagarton|atk|1
|-boost|p1a: Lagarton|def|1
|-boost|p1a: Lagarton|accuracy|1
|-curestatus|p2a: Suicune|slp
|move|p2a: Suicune|Sleep Talk|p2a: Suicune
|-fail|p2a: Suicune
|
|-heal|p1a: Lagarton|327\/419|[from] item: Leftovers
|turn|21
|
|switch|p2a: Goodra|Goodra, M|336\/384
|-damage|p2a: Goodra|288\/384|[from] Spikes
|-damage|p2a: Goodra|240\/384|[from] Stealth Rock
|move|p1a: Lagarton|Coil|p1a: Lagarton
|-boost|p1a: Lagarton|atk|1
|-boost|p1a: Lagarton|def|1
|-boost|p1a: Lagarton|accuracy|1
|
|-heal|p1a: Lagarton|353\/419|[from] item: Leftovers
|turn|22
|
|move|p1a: Lagarton|Earthquake|p2a: Goodra
|-damage|p2a: Goodra|0 fnt
|faint|p2a: Goodra
|
|-heal|p1a: Lagarton|379\/419|[from] item: Leftovers
|
|switch|p2a: Chandelure|Chandelure, F|262\/262
|-damage|p2a: Chandelure|197\/262|[from] Stealth Rock
|-damage|p2a: Chandelure|165\/262|[from] Spikes
|turn|23
|
|move|p2a: Chandelure|Shadow Ball|p1a: Lagarton
|-end|p1a: Lagarton|Substitute
|move|p1a: Lagarton|Earthquake|p2a: Chandelure
|-supereffective|p2a: Chandelure
|-damage|p2a: Chandelure|0 fnt
|faint|p2a: Chandelure
|
|-heal|p1a: Lagarton|405\/419|[from] item: Leftovers
|
|switch|p2a: Suicune|Suicune|374\/404
|-damage|p2a: Suicune|324\/404|[from] Stealth Rock
|-damage|p2a: Suicune|274\/404|[from] Spikes
|-ability|p2a: Suicune|Pressure
|turn|24
|
|move|p1a: Lagarton|Substitute|p1a: Lagarton
|-start|p1a: Lagarton|Substitute
|-damage|p1a: Lagarton|301\/419
|move|p2a: Suicune|Calm Mind|p2a: Suicune
|-boost|p2a: Suicune|spa|1
|-boost|p2a: Suicune|spd|1
|
|-heal|p1a: Lagarton|327\/419|[from] item: Leftovers
|turn|25
|
|move|p2a: Suicune|Scald|p1a: Lagarton
|-activate|p1a: Lagarton|Substitute|[damage]
|move|p1a: Lagarton|Dragon Tail|p2a: Suicune
|-damage|p2a: Suicune|183\/404
|drag|p2a: Dugtrio|Dugtrio, F|212\/212
|-damage|p2a: Dugtrio|199\/212|[from] Stealth Rock
|-damage|p2a: Dugtrio|173\/212|[from] Spikes
|
|-heal|p1a: Lagarton|353\/419|[from] item: Leftovers
|turn|26
|-message|Cervie forfeited.
|leave|Cervie
|c|★Emblema de Fuego|gg
|
|win|Emblema de Fuego
|raw|Ladder updating...
|player|p2
|raw|Emblema de Fuego's rating: 1494 &rarr; <strong>1506<\/strong><br \/>(+12 for winning)
|raw|Cervie's rating: 1338 &rarr; <strong>1326<\/strong><br \/>(-12 for losing)