|join|Emblema de Fuego
|join|ShaQstar23
|player|p1|Emblema de Fuego|169
|player|p2|ShaQstar23|94
|gametype|singles
|gen|6
|tier|UU
|rated
|rule|Sleep Clause Mod: Limit one foe put to sleep
|rule|Species Clause: Limit one of each Pokémon
|rule|OHKO Clause: OHKO moves are banned
|rule|Moody Clause: Moody is banned
|rule|Evasion Moves Clause: Evasion moves are banned
|rule|Endless Battle Clause: Forcing endless battles is banned
|rule|HP Percentage Mod: HP is shown in percentages
|clearpoke
|poke|p1|Absol, F
|poke|p1|Fletchinder, F, shiny
|poke|p1|Donphan, M
|poke|p1|Uxie
|poke|p1|Raikou, shiny
|poke|p1|Zygarde
|poke|p2|Ampharos, M
|poke|p2|Empoleon, F
|poke|p2|Chesnaught, F
|poke|p2|Azelf
|poke|p2|Arcanine, M
|poke|p2|Porygon2
|rule|Swagger Clause: Swagger is banned
|rule|Baton Pass Clause: Limit one Pokémon knowing Baton Pass
|teampreview
|
|start
|switch|p1a: Angela|Absol, F|271\/271
|switch|p2a: Azelf|Azelf|291\/291
|-ability|p1a: Angela|Pressure
|turn|1
|
|switch|p2a: Chesnaught|Chesnaught, F|380\/380
|detailschange|p1a: Angela|Absol-Mega, F
|-mega|p1a: Angela|Absol|Absolite
|move|p1a: Angela|Protect|p1a: Angela
|-fail|p1a: Angela
|
|turn|2
|
|move|p1a: Angela|Protect|p1a: Angela
|-singleturn|p1a: Angela|Protect
|move|p2a: Chesnaught|Super Fang|p1a: Angela
|-activate|p1a: Angela|Protect
|
|turn|3
|
|move|p1a: Angela|Will-O-Wisp|p2a: Chesnaught
|-status|p2a: Chesnaught|brn
|move|p2a: Chesnaught|Super Fang|p1a: Angela|[miss]
|-miss|p2a: Chesnaught|p1a: Angela
|
|-damage|p2a: Chesnaught|333\/380 brn|[from] brn
|turn|4
|c|★Emblema de Fuego|sorry
|c|★ShaQstar23|part of the game :)
|
|switch|p1a: Uzzzi|Uxie|353\/353
|move|p2a: Chesnaught|Super Fang|p1a: Uzzzi|[miss]
|-miss|p2a: Chesnaught|p1a: Uzzzi
|
|-heal|p2a: Chesnaught|356\/380 brn|[from] item: Leftovers
|-damage|p2a: Chesnaught|309\/380 brn|[from] brn
|turn|5
|c|★Emblema de Fuego|this s hax
|c|★Emblema de Fuego|sorry
|
|switch|p2a: Empoleon|Empoleon, F|372\/372
|move|p1a: Uzzzi|Stealth Rock|p2a: Empoleon
|-sidestart|p2: ShaQstar23|move: Stealth Rock
|
|turn|6
|
|move|p1a: Uzzzi|Knock Off|p2a: Empoleon
|-damage|p2a: Empoleon|310\/372
|-enditem|p2a: Empoleon|Leftovers|[from] move: Knock Off|[of] p1a: Uzzzi
|move|p2a: Empoleon|Scald|p1a: Uzzzi
|-damage|p1a: Uzzzi|284\/353
|
|-heal|p1a: Uzzzi|306\/353|[from] item: Leftovers
|turn|7
|
|move|p1a: Uzzzi|Yawn|p2a: Empoleon
|-start|p2a: Empoleon|move: Yawn|[of] p1a: Uzzzi
|move|p2a: Empoleon|Defog|p1a: Uzzzi
|-unboost|p1a: Uzzzi|evasion|1
|-sideend|p2: ShaQstar23|Stealth Rock|[from] move: Defog|[of] p2a: Empoleon
|
|-heal|p1a: Uzzzi|328\/353|[from] item: Leftovers
|turn|8
|
|switch|p2a: Ampharos|Ampharos, M|384\/384
|move|p1a: Uzzzi|Stealth Rock|p2a: Ampharos
|-sidestart|p2: ShaQstar23|move: Stealth Rock
|
|-heal|p1a: Uzzzi|350\/353|[from] item: Leftovers
|turn|9
|
|detailschange|p2a: Ampharos|Ampharos-Mega, M
|-mega|p2a: Ampharos|Ampharos|Ampharosite
|-ability|p2a: Ampharos|Mold Breaker
|move|p1a: Uzzzi|U-turn|p2a: Ampharos
|-damage|p2a: Ampharos|343\/384
|
|switch|p1a: Rodolfo|Donphan, M|383\/383
|move|p2a: Ampharos|Dragon Pulse|p1a: Rodolfo
|-damage|p1a: Rodolfo|146\/383
|
|-heal|p1a: Rodolfo|169\/383|[from] item: Leftovers
|turn|10
|
|move|p1a: Rodolfo|Earthquake|p2a: Ampharos
|-supereffective|p2a: Ampharos
|-damage|p2a: Ampharos|89\/384
|move|p2a: Ampharos|Dragon Pulse|p1a: Rodolfo
|-damage|p1a: Rodolfo|0 fnt
|faint|p1a: Rodolfo
|
|
|switch|p1a: Musho|Raikou, shiny|321\/321
|-ability|p1a: Musho|Pressure
|turn|11
|
|switch|p2a: Porygon2|Porygon2|374\/374
|-damage|p2a: Porygon2|328\/374|[from] Stealth Rock
|-ability|p2a: Porygon2|Pressure|[from] ability: Trace|[of] p1a: Musho
|-ability|p2a: Porygon2|Pressure
|move|p1a: Musho|Hidden Power|p2a: Porygon2
|-damage|p2a: Porygon2|280\/374
|
|turn|12
|
|move|p1a: Musho|Substitute|p1a: Musho
|-start|p1a: Musho|Substitute
|-damage|p1a: Musho|241\/321
|move|p2a: Porygon2|Trick Room|p2a: Porygon2
|-fieldstart|move: Trick Room|[of] p2a: Porygon2
|
|-heal|p1a: Musho|261\/321|[from] item: Leftovers
|turn|13
|
|move|p2a: Porygon2|Tri Attack|p1a: Musho
|-end|p1a: Musho|Substitute
|move|p1a: Musho|Calm Mind|p1a: Musho
|-boost|p1a: Musho|spa|1
|-boost|p1a: Musho|spd|1
|
|-heal|p1a: Musho|281\/321|[from] item: Leftovers
|turn|14
|
|move|p2a: Porygon2|Tri Attack|p1a: Musho
|-damage|p1a: Musho|212\/321
|move|p1a: Musho|Substitute|p1a: Musho
|-start|p1a: Musho|Substitute
|-damage|p1a: Musho|132\/321
|
|-heal|p1a: Musho|152\/321|[from] item: Leftovers
|turn|15
|
|move|p2a: Porygon2|Tri Attack|p1a: Musho
|-activate|p1a: Musho|Substitute|[damage]
|move|p1a: Musho|Calm Mind|p1a: Musho
|-boost|p1a: Musho|spa|1
|-boost|p1a: Musho|spd|1
|
|-heal|p1a: Musho|172\/321|[from] item: Leftovers
|turn|16
|
|move|p2a: Porygon2|Tri Attack|p1a: Musho
|-end|p1a: Musho|Substitute
|move|p1a: Musho|Substitute|p1a: Musho
|-start|p1a: Musho|Substitute
|-damage|p1a: Musho|92\/321
|
|-heal|p1a: Musho|112\/321|[from] item: Leftovers
|-fieldend|move: Trick Room
|turn|17
|
|move|p1a: Musho|Calm Mind|p1a: Musho
|-boost|p1a: Musho|spa|1
|-boost|p1a: Musho|spd|1
|move|p2a: Porygon2|Foul Play|p1a: Musho
|-activate|p1a: Musho|Substitute|[damage]
|
|-heal|p1a: Musho|132\/321|[from] item: Leftovers
|turn|18
|
|move|p1a: Musho|Thunderbolt|p2a: Porygon2
|-damage|p2a: Porygon2|22\/374
|move|p2a: Porygon2|Tri Attack|p1a: Musho
|-end|p1a: Musho|Substitute
|
|-heal|p1a: Musho|152\/321|[from] item: Leftovers
|turn|19
|
|move|p1a: Musho|Substitute|p1a: Musho
|-start|p1a: Musho|Substitute
|-damage|p1a: Musho|72\/321
|move|p2a: Porygon2|Tri Attack|p1a: Musho
|-activate|p1a: Musho|Substitute|[damage]
|
|-heal|p1a: Musho|92\/321|[from] item: Leftovers
|turn|20
|
|move|p1a: Musho|Thunderbolt|p2a: Porygon2
|-damage|p2a: Porygon2|0 fnt
|faint|p2a: Porygon2
|
|-heal|p1a: Musho|112\/321|[from] item: Leftovers
|
|switch|p2a: Azelf|Azelf|291\/291
|-damage|p2a: Azelf|255\/291|[from] Stealth Rock
|turn|21
|
|move|p2a: Azelf|U-turn|p1a: Musho
|-crit|p1a: Musho
|-end|p1a: Musho|Substitute
|
|switch|p2a: Ampharos|Ampharos-Mega, M|89\/384
|-damage|p2a: Ampharos|41\/384|[from] Stealth Rock
|-ability|p2a: Ampharos|Mold Breaker
|move|p1a: Musho|Thunderbolt|p2a: Ampharos
|-resisted|p2a: Ampharos
|-damage|p2a: Ampharos|0 fnt
|faint|p2a: Ampharos
|
|-heal|p1a: Musho|132\/321|[from] item: Leftovers
|
|switch|p2a: Azelf|Azelf|255\/291
|-damage|p2a: Azelf|219\/291|[from] Stealth Rock
|turn|22
|
|switch|p1a: Uzzzi|Uxie|350\/353
|move|p2a: Azelf|Knock Off|p1a: Uzzzi
|-crit|p1a: Uzzzi
|-supereffective|p1a: Uzzzi
|-damage|p1a: Uzzzi|68\/353
|-enditem|p1a: Uzzzi|Leftovers|[from] move: Knock Off|[of] p2a: Azelf
|
|turn|23
|
|move|p2a: Azelf|Knock Off|p1a: Uzzzi
|-supereffective|p1a: Uzzzi
|-damage|p1a: Uzzzi|0 fnt
|faint|p1a: Uzzzi
|
|
|switch|p1a: 5|Fletchinder, F, shiny|327\/327
|turn|24
|
|switch|p2a: Empoleon|Empoleon, F|310\/372
|-damage|p2a: Empoleon|287\/372|[from] Stealth Rock
|move|p1a: 5|Acrobatics|p2a: Empoleon
|-resisted|p2a: Empoleon
|-damage|p2a: Empoleon|207\/372
|
|turn|25
|
|switch|p1a: Musho|Raikou, shiny|132\/321
|-ability|p1a: Musho|Pressure
|move|p2a: Empoleon|Defog|p1a: Musho
|-unboost|p1a: Musho|evasion|1
|-sideend|p2: ShaQstar23|Stealth Rock|[from] move: Defog|[of] p2a: Empoleon
|
|-heal|p1a: Musho|152\/321|[from] item: Leftovers
|turn|26
|
|move|p1a: Musho|Thunderbolt|p2a: Empoleon
|-supereffective|p2a: Empoleon
|-damage|p2a: Empoleon|0 fnt
|faint|p2a: Empoleon
|
|-heal|p1a: Musho|172\/321|[from] item: Leftovers
|
|switch|p2a: Azelf|Azelf|219\/291
|turn|27
|
|move|p2a: Azelf|U-turn|p1a: Musho
|-damage|p1a: Musho|61\/321
|
|switch|p2a: Arcanine|Arcanine, M|321\/321
|move|p1a: Musho|Thunderbolt|p2a: Arcanine
|-damage|p2a: Arcanine|132\/321
|
|-heal|p1a: Musho|81\/321|[from] item: Leftovers
|turn|28
|
|move|p2a: Arcanine|Extreme Speed|p1a: Musho
|-damage|p1a: Musho|0 fnt
|faint|p1a: Musho
|
|
|switch|p1a: 5|Fletchinder, F, shiny|327\/327
|turn|29
|
|move|p2a: Arcanine|Extreme Speed|p1a: 5
|-damage|p1a: 5|109\/327
|move|p1a: 5|Acrobatics|p2a: Arcanine
|-damage|p2a: Arcanine|0 fnt
|faint|p2a: Arcanine
|
|
|switch|p2a: Azelf|Azelf|219\/291
|turn|30
|
|move|p1a: 5|Acrobatics|p2a: Azelf
|-damage|p2a: Azelf|35\/291
|move|p2a: Azelf|Ice Punch|p1a: 5
|-damage|p1a: 5|0 fnt
|faint|p1a: 5
|
|
|switch|p1a: Angela|Absol-Mega, F|271\/271
|turn|31
|
|switch|p2a: Chesnaught|Chesnaught, F|309\/380 brn
|move|p1a: Angela|Play Rough|p2a: Chesnaught|[miss]
|-miss|p1a: Angela|p2a: Chesnaught
|
|-heal|p2a: Chesnaught|332\/380 brn|[from] item: Leftovers
|-damage|p2a: Chesnaught|285\/380 brn|[from] brn
|turn|32
|c|★Emblema de Fuego|lol
|
|move|p1a: Angela|Protect|p1a: Angela
|-singleturn|p1a: Angela|Protect
|move|p2a: Chesnaught|Drain Punch|p1a: Angela
|-activate|p1a: Angela|Protect
|
|-heal|p2a: Chesnaught|308\/380 brn|[from] item: Leftovers
|-damage|p2a: Chesnaught|261\/380 brn|[from] brn
|turn|33
|c|★ShaQstar23|can not win
|
|move|p1a: Angela|Play Rough|p2a: Chesnaught
|-supereffective|p2a: Chesnaught
|-damage|p2a: Chesnaught|111\/380 brn
|move|p2a: Chesnaught|Drain Punch|p1a: Angela
|-supereffective|p1a: Angela
|-damage|p1a: Angela|127\/271
|-heal|p2a: Chesnaught|183\/380 brn|[from] drain|[of] p1a: Angela
|
|-heal|p2a: Chesnaught|206\/380 brn|[from] item: Leftovers
|-damage|p2a: Chesnaught|159\/380 brn|[from] brn
|turn|34
|c|★Emblema de Fuego|mmm yea i think
|
|move|p1a: Angela|Protect|p1a: Angela
|-singleturn|p1a: Angela|Protect
|move|p2a: Chesnaught|Drain Punch|p1a: Angela
|-activate|p1a: Angela|Protect
|
|-heal|p2a: Chesnaught|182\/380 brn|[from] item: Leftovers
|-damage|p2a: Chesnaught|135\/380 brn|[from] brn
|turn|35
|c|★Emblema de Fuego|but the miss and crits xd
|c|★ShaQstar23|yes haxi game :D
|
|switch|p1a: Lagarton|Zygarde|407\/407
|-ability|p1a: Lagarton|Aura Break
|move|p2a: Chesnaught|Spiky Shield|p2a: Chesnaught
|-fail|p2a: Chesnaught
|
|-heal|p2a: Chesnaught|158\/380 brn|[from] item: Leftovers
|-damage|p2a: Chesnaught|111\/380 brn|[from] brn
|turn|36
|
|move|p1a: Lagarton|Substitute|p1a: Lagarton
|-start|p1a: Lagarton|Substitute
|-damage|p1a: Lagarton|306\/407
|move|p2a: Chesnaught|Leech Seed|p1a: Lagarton
|
|-heal|p1a: Lagarton|331\/407|[from] item: Leftovers
|-heal|p2a: Chesnaught|134\/380 brn|[from] item: Leftovers
|-damage|p2a: Chesnaught|87\/380 brn|[from] brn
|turn|37
|
|move|p1a: Lagarton|Coil|p1a: Lagarton
|-boost|p1a: Lagarton|atk|1
|-boost|p1a: Lagarton|def|1
|-boost|p1a: Lagarton|accuracy|1
|move|p2a: Chesnaught|Super Fang|p1a: Lagarton
|-end|p1a: Lagarton|Substitute
|
|-heal|p1a: Lagarton|356\/407|[from] item: Leftovers
|-heal|p2a: Chesnaught|110\/380 brn|[from] item: Leftovers
|-damage|p2a: Chesnaught|63\/380 brn|[from] brn
|turn|38
|c|★Emblema de Fuego|now yea, i feel more secure
|c|★Emblema de Fuego|wow
|c|★Emblema de Fuego|super fang
|c|★ShaQstar23|no miss :)
|c|★Emblema de Fuego|mmm
|
|move|p1a: Lagarton|Substitute|p1a: Lagarton
|-start|p1a: Lagarton|Substitute
|-damage|p1a: Lagarton|255\/407
|move|p2a: Chesnaught|Super Fang|p1a: Lagarton
|-end|p1a: Lagarton|Substitute
|
|-heal|p1a: Lagarton|280\/407|[from] item: Leftovers
|-heal|p2a: Chesnaught|86\/380 brn|[from] item: Leftovers
|-damage|p2a: Chesnaught|39\/380 brn|[from] brn
|turn|39
|c|★Emblema de Fuego|intersting
|
|move|p1a: Lagarton|Earthquake|p2a: Chesnaught
|-resisted|p2a: Chesnaught
|-damage|p2a: Chesnaught|0 fnt
|faint|p2a: Chesnaught
|
|-heal|p1a: Lagarton|305\/407|[from] item: Leftovers
|
|switch|p2a: Azelf|Azelf|35\/291
|turn|40
|
|move|p2a: Azelf|Ice Punch|p1a: Lagarton
|-supereffective|p1a: Lagarton
|-damage|p1a: Lagarton|73\/407
|move|p1a: Lagarton|Dragon Tail|p2a: Azelf
|-damage|p2a: Azelf|0 fnt
|faint|p2a: Azelf
|
|win|Emblema de Fuego
|raw|Ladder updating...
|raw|Emblema de Fuego's rating: 1553 &rarr; <strong>1560<\/strong><br \/>(+7 for winning)
|raw|ShaQstar23's rating: 1273 &rarr; <strong>1265<\/strong><br \/>(-8 for losing)
|c|★ShaQstar23|gg
|c|★Emblema de Fuego|gg
|leave|ShaQstar23
|player|p2