|join|Emblema de Fuego
|join|BigDannyMason
|player|p1|Emblema de Fuego|289
|player|p2|BigDannyMason|170
|gametype|singles
|gen|6
|tier|UU
|rated
|rule|Sleep Clause Mod: Limit one foe put to sleep
|rule|Species Clause: Limit one of each Pokémon
|rule|OHKO Clause: OHKO moves are banned
|rule|Moody Clause: Moody is banned
|rule|Evasion Moves Clause: Evasion moves are banned
|rule|Endless Battle Clause: Forcing endless battles is banned
|rule|HP Percentage Mod: HP is shown in percentages
|clearpoke
|poke|p1|Absol, F
|poke|p1|Fletchinder, F, shiny
|poke|p1|Donphan, M
|poke|p1|Uxie
|poke|p1|Raikou, shiny
|poke|p1|Seismitoad, M
|poke|p2|Blissey, F
|poke|p2|Aerodactyl, F
|poke|p2|Rhyperior, F
|poke|p2|Tentacruel, M
|poke|p2|Serperior, M
|poke|p2|Honchkrow, F
|rule|Swagger Clause: Swagger is banned
|rule|Baton Pass Clause: Limit one Pokémon knowing Baton Pass
|teampreview
|
|start
|switch|p1a: Angela|Absol, F|271\/271
|switch|p2a: Serperior|Serperior, M|291\/291
|-ability|p1a: Angela|Pressure
|turn|1
|
|detailschange|p1a: Angela|Absol-Mega, F
|-mega|p1a: Angela|Absol|Absolite
|move|p1a: Angela|Protect|p1a: Angela
|-singleturn|p1a: Angela|Protect
|move|p2a: Serperior|Leaf Storm|p1a: Angela
|-activate|p1a: Angela|Protect
|
|turn|2
|join|ForgeMaster
|
|switch|p1a: 5|Fletchinder, F, shiny|327\/327
|move|p2a: Serperior|Dragon Pulse|p1a: 5
|-damage|p1a: 5|166\/327
|-damage|p2a: Serperior|262\/291|[from] item: Life Orb
|
|turn|3
|
|switch|p2a: Rhyperior|Rhyperior, F|421\/421
|move|p1a: 5|Roost|p1a: 5
|-heal|p1a: 5|327\/327
|
|turn|4
|
|switch|p1a: Angela|Absol-Mega, F|271\/271
|move|p2a: Rhyperior|Stealth Rock|p1a: Angela
|move|p1a: Angela|Stealth Rock|p2a: Rhyperior|[from]Magic Bounce
|-sidestart|p2: BigDannyMason|move: Stealth Rock
|
|turn|5
|
|move|p1a: Angela|Will-O-Wisp|p2a: Rhyperior
|-status|p2a: Rhyperior|brn
|move|p2a: Rhyperior|Stone Edge|p1a: Angela
|-crit|p1a: Angela
|-damage|p1a: Angela|63\/271
|
|-damage|p2a: Rhyperior|369\/421 brn|[from] brn
|turn|6
|c|★Emblema de Fuego|lol
|
|move|p1a: Angela|Protect|p1a: Angela
|-singleturn|p1a: Angela|Protect
|move|p2a: Rhyperior|Stone Edge|p1a: Angela
|-activate|p1a: Angela|Protect
|
|-heal|p2a: Rhyperior|395\/421 brn|[from] item: Leftovers
|-damage|p2a: Rhyperior|343\/421 brn|[from] brn
|turn|7
|
|switch|p1a: Trolltoad|Seismitoad, M|405\/405
|move|p2a: Rhyperior|Stone Edge|p1a: Trolltoad|[miss]
|-miss|p2a: Rhyperior|p1a: Trolltoad
|
|-heal|p2a: Rhyperior|369\/421 brn|[from] item: Leftovers
|-damage|p2a: Rhyperior|317\/421 brn|[from] brn
|turn|8
|
|move|p1a: Trolltoad|Substitute|p1a: Trolltoad
|-start|p1a: Trolltoad|Substitute
|-damage|p1a: Trolltoad|304\/405
|move|p2a: Rhyperior|Stealth Rock|p1a: Trolltoad
|-sidestart|p1: Emblema de Fuego|move: Stealth Rock
|
|-heal|p1a: Trolltoad|329\/405|[from] item: Leftovers
|-heal|p2a: Rhyperior|343\/421 brn|[from] item: Leftovers
|-damage|p2a: Rhyperior|291\/421 brn|[from] brn
|turn|9
|
|-singleturn|p1a: Trolltoad|move: Focus Punch
|move|p2a: Rhyperior|Earthquake|p1a: Trolltoad
|-end|p1a: Trolltoad|Substitute
|move|p1a: Trolltoad|Focus Punch|p2a: Rhyperior
|-supereffective|p2a: Rhyperior
|-damage|p2a: Rhyperior|150\/421 brn
|
|-heal|p1a: Trolltoad|354\/405|[from] item: Leftovers
|-heal|p2a: Rhyperior|176\/421 brn|[from] item: Leftovers
|-damage|p2a: Rhyperior|124\/421 brn|[from] brn
|turn|10
|
|switch|p2a: Tentacruel|Tentacruel, M|364\/364
|-damage|p2a: Tentacruel|319\/364|[from] Stealth Rock
|move|p1a: Trolltoad|Substitute|p1a: Trolltoad
|-start|p1a: Trolltoad|Substitute
|-damage|p1a: Trolltoad|253\/405
|
|-heal|p1a: Trolltoad|278\/405|[from] item: Leftovers
|-heal|p2a: Tentacruel|341\/364|[from] item: Black Sludge
|turn|11
|
|move|p1a: Trolltoad|Infestation|p2a: Tentacruel
|-resisted|p2a: Tentacruel
|-damage|p2a: Tentacruel|336\/364
|-activate|p2a: Tentacruel|move: Infestation|[of] p1a: Trolltoad
|move|p2a: Tentacruel|Rapid Spin|p1a: Trolltoad
|-activate|p1a: Trolltoad|Substitute|[damage]
|-sideend|p2: BigDannyMason|Stealth Rock|[from] move: Rapid Spin|[of] p2a: Tentacruel
|-remove|p2a: Tentacruel|Infestation|[from] move: Rapid Spin|[of] p2a: Tentacruel|[partiallytrapped]
|
|-heal|p1a: Trolltoad|303\/405|[from] item: Leftovers
|-heal|p2a: Tentacruel|358\/364|[from] item: Black Sludge
|turn|12
|
|move|p1a: Trolltoad|Earthquake|p2a: Tentacruel
|-supereffective|p2a: Tentacruel
|-damage|p2a: Tentacruel|28\/364
|move|p2a: Tentacruel|Toxic Spikes|p1a: Trolltoad
|-sidestart|p1: Emblema de Fuego|move: Toxic Spikes
|
|-heal|p1a: Trolltoad|328\/405|[from] item: Leftovers
|-heal|p2a: Tentacruel|50\/364|[from] item: Black Sludge
|turn|13
|
|move|p1a: Trolltoad|Infestation|p2a: Tentacruel
|-resisted|p2a: Tentacruel
|-damage|p2a: Tentacruel|45\/364
|-activate|p2a: Tentacruel|move: Infestation|[of] p1a: Trolltoad
|move|p2a: Tentacruel|Acid Spray|p1a: Trolltoad
|-crit|p1a: Trolltoad
|-resisted|p1a: Trolltoad
|-activate|p1a: Trolltoad|Substitute|[damage]
|
|-heal|p1a: Trolltoad|353\/405|[from] item: Leftovers
|-heal|p2a: Tentacruel|67\/364|[from] item: Black Sludge
|-damage|p2a: Tentacruel|22\/364|[from] move: Infestation|[partiallytrapped]
|turn|14
|
|move|p1a: Trolltoad|Earthquake|p2a: Tentacruel
|-supereffective|p2a: Tentacruel
|-damage|p2a: Tentacruel|0 fnt
|faint|p2a: Tentacruel
|
|-heal|p1a: Trolltoad|378\/405|[from] item: Leftovers
|
|switch|p2a: Serperior|Serperior, M|262\/291
|turn|15
|
|-singleturn|p1a: Trolltoad|move: Focus Punch
|move|p2a: Serperior|Leaf Storm|p1a: Trolltoad
|-supereffective|p1a: Trolltoad
|-end|p1a: Trolltoad|Substitute
|-boost|p2a: Serperior|spa|2
|-damage|p2a: Serperior|233\/291|[from] item: Life Orb
|move|p1a: Trolltoad|Focus Punch|p2a: Serperior
|-damage|p2a: Serperior|92\/291
|
|-heal|p1a: Trolltoad|403\/405|[from] item: Leftovers
|turn|16
|
|switch|p1a: Angela|Absol-Mega, F|63\/271
|-status|p1a: Angela|psn
|-damage|p1a: Angela|30\/271 psn|[from] Stealth Rock
|move|p2a: Serperior|Leaf Storm|p1a: Angela
|-damage|p1a: Angela|0 fnt
|-boost|p2a: Serperior|spa|2
|-damage|p2a: Serperior|63\/291|[from] item: Life Orb
|faint|p1a: Angela
|
|
|switch|p1a: Musho|Raikou, shiny|321\/321
|-status|p1a: Musho|psn
|-damage|p1a: Musho|281\/321 psn|[from] Stealth Rock
|-ability|p1a: Musho|Pressure
|turn|17
|
|switch|p2a: Blissey|Blissey, F|652\/652
|move|p1a: Musho|Hidden Power|p2a: Blissey
|-damage|p2a: Blissey|606\/652
|
|-heal|p1a: Musho|301\/321 psn|[from] item: Leftovers
|-heal|p2a: Blissey|646\/652|[from] item: Leftovers
|-damage|p1a: Musho|261\/321 psn|[from] psn
|turn|18
|
|switch|p1a: Rodolfo|Donphan, M|383\/383
|-status|p1a: Rodolfo|psn
|-damage|p1a: Rodolfo|360\/383 psn|[from] Stealth Rock
|move|p2a: Blissey|Seismic Toss|p1a: Rodolfo
|-damage|p1a: Rodolfo|260\/383 psn
|
|-heal|p2a: Blissey|652\/652|[from] item: Leftovers
|-heal|p1a: Rodolfo|283\/383 psn|[from] item: Leftovers
|-damage|p1a: Rodolfo|236\/383 psn|[from] psn
|turn|19
|
|move|p2a: Blissey|Seismic Toss|p1a: Rodolfo
|-damage|p1a: Rodolfo|136\/383 psn
|move|p1a: Rodolfo|Rapid Spin|p2a: Blissey
|-damage|p2a: Blissey|620\/652
|-sideend|p1: Emblema de Fuego|Toxic Spikes|[from] move: Rapid Spin|[of] p1a: Rodolfo
|-sideend|p1: Emblema de Fuego|Stealth Rock|[from] move: Rapid Spin|[of] p1a: Rodolfo
|
|-heal|p2a: Blissey|652\/652|[from] item: Leftovers
|-heal|p1a: Rodolfo|159\/383 psn|[from] item: Leftovers
|-damage|p1a: Rodolfo|112\/383 psn|[from] psn
|turn|20
|
|switch|p1a: Uzzzi|Uxie|353\/353
|move|p2a: Blissey|Seismic Toss|p1a: Uzzzi
|-damage|p1a: Uzzzi|253\/353
|
|-heal|p1a: Uzzzi|275\/353|[from] item: Leftovers
|turn|21
|
|switch|p2a: Honchkrow|Honchkrow, F|341\/341
|move|p1a: Uzzzi|Heal Bell|p1a: Uzzzi
|-cureteam|p1a: Uzzzi|[from] move: HealBell
|
|-heal|p1a: Uzzzi|297\/353|[from] item: Leftovers
|turn|22
|
|move|p2a: Honchkrow|Pursuit|p1a: Uzzzi
|-supereffective|p1a: Uzzzi
|-damage|p1a: Uzzzi|157\/353
|-damage|p2a: Honchkrow|307\/341|[from] item: Life Orb
|move|p1a: Uzzzi|Stealth Rock|p2a: Honchkrow
|-sidestart|p2: BigDannyMason|move: Stealth Rock
|
|-heal|p1a: Uzzzi|179\/353|[from] item: Leftovers
|turn|23
|
|move|p2a: Honchkrow|Brave Bird|p1a: Uzzzi
|-damage|p1a: Uzzzi|0 fnt
|-damage|p2a: Honchkrow|248\/341|[from] recoil|[of] p1a: Uzzzi
|-damage|p2a: Honchkrow|214\/341|[from] item: Life Orb
|faint|p1a: Uzzzi
|-boost|p2a: Honchkrow|atk|1|[from] ability: Moxie
|
|
|switch|p1a: Musho|Raikou, shiny|261\/321
|-ability|p1a: Musho|Pressure
|turn|24
|
|move|p2a: Honchkrow|Sucker Punch|p1a: Musho
|-fail|p1a: Musho
|move|p1a: Musho|Substitute|p1a: Musho
|-start|p1a: Musho|Substitute
|-damage|p1a: Musho|181\/321
|
|-heal|p1a: Musho|201\/321|[from] item: Leftovers
|turn|25
|
|switch|p2a: Blissey|Blissey, F|652\/652
|-damage|p2a: Blissey|571\/652|[from] Stealth Rock
|move|p1a: Musho|Thunderbolt|p2a: Blissey
|-damage|p2a: Blissey|474\/652
|
|-heal|p1a: Musho|221\/321|[from] item: Leftovers
|-heal|p2a: Blissey|514\/652|[from] item: Leftovers
|turn|26
|
|switch|p1a: Trolltoad|Seismitoad, M|403\/405
|move|p2a: Blissey|Seismic Toss|p1a: Trolltoad
|-damage|p1a: Trolltoad|303\/405
|
|-heal|p1a: Trolltoad|328\/405|[from] item: Leftovers
|-heal|p2a: Blissey|554\/652|[from] item: Leftovers
|turn|27
|
|move|p1a: Trolltoad|Substitute|p1a: Trolltoad
|-start|p1a: Trolltoad|Substitute
|-damage|p1a: Trolltoad|227\/405
|move|p2a: Blissey|Seismic Toss|p1a: Trolltoad
|-activate|p1a: Trolltoad|Substitute|[damage]
|
|-heal|p1a: Trolltoad|252\/405|[from] item: Leftovers
|-heal|p2a: Blissey|594\/652|[from] item: Leftovers
|turn|28
|
|move|p1a: Trolltoad|Infestation|p2a: Blissey
|-damage|p2a: Blissey|585\/652
|-activate|p2a: Blissey|move: Infestation|[of] p1a: Trolltoad
|move|p2a: Blissey|Seismic Toss|p1a: Trolltoad
|-end|p1a: Trolltoad|Substitute
|
|-heal|p1a: Trolltoad|277\/405|[from] item: Leftovers
|-heal|p2a: Blissey|625\/652|[from] item: Leftovers
|-damage|p2a: Blissey|544\/652|[from] move: Infestation|[partiallytrapped]
|turn|29
|
|move|p1a: Trolltoad|Substitute|p1a: Trolltoad
|-start|p1a: Trolltoad|Substitute
|-damage|p1a: Trolltoad|176\/405
|move|p2a: Blissey|Seismic Toss|p1a: Trolltoad
|-activate|p1a: Trolltoad|Substitute|[damage]
|
|-heal|p1a: Trolltoad|201\/405|[from] item: Leftovers
|-heal|p2a: Blissey|584\/652|[from] item: Leftovers
|-damage|p2a: Blissey|503\/652|[from] move: Infestation|[partiallytrapped]
|turn|30
|
|-singleturn|p1a: Trolltoad|move: Focus Punch
|move|p2a: Blissey|Seismic Toss|p1a: Trolltoad
|-end|p1a: Trolltoad|Substitute
|move|p1a: Trolltoad|Focus Punch|p2a: Blissey
|-supereffective|p2a: Blissey
|-damage|p2a: Blissey|21\/652
|
|-heal|p1a: Trolltoad|226\/405|[from] item: Leftovers
|-heal|p2a: Blissey|61\/652|[from] item: Leftovers
|-damage|p2a: Blissey|0 fnt|[from] move: Infestation|[partiallytrapped]
|faint|p2a: Blissey
|
|switch|p2a: Serperior|Serperior, M|63\/291
|-damage|p2a: Serperior|27\/291|[from] Stealth Rock
|turn|31
|
|move|p2a: Serperior|Synthesis|p2a: Serperior
|-heal|p2a: Serperior|172\/291
|move|p1a: Trolltoad|Substitute|p1a: Trolltoad
|-start|p1a: Trolltoad|Substitute
|-damage|p1a: Trolltoad|125\/405
|
|-heal|p1a: Trolltoad|150\/405|[from] item: Leftovers
|turn|32
|
|-singleturn|p1a: Trolltoad|move: Focus Punch
|move|p2a: Serperior|Leaf Storm|p1a: Trolltoad
|-supereffective|p1a: Trolltoad
|-end|p1a: Trolltoad|Substitute
|-boost|p2a: Serperior|spa|2
|-damage|p2a: Serperior|143\/291|[from] item: Life Orb
|move|p1a: Trolltoad|Focus Punch|p2a: Serperior
|-damage|p2a: Serperior|0 fnt
|faint|p2a: Serperior
|
|-heal|p1a: Trolltoad|175\/405|[from] item: Leftovers
|
|switch|p2a: Honchkrow|Honchkrow, F|214\/341
|-damage|p2a: Honchkrow|129\/341|[from] Stealth Rock
|turn|33
|
|move|p2a: Honchkrow|Brave Bird|p1a: Trolltoad
|-damage|p1a: Trolltoad|0 fnt
|-damage|p2a: Honchkrow|71\/341|[from] recoil|[of] p1a: Trolltoad
|-damage|p2a: Honchkrow|37\/341|[from] item: Life Orb
|faint|p1a: Trolltoad
|-boost|p2a: Honchkrow|atk|1|[from] ability: Moxie
|
|
|switch|p1a: Musho|Raikou, shiny|221\/321
|-ability|p1a: Musho|Pressure
|turn|34
|
|move|p1a: Musho|Substitute|p1a: Musho
|-start|p1a: Musho|Substitute
|-damage|p1a: Musho|141\/321
|move|p2a: Honchkrow|Pursuit|p1a: Musho
|-crit|p1a: Musho
|-end|p1a: Musho|Substitute
|-damage|p2a: Honchkrow|3\/341|[from] item: Life Orb
|
|-heal|p1a: Musho|161\/321|[from] item: Leftovers
|turn|35
|
|move|p1a: Musho|Substitute|p1a: Musho
|-start|p1a: Musho|Substitute
|-damage|p1a: Musho|81\/321
|move|p2a: Honchkrow|Pursuit|p1a: Musho
|-end|p1a: Musho|Substitute
|-damage|p2a: Honchkrow|0 fnt|[from] item: Life Orb
|faint|p2a: Honchkrow
|
|-heal|p1a: Musho|101\/321|[from] item: Leftovers
|
|switch|p2a: Aerodactyl|Aerodactyl, F|301\/301
|-damage|p2a: Aerodactyl|226\/301|[from] Stealth Rock
|-ability|p2a: Aerodactyl|Unnerve|p1: Emblema de Fuego
|turn|36
|c|★Emblema de Fuego|gg
|
|detailschange|p2a: Aerodactyl|Aerodactyl-Mega, F
|-mega|p2a: Aerodactyl|Aerodactyl|Aerodactylite
|move|p2a: Aerodactyl|Stone Edge|p1a: Musho
|-damage|p1a: Musho|0 fnt
|faint|p1a: Musho
|
|
|switch|p1a: Rodolfo|Donphan, M|112\/383
|turn|37
|
|move|p2a: Aerodactyl|Aerial Ace|p1a: Rodolfo
|-damage|p1a: Rodolfo|7\/383
|move|p1a: Rodolfo|Roar|p2a: Aerodactyl
|drag|p2a: Rhyperior|Rhyperior, F|124\/421 brn
|-damage|p2a: Rhyperior|98\/421 brn|[from] Stealth Rock
|
|-heal|p1a: Rodolfo|30\/383|[from] item: Leftovers
|-heal|p2a: Rhyperior|124\/421 brn|[from] item: Leftovers
|-damage|p2a: Rhyperior|72\/421 brn|[from] brn
|turn|38
|
|move|p1a: Rodolfo|Earthquake|p2a: Rhyperior
|-supereffective|p2a: Rhyperior
|-damage|p2a: Rhyperior|0 fnt
|faint|p2a: Rhyperior
|
|-heal|p1a: Rodolfo|53\/383|[from] item: Leftovers
|
|switch|p2a: Aerodactyl|Aerodactyl-Mega, F|226\/301
|-damage|p2a: Aerodactyl|151\/301|[from] Stealth Rock
|turn|39
|
|move|p2a: Aerodactyl|Aerial Ace|p1a: Rodolfo
|-damage|p1a: Rodolfo|0 fnt
|faint|p1a: Rodolfo
|
|
|switch|p1a: 5|Fletchinder, F, shiny|327\/327
|turn|40
|
|move|p1a: 5|Acrobatics|p2a: Aerodactyl
|-resisted|p2a: Aerodactyl
|-damage|p2a: Aerodactyl|70\/301
|move|p2a: Aerodactyl|Stone Edge|p1a: 5
|-supereffective|p1a: 5
|-damage|p1a: 5|0 fnt
|faint|p1a: 5
|
|win|BigDannyMason
|raw|Ladder updating...
|raw|Emblema de Fuego's rating: 1471 &rarr; <strong>1441<\/strong><br \/>(-30 for losing)
|raw|BigDannyMason's rating: 1263 &rarr; <strong>1302<\/strong><br \/>(+39 for winning)
|leave|BigDannyMason
|player|p2