|join|Emblema de Fuego
|join|YurisistableSone19
|player|p1|Emblema de Fuego|289
|player|p2|YurisistableSone19|169
|gametype|singles
|gen|6
|tier|UU
|rated
|rule|Sleep Clause Mod: Limit one foe put to sleep
|rule|Species Clause: Limit one of each Pokémon
|rule|OHKO Clause: OHKO moves are banned
|rule|Moody Clause: Moody is banned
|rule|Evasion Moves Clause: Evasion moves are banned
|rule|Endless Battle Clause: Forcing endless battles is banned
|rule|HP Percentage Mod: HP is shown in percentages
|clearpoke
|poke|p1|Absol, F
|poke|p1|Fletchinder, F, shiny
|poke|p1|Donphan, M
|poke|p1|Uxie
|poke|p1|Raikou, shiny
|poke|p1|Seismitoad, F
|poke|p2|Zangoose, F, shiny
|poke|p2|Kyurem
|poke|p2|Tentacruel, F
|poke|p2|Krookodile, M
|poke|p2|Glalie, M
|poke|p2|Diancie
|rule|Swagger Clause: Swagger is banned
|rule|Baton Pass Clause: Limit one Pokémon knowing Baton Pass
|teampreview
|
|start
|switch|p1a: Angela|Absol, F|271\/271
|switch|p2a: Diancie|Diancie|304\/304
|-ability|p1a: Angela|Pressure
|turn|1
|
|detailschange|p1a: Angela|Absol-Mega, F
|-mega|p1a: Angela|Absol|Absolite
|move|p1a: Angela|Protect|p1a: Angela
|-singleturn|p1a: Angela|Protect
|move|p2a: Diancie|Diamond Storm|p1a: Angela
|-activate|p1a: Angela|Protect
|
|turn|2
|join|Greedon
|
|switch|p1a: Uzzzi|Uxie|353\/353
|move|p2a: Diancie|Moonblast|p1a: Uzzzi
|-damage|p1a: Uzzzi|284\/353
|-unboost|p1a: Uzzzi|spa|1
|
|-heal|p1a: Uzzzi|306\/353|[from] item: Leftovers
|turn|3
|
|move|p1a: Uzzzi|Stealth Rock|p2a: Diancie
|-sidestart|p2: YurisistableSone19|move: Stealth Rock
|move|p2a: Diancie|Stealth Rock|p1a: Uzzzi
|-sidestart|p1: Emblema de Fuego|move: Stealth Rock
|
|-heal|p1a: Uzzzi|328\/353|[from] item: Leftovers
|turn|4
|
|switch|p2a: Tentacruel|Tentacruel, F|364\/364
|-damage|p2a: Tentacruel|319\/364|[from] Stealth Rock
|move|p1a: Uzzzi|Yawn|p2a: Tentacruel
|-start|p2a: Tentacruel|move: Yawn|[of] p1a: Uzzzi
|
|-heal|p2a: Tentacruel|341\/364|[from] item: Leftovers
|-heal|p1a: Uzzzi|350\/353|[from] item: Leftovers
|turn|5
|leave|Greedon
|
|switch|p2a: Zangoose|Zangoose, F, shiny|287\/287
|-damage|p2a: Zangoose|252\/287|[from] Stealth Rock
|move|p1a: Uzzzi|U-turn|p2a: Zangoose
|-damage|p2a: Zangoose|187\/287
|
|switch|p1a: Angela|Absol-Mega, F|271\/271
|-damage|p1a: Angela|238\/271|[from] Stealth Rock
|
|-status|p2a: Zangoose|tox|[from] item: Toxic Orb
|turn|6
|
|switch|p2a: Diancie|Diancie|304\/304
|-damage|p2a: Diancie|266\/304|[from] Stealth Rock
|move|p1a: Angela|Protect|p1a: Angela
|-fail|p1a: Angela
|
|-heal|p2a: Diancie|285\/304|[from] item: Leftovers
|turn|7
|
|switch|p1a: Rodolfo|Donphan, M|383\/383
|-damage|p1a: Rodolfo|360\/383|[from] Stealth Rock
|move|p2a: Diancie|Moonblast|p1a: Rodolfo
|-crit|p1a: Rodolfo
|-damage|p1a: Rodolfo|137\/383
|
|-heal|p1a: Rodolfo|160\/383|[from] item: Leftovers
|-heal|p2a: Diancie|304\/304|[from] item: Leftovers
|turn|8
|
|move|p1a: Rodolfo|Rapid Spin|p2a: Diancie
|-resisted|p2a: Diancie
|-damage|p2a: Diancie|299\/304
|-sideend|p1: Emblema de Fuego|Stealth Rock|[from] move: Rapid Spin|[of] p1a: Rodolfo
|move|p2a: Diancie|Moonblast|p1a: Rodolfo
|-damage|p1a: Rodolfo|19\/383
|-unboost|p1a: Rodolfo|spa|1
|
|-heal|p1a: Rodolfo|42\/383|[from] item: Leftovers
|-heal|p2a: Diancie|304\/304|[from] item: Leftovers
|turn|9
|
|move|p1a: Rodolfo|Earthquake|p2a: Diancie
|-supereffective|p2a: Diancie
|-damage|p2a: Diancie|146\/304
|move|p2a: Diancie|Moonblast|p1a: Rodolfo
|-crit|p1a: Rodolfo
|-damage|p1a: Rodolfo|0 fnt
|faint|p1a: Rodolfo
|
|-heal|p2a: Diancie|165\/304|[from] item: Leftovers
|
|switch|p1a: Seismitoad|Seismitoad, F|405\/405
|turn|10
|
|move|p1a: Seismitoad|Earthquake|p2a: Diancie
|-supereffective|p2a: Diancie
|-damage|p2a: Diancie|33\/304
|move|p2a: Diancie|Stealth Rock|p1a: Seismitoad
|-sidestart|p1: Emblema de Fuego|move: Stealth Rock
|
|-heal|p2a: Diancie|52\/304|[from] item: Leftovers
|turn|11
|
|move|p1a: Seismitoad|Earthquake|p2a: Diancie
|-supereffective|p2a: Diancie
|-damage|p2a: Diancie|0 fnt
|faint|p2a: Diancie
|
|
|switch|p2a: Tentacruel|Tentacruel, F|341\/364
|-damage|p2a: Tentacruel|296\/364|[from] Stealth Rock
|turn|12
|
|move|p2a: Tentacruel|Toxic|p1a: Seismitoad
|-status|p1a: Seismitoad|tox
|move|p1a: Seismitoad|Substitute|p1a: Seismitoad
|-start|p1a: Seismitoad|Substitute
|-damage|p1a: Seismitoad|304\/405 tox
|
|-heal|p2a: Tentacruel|318\/364|[from] item: Leftovers
|-heal|p1a: Seismitoad|329\/405 tox|[from] item: Leftovers
|-damage|p1a: Seismitoad|304\/405 tox|[from] psn
|turn|13
|
|move|p2a: Tentacruel|Ice Beam|p1a: Seismitoad
|-activate|p1a: Seismitoad|Substitute|[damage]
|move|p1a: Seismitoad|Infestation|p2a: Tentacruel
|-resisted|p2a: Tentacruel
|-damage|p2a: Tentacruel|312\/364
|-activate|p2a: Tentacruel|move: Infestation|[of] p1a: Seismitoad
|
|-heal|p2a: Tentacruel|334\/364|[from] item: Leftovers
|-heal|p1a: Seismitoad|329\/405 tox|[from] item: Leftovers
|-damage|p1a: Seismitoad|279\/405 tox|[from] psn
|-damage|p2a: Tentacruel|289\/364|[from] move: Infestation|[partiallytrapped]
|turn|14
|
|move|p2a: Tentacruel|Rapid Spin|p1a: Seismitoad
|-activate|p1a: Seismitoad|Substitute|[damage]
|-sideend|p2: YurisistableSone19|Stealth Rock|[from] move: Rapid Spin|[of] p2a: Tentacruel
|-remove|p2a: Tentacruel|Infestation|[from] move: Rapid Spin|[of] p2a: Tentacruel|[partiallytrapped]
|move|p1a: Seismitoad|Earthquake|p2a: Tentacruel
|-supereffective|p2a: Tentacruel
|-damage|p2a: Tentacruel|83\/364
|
|-heal|p2a: Tentacruel|105\/364|[from] item: Leftovers
|-heal|p1a: Seismitoad|304\/405 tox|[from] item: Leftovers
|-damage|p1a: Seismitoad|229\/405 tox|[from] psn
|turn|15
|
|move|p2a: Tentacruel|Ice Beam|p1a: Seismitoad
|-end|p1a: Seismitoad|Substitute
|move|p1a: Seismitoad|Earthquake|p2a: Tentacruel
|-supereffective|p2a: Tentacruel
|-damage|p2a: Tentacruel|0 fnt
|faint|p2a: Tentacruel
|
|-heal|p1a: Seismitoad|254\/405 tox|[from] item: Leftovers
|-damage|p1a: Seismitoad|154\/405 tox|[from] psn
|
|switch|p2a: Glalie|Glalie, M|301\/301
|turn|16
|
|detailschange|p2a: Glalie|Glalie-Mega, M
|-mega|p2a: Glalie|Glalie|Glalitite
|move|p2a: Glalie|Return|p1a: Seismitoad
|-crit|p1a: Seismitoad
|-damage|p1a: Seismitoad|0 fnt
|faint|p1a: Seismitoad
|
|
|switch|p1a: Angela|Absol-Mega, F|238\/271
|-damage|p1a: Angela|205\/271|[from] Stealth Rock
|turn|17
|
|move|p1a: Angela|Will-O-Wisp|p2a: Glalie
|-status|p2a: Glalie|brn
|move|p2a: Glalie|Return|p1a: Angela
|-damage|p1a: Angela|25\/271
|
|-damage|p2a: Glalie|264\/301 brn|[from] brn
|turn|18
|
|move|p1a: Angela|Protect|p1a: Angela
|-singleturn|p1a: Angela|Protect
|move|p2a: Glalie|Explosion|p1a: Angela
|-activate|p1a: Angela|Protect
|faint|p2a: Glalie
|
|
|switch|p2a: Krookodile|Krookodile, M|331\/331
|turn|19
|
|move|p1a: Angela|Protect|p1a: Angela
|-fail|p1a: Angela
|move|p2a: Krookodile|Knock Off|p1a: Angela
|-resisted|p1a: Angela
|-damage|p1a: Angela|0 fnt
|faint|p1a: Angela
|-boost|p2a: Krookodile|atk|1|[from] ability: Moxie
|
|
|switch|p1a: 5|Fletchinder, F, shiny|327\/327
|-damage|p1a: 5|164\/327|[from] Stealth Rock
|turn|20
|
|move|p1a: 5|Acrobatics|p2a: Krookodile
|-damage|p2a: Krookodile|154\/331
|move|p2a: Krookodile|Knock Off|p1a: 5
|-damage|p1a: 5|0 fnt
|faint|p1a: 5
|-boost|p2a: Krookodile|atk|1|[from] ability: Moxie
|
|
|switch|p1a: Musho|Raikou, shiny|321\/321
|-damage|p1a: Musho|281\/321|[from] Stealth Rock
|-ability|p1a: Musho|Pressure
|turn|21
|
|move|p2a: Krookodile|Knock Off|p1a: Musho
|-damage|p1a: Musho|0 fnt
|-enditem|p1a: Musho|Leftovers|[from] move: Knock Off|[of] p2a: Krookodile
|faint|p1a: Musho
|-boost|p2a: Krookodile|atk|1|[from] ability: Moxie
|
|
|switch|p1a: Uzzzi|Uxie|350\/353
|-damage|p1a: Uzzzi|306\/353|[from] Stealth Rock
|turn|22
|
|move|p2a: Krookodile|Knock Off|p1a: Uzzzi
|-crit|p1a: Uzzzi
|-supereffective|p1a: Uzzzi
|-damage|p1a: Uzzzi|0 fnt
|-enditem|p1a: Uzzzi|Leftovers|[from] move: Knock Off|[of] p2a: Krookodile
|faint|p1a: Uzzzi
|-boost|p2a: Krookodile|atk|1|[from] ability: Moxie
|
|win|YurisistableSone19
|raw|Ladder updating...
|raw|Emblema de Fuego's rating: 1412 &rarr; <strong>1384<\/strong><br \/>(-28 for losing)
|raw|YurisistableSone19's rating: 1279 &rarr; <strong>1313<\/strong><br \/>(+34 for winning)