|join|Pretty.Odd
|join|Emblema de Fuego
|player|p1|Pretty.Odd|291
|player|p2|Emblema de Fuego|283
|gametype|singles
|gen|6
|tier|UU
|rated
|rule|Sleep Clause Mod: Limit one foe put to sleep
|rule|Species Clause: Limit one of each Pokémon
|rule|OHKO Clause: OHKO moves are banned
|rule|Moody Clause: Moody is banned
|rule|Evasion Moves Clause: Evasion moves are banned
|rule|Endless Battle Clause: Forcing endless battles is banned
|rule|HP Percentage Mod: HP is shown in percentages
|clearpoke
|poke|p1|Blastoise, F, shiny
|poke|p1|Serperior, F
|poke|p1|Florges, F
|poke|p1|Arcanine, F
|poke|p1|Nidoqueen, F
|poke|p1|Haxorus, F
|poke|p2|Fletchinder, F, shiny
|poke|p2|Raikou, shiny
|poke|p2|Absol, M
|poke|p2|Forretress, M
|poke|p2|Seismitoad, M
|poke|p2|Florges, F
|rule|Swagger Clause: Swagger is banned
|rule|Baton Pass Clause: Limit one Pokémon knowing Baton Pass
|teampreview
|
|start
|switch|p1a: Nidoqueen|Nidoqueen, F|353\/353
|switch|p2a: D-Angelo|Absol, M|271\/271
|turn|1
|c|★Pretty.Odd|That Fletchinder\/Seismitoad core
|
|detailschange|p2a: D-Angelo|Absol-Mega, M
|-mega|p2a: D-Angelo|Absol|Absolite
|move|p2a: D-Angelo|Protect|p2a: D-Angelo
|-singleturn|p2a: D-Angelo|Protect
|move|p1a: Nidoqueen|Earth Power|p2a: D-Angelo
|-activate|p2a: D-Angelo|Protect
|
|turn|2
|
|switch|p2a: Forretress|Forretress, M|353\/353
|move|p1a: Nidoqueen|Sludge Wave|p2a: Forretress
|-immune|p2a: Forretress|[msg]
|
|turn|3
|c|★Emblema de Fuego|i test this
|
|move|p1a: Nidoqueen|Stealth Rock|p2a: Forretress
|-sidestart|p2: Emblema de Fuego|move: Stealth Rock
|move|p2a: Forretress|Stealth Rock|p1a: Nidoqueen
|-sidestart|p1: Pretty.Odd|move: Stealth Rock
|
|turn|4
|
|move|p1a: Nidoqueen|Earth Power|p2a: Forretress
|-damage|p2a: Forretress|68\/353
|move|p2a: Forretress|Rapid Spin|p1a: Nidoqueen
|-damage|p1a: Nidoqueen|332\/353
|-sideend|p2: Emblema de Fuego|Stealth Rock|[from] move: Rapid Spin|[of] p2a: Forretress
|
|-heal|p2a: Forretress|90\/353|[from] item: Leftovers
|turn|5
|
|move|p1a: Nidoqueen|Earth Power|p2a: Forretress
|-damage|p2a: Forretress|0 fnt
|faint|p2a: Forretress
|
|
|switch|p2a: Trolltoad|Seismitoad, M|405\/405
|turn|6
|
|switch|p1a: Blastoise|Blastoise, F, shiny|358\/358
|-damage|p1a: Blastoise|314\/358|[from] Stealth Rock
|move|p2a: Trolltoad|Earthquake|p1a: Blastoise
|-damage|p1a: Blastoise|191\/358
|
|turn|7
|
|detailschange|p1a: Blastoise|Blastoise-Mega, F, shiny
|-mega|p1a: Blastoise|Blastoise|Blastoisinite
|move|p2a: Trolltoad|Infestation|p1a: Blastoise
|-damage|p1a: Blastoise|180\/358
|-activate|p1a: Blastoise|move: Infestation|[of] p2a: Trolltoad
|move|p1a: Blastoise|Rapid Spin|p2a: Trolltoad
|-damage|p2a: Trolltoad|384\/405
|-sideend|p1: Pretty.Odd|Stealth Rock|[from] move: Rapid Spin|[of] p1a: Blastoise
|-remove|p1a: Blastoise|Infestation|[from] move: Rapid Spin|[of] p1a: Blastoise|[partiallytrapped]
|
|-heal|p2a: Trolltoad|405\/405|[from] item: Leftovers
|turn|8
|
|move|p2a: Trolltoad|Earthquake|p1a: Blastoise
|-damage|p1a: Blastoise|66\/358
|move|p1a: Blastoise|Dark Pulse|p2a: Trolltoad
|-damage|p2a: Trolltoad|200\/405
|
|-heal|p2a: Trolltoad|225\/405|[from] item: Leftovers
|turn|9
|
|switch|p1a: Arcanine|Arcanine, F|383\/383
|-ability|p1a: Arcanine|Intimidate|[of] p2a: Trolltoad
|-unboost|p2a: Trolltoad|atk|1
|move|p2a: Trolltoad|Earthquake|p1a: Arcanine
|-supereffective|p1a: Arcanine
|-damage|p1a: Arcanine|237\/383
|
|-heal|p2a: Trolltoad|250\/405|[from] item: Leftovers
|-heal|p1a: Arcanine|260\/383|[from] item: Leftovers
|turn|10
|
|move|p2a: Trolltoad|Substitute|p2a: Trolltoad
|-start|p2a: Trolltoad|Substitute
|-damage|p2a: Trolltoad|149\/405
|move|p1a: Arcanine|Will-O-Wisp|p2a: Trolltoad
|
|-heal|p2a: Trolltoad|174\/405|[from] item: Leftovers
|-heal|p1a: Arcanine|283\/383|[from] item: Leftovers
|turn|11
|
|move|p1a: Arcanine|Extreme Speed|p2a: Trolltoad
|-activate|p2a: Trolltoad|Substitute|[damage]
|move|p2a: Trolltoad|Infestation|p1a: Arcanine
|-resisted|p1a: Arcanine
|-damage|p1a: Arcanine|276\/383
|-activate|p1a: Arcanine|move: Infestation|[of] p2a: Trolltoad
|
|-heal|p2a: Trolltoad|199\/405|[from] item: Leftovers
|-heal|p1a: Arcanine|299\/383|[from] item: Leftovers
|-damage|p1a: Arcanine|252\/383|[from] move: Infestation|[partiallytrapped]
|turn|12
|
|move|p2a: Trolltoad|Earthquake|p1a: Arcanine
|-supereffective|p1a: Arcanine
|-damage|p1a: Arcanine|114\/383
|move|p1a: Arcanine|Morning Sun|p1a: Arcanine
|-heal|p1a: Arcanine|305\/383
|
|-heal|p2a: Trolltoad|224\/405|[from] item: Leftovers
|-heal|p1a: Arcanine|328\/383|[from] item: Leftovers
|-damage|p1a: Arcanine|281\/383|[from] move: Infestation|[partiallytrapped]
|turn|13
|
|move|p2a: Trolltoad|Earthquake|p1a: Arcanine
|-supereffective|p1a: Arcanine
|-damage|p1a: Arcanine|125\/383
|move|p1a: Arcanine|Morning Sun|p1a: Arcanine
|-heal|p1a: Arcanine|316\/383
|
|-heal|p2a: Trolltoad|249\/405|[from] item: Leftovers
|-heal|p1a: Arcanine|339\/383|[from] item: Leftovers
|-damage|p1a: Arcanine|292\/383|[from] move: Infestation|[partiallytrapped]
|turn|14
|join|quiladinftw
|
|move|p1a: Arcanine|Extreme Speed|p2a: Trolltoad
|-end|p2a: Trolltoad|Substitute
|move|p2a: Trolltoad|Earthquake|p1a: Arcanine
|-supereffective|p1a: Arcanine
|-damage|p1a: Arcanine|140\/383
|
|-heal|p2a: Trolltoad|274\/405|[from] item: Leftovers
|-heal|p1a: Arcanine|163\/383|[from] item: Leftovers
|-damage|p1a: Arcanine|116\/383|[from] move: Infestation|[partiallytrapped]
|turn|15
|
|move|p2a: Trolltoad|Substitute|p2a: Trolltoad
|-start|p2a: Trolltoad|Substitute
|-damage|p2a: Trolltoad|173\/405
|move|p1a: Arcanine|Morning Sun|p1a: Arcanine
|-heal|p1a: Arcanine|307\/383
|
|-heal|p2a: Trolltoad|198\/405|[from] item: Leftovers
|-heal|p1a: Arcanine|330\/383|[from] item: Leftovers
|-damage|p1a: Arcanine|283\/383|[from] move: Infestation|[partiallytrapped]
|turn|16
|c| quiladinftw|willo if real
|c| quiladinftw|why is he faster lol
|c|★Pretty.Odd|!dt arcanine
|c|~|\/data-pokemon Arcanine
|raw|<font size="1"><font color=#585858>Dex#:<\/font> 59&nbsp;|&ThickSpace;<font color=#585858>Height:<\/font> 1.9 m&nbsp;|&ThickSpace;<font color=#585858>Weight:<\/font> 155 kg <em>(100 BP)<\/em>&nbsp;|&ThickSpace;<font color=#585858>Dex Colour:<\/font> Brown&nbsp;|&ThickSpace;<font color=#585858>Egg Group(s):<\/font> Field&nbsp;|&ThickSpace;<font color=#585858><font color=#585858>Does Not Evolve<\/font><\/font><\/font>
|c|★Pretty.Odd|!dt sesimitaofd
No Pokemon, item, move, ability or nature named 'sesimitaofd' was found. (Check your spelling?)
|c|★Pretty.Odd|!dt sesimitoad
No Pokemon, item, move, ability or nature named 'sesimitoad' was found. Showing the data of 'Seismitoad' instead.
|c|~|\/data-pokemon Seismitoad
|raw|<font size="1"><font color=#585858>Dex#:<\/font> 537&nbsp;|&ThickSpace;<font color=#585858>Height:<\/font> 1.5 m&nbsp;|&ThickSpace;<font color=#585858>Weight:<\/font> 62 kg <em>(80 BP)<\/em>&nbsp;|&ThickSpace;<font color=#585858>Dex Colour:<\/font> Blue&nbsp;|&ThickSpace;<font color=#585858>Egg Group(s):<\/font> Water 1&nbsp;|&ThickSpace;<font color=#585858><font color=#585858>Does Not Evolve<\/font><\/font><\/font>
|c|★Pretty.Odd|Im Impish
|c|★Emblema de Fuego|XD
|c|★Emblema de Fuego|you not evs in speed
|
|move|p1a: Arcanine|Extreme Speed|p2a: Trolltoad
|-crit|p2a: Trolltoad
|-end|p2a: Trolltoad|Substitute
|move|p2a: Trolltoad|Earthquake|p1a: Arcanine
|-crit|p1a: Arcanine
|-supereffective|p1a: Arcanine
|-damage|p1a: Arcanine|0 fnt
|faint|p1a: Arcanine
|
|-heal|p2a: Trolltoad|223\/405|[from] item: Leftovers
|c| quiladinftw|this guy is muggin u off
|c|★Emblema de Fuego|shit
|c|★Pretty.Odd|Arcanine is a top notch physical tank
|c| quiladinftw|now u win with serperior
|c|★Pretty.Odd|Intimidate + WOW
|
|switch|p1a: Serperior|Serperior, F|291\/291
|turn|17
|c| quiladinftw|pretty odd i run bold rk9
|c| quiladinftw|works better for me
|
|switch|p2a: 5|Fletchinder, F, shiny|327\/327
|move|p1a: Serperior|Leaf Storm|p2a: 5
|-resisted|p2a: 5
|-damage|p2a: 5|260\/327
|-boost|p1a: Serperior|spa|2
|
|turn|18
|c|★Pretty.Odd|Flare Blitz + ESpeed is nice
|c| quiladinftw|hp rock pls
|
|move|p2a: 5|Acrobatics|p1a: Serperior
|-supereffective|p1a: Serperior
|-damage|p1a: Serperior|0 fnt
|faint|p1a: Serperior
|
|c|★Pretty.Odd|I dont think it matters
|c|★Emblema de Fuego|Seismitoad is very good walling thingsd
|c| quiladinftw|too strong
|
|switch|p1a: Haxorus|Haxorus, F|293\/293
|-ability|p1a: Haxorus|Mold Breaker
|turn|19
|c| quiladinftw|go for poison jab
|
|switch|p2a: Trolltoad|Seismitoad, M|223\/405
|move|p1a: Haxorus|Dragon Dance|p1a: Haxorus
|-boost|p1a: Haxorus|atk|1
|-boost|p1a: Haxorus|spe|1
|
|-heal|p2a: Trolltoad|248\/405|[from] item: Leftovers
|turn|20
|c| quiladinftw|if ur real
|c| quiladinftw|or thar
|c|★Pretty.Odd|idk if Trolltoad will survive and EQ :I
|c| quiladinftw|that
|c|★Emblema de Fuego|impish
|c| quiladinftw|lol
|c|★Emblema de Fuego|max hp
|c| quiladinftw|go for
|c| quiladinftw|dual chop
|c|★Emblema de Fuego|and speed necesary and rest defense
|c| quiladinftw|life orb
|c| quiladinftw|this man is a boss
|c|★Pretty.Odd|Outrrage, Lum
|c| quiladinftw|he runs sesmitoad and doesnt give a shit
|
|move|p1a: Haxorus|Outrage|p2a: Trolltoad
|-damage|p2a: Trolltoad|0 fnt
|faint|p2a: Trolltoad
|
|c|★Pretty.Odd|No Dual Chop
|c|★Pretty.Odd|Right
|c| quiladinftw|u shod run it
|c| quiladinftw|its good
|c|★Emblema de Fuego|XD
|c|★Pretty.Odd|Outrage power is real
|c|★Emblema de Fuego|is good
|
|switch|p2a: Florges|Florges, F|359\/359
|turn|21
|c|★Emblema de Fuego|Wall and traps
|c| quiladinftw|lol
|
|move|p1a: Haxorus|Outrage|p2a: Florges
|-immune|p2a: Florges|[msg]
|move|p2a: Florges|Moonblast|p1a: Haxorus
|-supereffective|p1a: Haxorus
|-damage|p1a: Haxorus|0 fnt
|faint|p1a: Haxorus
|
|c| quiladinftw|u can still win
|
|switch|p1a: Florges|Florges, F|360\/360
|turn|22
|c|★Pretty.Odd|I wish I used Umbreon
|c| quiladinftw|wrong mon odd
|c|★Pretty.Odd|Wish + Baton Pass to Blastoise
|
|switch|p2a: 5|Fletchinder, F, shiny|260\/327
|move|p1a: Florges|Wish|p1a: Florges
|
|turn|23
|c|★Pretty.Odd|!dt fletchinder
|c|~|\/data-pokemon Fletchinder
|raw|<font size="1"><font color=#585858>Dex#:<\/font> 662&nbsp;|&ThickSpace;<font color=#585858>Height:<\/font> 0.7 m&nbsp;|&ThickSpace;<font color=#585858>Weight:<\/font> 16 kg <em>(40 BP)<\/em>&nbsp;|&ThickSpace;<font color=#585858>Dex Colour:<\/font> Red&nbsp;|&ThickSpace;<font color=#585858>Egg Group(s):<\/font> Flying&nbsp;|&ThickSpace;<font color=#585858>Evolution:<\/font> Talonflame (35)<\/font>
|
|switch|p1a: Nidoqueen|Nidoqueen, F|332\/353
|move|p2a: 5|Acrobatics|p1a: Nidoqueen
|-damage|p1a: Nidoqueen|167\/353
|
|-heal|p1a: Nidoqueen|347\/353|[from] move: Wish|[wisher] Florges
|turn|24
|c| quiladinftw|such a boss
|c|★Pretty.Odd|"wrong pokemon"
|
|switch|p2a: Musho|Raikou, shiny|322\/322
|-ability|p2a: Musho|Pressure
|move|p1a: Nidoqueen|Sludge Wave|p2a: Musho
|-damage|p2a: Musho|111\/322
|
|-heal|p2a: Musho|131\/322|[from] item: Leftovers
|turn|25
|c| quiladinftw|yh u were sopposed to nido on his flor
|c|★Pretty.Odd|Nah, I wanted to do what I did
|c|★Pretty.Odd|Extrasensory
|
|switch|p1a: Florges|Florges, F|360\/360
|move|p2a: Musho|Hidden Power|p1a: Florges
|-damage|p1a: Florges|322\/360
|
|-heal|p2a: Musho|151\/322|[from] item: Leftovers
|-heal|p1a: Florges|344\/360|[from] item: Leftovers
|turn|26
|c|★Pretty.Odd|Darn
|
|move|p2a: Musho|Calm Mind|p2a: Musho
|-boost|p2a: Musho|spa|1
|-boost|p2a: Musho|spd|1
|move|p1a: Florges|Wish|p1a: Florges
|
|-heal|p2a: Musho|171\/322|[from] item: Leftovers
|-heal|p1a: Florges|360\/360|[from] item: Leftovers
|turn|27
|
|move|p2a: Musho|Calm Mind|p2a: Musho
|-boost|p2a: Musho|spa|1
|-boost|p2a: Musho|spd|1
|move|p1a: Florges|Moonblast|p2a: Musho
|-damage|p2a: Musho|111\/322
|-unboost|p2a: Musho|spa|1
|
|-heal|p2a: Musho|131\/322|[from] item: Leftovers
|turn|28
|c|★Emblema de Fuego|fuck
|
|switch|p1a: Nidoqueen|Nidoqueen, F|347\/353
|move|p2a: Musho|Substitute|p2a: Musho
|-start|p2a: Musho|Substitute
|-damage|p2a: Musho|51\/322
|
|-heal|p2a: Musho|71\/322|[from] item: Leftovers
|turn|29
|c|★Pretty.Odd|fuck
|c|★Emblema de Fuego|the drop
|
|move|p2a: Musho|Hidden Power|p1a: Nidoqueen
|-supereffective|p1a: Nidoqueen
|-damage|p1a: Nidoqueen|121\/353
|move|p1a: Nidoqueen|Earth Power|p2a: Musho
|-supereffective|p2a: Musho
|-end|p2a: Musho|Substitute
|
|-heal|p2a: Musho|91\/322|[from] item: Leftovers
|turn|30
|-message|Pretty.Odd forfeited.
|c|★Emblema de Fuego|gg
|-message|Pretty.Odd forfeited.
|leave|Pretty.Odd
|
|win|Emblema de Fuego
|raw|Ladder updating...
|player|p1
|raw|Pretty.Odd's rating: 1300 &rarr; <strong>1282<\/strong><br \/>(-18 for losing)
|raw|Emblema de Fuego's rating: 1400 &rarr; <strong>1415<\/strong><br \/>(+15 for winning)