|join|Ace-11
|join|madampepe
|player|p1|Ace-11|218
|player|p2|madampepe|290
|gametype|singles
|gen|6
|tier|OU
|rated
|clearpoke
|poke|p1|Politoed, M, shiny
|poke|p1|Swampert, M
|poke|p1|Vaporeon, F
|poke|p1|Magnezone
|poke|p1|Tornadus-Therian, M
|poke|p1|Ferrothorn, M
|poke|p2|Chansey, F
|poke|p2|Bisharp, M
|poke|p2|Infernape, F
|poke|p2|Garchomp, F
|poke|p2|Manectric, M
|poke|p2|Skarmory, F
|rule|Swagger Clause: Swagger is banned
|rule|Baton Pass Clause: Limit one Pokémon knowing Baton Pass
|rule|Sleep Clause Mod: Limit one foe put to sleep
|rule|Species Clause: Limit one of each Pokémon
|rule|OHKO Clause: OHKO moves are banned
|rule|Moody Clause: Moody is banned
|rule|Evasion Moves Clause: Evasion moves are banned
|rule|Endless Battle Clause: Forcing endless battles is banned
|rule|HP Percentage Mod: HP is shown in percentages
|teampreview
|join|pokeblade101
|
|start
|switch|p1a: Swampert|Swampert, M|400\/400
|switch|p2a: Manectric|Manectric, M|281\/281
|turn|1
|
|switch|p2a: Skarmory|Skarmory, F|334\/334
|switch|p1a: Swagnezone|Magnezone|325\/325
|
|turn|2
|c|★Ace-11|souls!!!1
|
|move|p2a: Skarmory|Spikes|p1a: Swagnezone
|-sidestart|p1: Ace-11|Spikes
|move|p1a: Swagnezone|Hidden Power|p2a: Skarmory
|-supereffective|p2a: Skarmory
|-damage|p2a: Skarmory|16\/334
|
|turn|3
|c| pokeblade101|Lol
|
|move|p2a: Skarmory|Spikes|p1a: Swagnezone
|-sidestart|p1: Ace-11|Spikes
|move|p1a: Swagnezone|Hidden Power|p2a: Skarmory
|-supereffective|p2a: Skarmory
|-damage|p2a: Skarmory|0 fnt
|faint|p2a: Skarmory
|
|c|★Ace-11|i love doing that
|
|switch|p2a: Infernape|Infernape, F|293\/293
|turn|4
|
|switch|p1a: Frogger|Politoed, M, shiny|384\/384
|-damage|p1a: Frogger|320\/384|[from] Spikes
|-weather|RainDance
|move|p2a: Infernape|Close Combat|p1a: Frogger
|-damage|p1a: Frogger|59\/384
|-unboost|p2a: Infernape|def|1
|-unboost|p2a: Infernape|spd|1
|-damage|p2a: Infernape|264\/293|[from] item: Life Orb
|
|-weather|RainDance|[upkeep]
|turn|5
|
|move|p2a: Infernape|Close Combat|p1a: Frogger
|-damage|p1a: Frogger|0 fnt
|-unboost|p2a: Infernape|def|1
|-unboost|p2a: Infernape|spd|1
|-damage|p2a: Infernape|235\/293|[from] item: Life Orb
|faint|p1a: Frogger
|
|-weather|RainDance|[upkeep]
|
|switch|p1a: Swampert|Swampert, M|400\/400
|-damage|p1a: Swampert|334\/400|[from] Spikes
|turn|6
|c| pokeblade101|Soul eating
|
|detailschange|p1a: Swampert|Swampert-Mega, M
|message|Swampert has Mega Evolved into Mega Swampert!
|move|p2a: Infernape|Grass Knot|p1a: Swampert
|-supereffective|p1a: Swampert
|-damage|p1a: Swampert|0 fnt
|-damage|p2a: Infernape|206\/293|[from] item: Life Orb
|faint|p1a: Swampert
|
|-weather|RainDance|[upkeep]
|c|★Ace-11|what?
|c| pokeblade101|Lolololololol
|
|switch|p1a: HavingFun|Vaporeon, F|464\/464
|-damage|p1a: HavingFun|387\/464|[from] Spikes
|turn|7
|
|switch|p2a: Chansey|Chansey, F|704\/704
|move|p1a: HavingFun|Scald|p2a: Chansey
|-damage|p2a: Chansey|605\/704
|
|-weather|RainDance|[upkeep]
|-heal|p1a: HavingFun|416\/464|[from] item: Leftovers
|turn|8
|c| pokeblade101|I am on the laughing right now
|c| pokeblade101|Gg ace
|c| pokeblade101|G
|c| pokeblade101|G
|c|★Ace-11|i have a chance
|
|move|p1a: HavingFun|Toxic|p2a: Chansey
|-status|p2a: Chansey|tox
|move|p2a: Chansey|Stealth Rock|p1a: HavingFun
|-sidestart|p1: Ace-11|move: Stealth Rock
|
|-weather|RainDance|[upkeep]
|-heal|p1a: HavingFun|445\/464|[from] item: Leftovers
|-damage|p2a: Chansey|561\/704 tox|[from] psn
|turn|9
|
|switch|p1a: Tornadus-Therian|Tornadus-Therian, M|299\/299
|-damage|p1a: Tornadus-Therian|225\/299|[from] Stealth Rock
|switch|p2a: Manectric|Manectric, M|281\/281
|
|-weather|RainDance|[upkeep]
|turn|10
|c| pokeblade101|Not against chansey
|
|detailschange|p2a: Manectric|Manectric-Mega, M
|message|Manectric has Mega Evolved into Mega Manectric!
|-ability|p2a: Manectric|Intimidate|[of] p1a: Tornadus-Therian
|-unboost|p1a: Tornadus-Therian|atk|1
|move|p1a: Tornadus-Therian|U-turn|p2a: Manectric
|-damage|p2a: Manectric|228\/281
|-damage|p1a: Tornadus-Therian|196\/299|[from] item: Life Orb
|
|switch|p1a: Free hugs|Ferrothorn, M|352\/352
|-damage|p1a: Free hugs|330\/352|[from] Stealth Rock
|-damage|p1a: Free hugs|272\/352|[from] Spikes
|move|p2a: Manectric|Volt Switch|p1a: Free hugs
|-resisted|p1a: Free hugs
|-damage|p1a: Free hugs|223\/352
|
|switch|p2a: Infernape|Infernape, F|206\/293
|
|-weather|RainDance|[upkeep]
|-heal|p1a: Free hugs|245\/352|[from] item: Leftovers
|turn|11
|c|★Ace-11|ok i dont but grass knot?
|c|★Ace-11|who does that?
|c|★madampepe|me
|c|★madampepe|lol
|c| pokeblade101|PPl that are smart
|c|★Ace-11|thats exacctly what happened on shofus stream
|c|★Ace-11|shofus words:Alright thats game(laughs)...Grass knot?!What?!Who does that?
|
|move|p2a: Infernape|Close Combat|p1a: Free hugs
|-supereffective|p1a: Free hugs
|-damage|p1a: Free hugs|0 fnt
|-damage|p2a: Infernape|170\/293|[from] ability: Iron Barbs|[of] p1a: Free hugs
|-unboost|p2a: Infernape|def|1
|-unboost|p2a: Infernape|spd|1
|-damage|p2a: Infernape|141\/293|[from] item: Life Orb
|faint|p1a: Free hugs
|
|-weather|none
|
|switch|p1a: HavingFun|Vaporeon, F|445\/464
|-damage|p1a: HavingFun|368\/464|[from] Spikes
|-damage|p1a: HavingFun|310\/464|[from] Stealth Rock
|turn|12
|
|switch|p2a: Chansey|Chansey, F|561\/704
|move|p1a: HavingFun|Scald|p2a: Chansey
|-crit|p2a: Chansey
|-damage|p2a: Chansey|456\/704
|
|-heal|p1a: HavingFun|339\/464|[from] item: Leftovers
|turn|13
|c| pokeblade101|Well you are ead
|-message|Ace-11 forfeited.
|
|win|madampepe
|raw|Ladder updating...
|c| pokeblade101|Dead*
|leave|Ace-11
|player|p1
|c|★madampepe|gg (Y)
|c| pokeblade101|Lol
|c|★madampepe|grass knot troll
|raw|Ladder (probably) updated, but score could not be retrieved (timeout).
|raw|Ladder (probably) updated, but score could not be retrieved (Error: socket hang up).
|leave|pokeblade101