|join|Luka Pucko
|join|Ace-11
|player|p1|Luka Pucko|190
|player|p2|Ace-11|218
|gametype|singles
|gen|6
|tier|OU
|clearpoke
|poke|p1|Metagross
|poke|p1|Keldeo-Resolute
|poke|p1|Dragonite, F
|poke|p1|Infernape, M
|poke|p1|Thundurus, M
|poke|p1|Bisharp, F
|poke|p2|Metagross
|poke|p2|Rotom-Wash
|poke|p2|Gliscor, F
|poke|p2|Magnezone
|poke|p2|Skarmory, M
|poke|p2|Keldeo-Resolute
|rule|Swagger Clause: Swagger is banned
|rule|Baton Pass Clause: Limit one Pokémon knowing Baton Pass
|rule|Sleep Clause Mod: Limit one foe put to sleep
|rule|Species Clause: Limit one of each Pokémon
|rule|OHKO Clause: OHKO moves are banned
|rule|Moody Clause: Moody is banned
|rule|Evasion Moves Clause: Evasion moves are banned
|rule|Endless Battle Clause: Forcing endless battles is banned
|rule|HP Percentage Mod: HP is shown in percentages
|teampreview
|join|Silver Falco
|join|bluri
|join|Korra Asami
|join|Yankmeister
|join|QKIC
|join|Hyuhy
|join|Ace Trainer Stark
|
|start
|switch|p1a: Infernape|Infernape, M|293\/293
|switch|p2a: Kyle's BFF|Gliscor, F|354\/354
|turn|1
|
|move|p2a: Kyle's BFF|Protect|p2a: Kyle's BFF
|-singleturn|p2a: Kyle's BFF|Protect
|move|p1a: Infernape|Stealth Rock|p2a: Kyle's BFF
|-sidestart|p2: Ace-11|move: Stealth Rock
|
|-status|p2a: Kyle's BFF|tox|[from] item: Toxic Orb
|turn|2
|join|CRYING PANDA
|
|move|p1a: Infernape|Fire Blast|p2a: Kyle's BFF|[miss]
|-miss|p1a: Infernape|p2a: Kyle's BFF
|move|p2a: Kyle's BFF|Stealth Rock|p1a: Infernape
|-sidestart|p1: Luka Pucko|move: Stealth Rock
|
|turn|3
|
|move|p1a: Infernape|Fire Blast|p2a: Kyle's BFF
|-damage|p2a: Kyle's BFF|179\/354 tox
|move|p2a: Kyle's BFF|Earthquake|p1a: Infernape
|-supereffective|p1a: Infernape
|-enditem|p1a: Infernape|Focus Sash
|-damage|p1a: Infernape|1\/293
|
|-heal|p2a: Kyle's BFF|223\/354 tox|[from] ability: Poison Heal
|turn|4
|c| CRYING PANDA|go get em luka potato!
|c|★Ace-11|potato?
|c| CRYING PANDA|damn this auto corrector
|
|move|p1a: Infernape|Fire Blast|p2a: Kyle's BFF|[miss]
|-miss|p1a: Infernape|p2a: Kyle's BFF
|move|p2a: Kyle's BFF|Toxic|p1a: Infernape
|-status|p1a: Infernape|tox
|
|-damage|p1a: Infernape|0 fnt|[from] psn
|-heal|p2a: Kyle's BFF|267\/354 tox|[from] ability: Poison Heal
|faint|p1a: Infernape
|c|★Luka Pucko|....
|c|★Luka Pucko|i mean
|c|★Ace-11|lol sorry
|c|★Luka Pucko|not like
|c|★Luka Pucko|that would have
|c|★Luka Pucko|killed
|c|★Luka Pucko|cuz you know
|c|★Luka Pucko|blaze and stuff
|c|★Ace-11|dont worry,karma will be a bitch to me
|
|switch|p1a: Keldeo-Resolute|Keldeo-Resolute|323\/323
|-damage|p1a: Keldeo-Resolute|303\/323|[from] Stealth Rock
|turn|5
|
|switch|p2a: Bath Time|Rotom-Wash|303\/303
|-damage|p2a: Bath Time|266\/303|[from] Stealth Rock
|move|p1a: Keldeo-Resolute|Scald|p2a: Bath Time
|-resisted|p2a: Bath Time
|-damage|p2a: Bath Time|191\/303
|
|-heal|p2a: Bath Time|209\/303|[from] item: Leftovers
|turn|6
|leave|Ace Trainer Stark
|
|move|p1a: Keldeo-Resolute|Scald|p2a: Bath Time
|-resisted|p2a: Bath Time
|-damage|p2a: Bath Time|137\/303
|-status|p2a: Bath Time|brn
|move|p2a: Bath Time|Will-O-Wisp|p1a: Keldeo-Resolute
|-status|p1a: Keldeo-Resolute|brn
|
|-heal|p2a: Bath Time|155\/303 brn|[from] item: Leftovers
|-damage|p1a: Keldeo-Resolute|263\/323 brn|[from] brn
|-damage|p2a: Bath Time|118\/303 brn|[from] brn
|turn|7
|
|move|p1a: Keldeo-Resolute|Scald|p2a: Bath Time
|-resisted|p2a: Bath Time
|-damage|p2a: Bath Time|41\/303 brn
|move|p2a: Bath Time|Pain Split|p1a: Keldeo-Resolute
|-sethp|p1a: Keldeo-Resolute|152\/323 brn|p2a: Bath Time|152\/303 brn|[from] move: Pain Split
|
|-heal|p2a: Bath Time|170\/303 brn|[from] item: Leftovers
|-damage|p1a: Keldeo-Resolute|112\/323 brn|[from] brn
|-damage|p2a: Bath Time|133\/303 brn|[from] brn
|turn|8
|
|switch|p1a: Metagross|Metagross|302\/302
|-damage|p1a: Metagross|284\/302|[from] Stealth Rock
|move|p2a: Bath Time|Volt Switch|p1a: Metagross
|-damage|p1a: Metagross|182\/302
|join|Nuzz
|
|switch|p2a: Battle Armor|Skarmory, M|334\/334
|-damage|p2a: Battle Armor|293\/334|[from] Stealth Rock
|
|-heal|p2a: Battle Armor|313\/334|[from] item: Leftovers
|turn|9
|c|★Luka Pucko|like i already know i cant win
|c|★Luka Pucko|because all i needed was to kill gliscor
|c|★Luka Pucko|but nope
|c|★Ace-11|you still can
|
|switch|p1a: Bisharp|Bisharp, F|272\/272
|-damage|p1a: Bisharp|255\/272|[from] Stealth Rock
|move|p2a: Battle Armor|Spikes|p1a: Bisharp
|-sidestart|p1: Luka Pucko|Spikes
|
|-heal|p2a: Battle Armor|333\/334|[from] item: Leftovers
|turn|10
|
|switch|p2a: Bath Time|Rotom-Wash|133\/303 brn
|-damage|p2a: Bath Time|96\/303 brn|[from] Stealth Rock
|move|p1a: Bisharp|Swords Dance|p1a: Bisharp
|-boost|p1a: Bisharp|atk|2
|
|-heal|p2a: Bath Time|114\/303 brn|[from] item: Leftovers
|-damage|p2a: Bath Time|77\/303 brn|[from] brn
|turn|11
|
|move|p1a: Bisharp|Knock Off|p2a: Bath Time
|-damage|p2a: Bath Time|0 fnt
|-enditem|p2a: Bath Time|Leftovers|[from] move: Knock Off|[of] p1a: Bisharp
|-damage|p1a: Bisharp|228\/272|[from] item: Life Orb
|faint|p2a: Bath Time
|
|
|switch|p2a: MyLittleBitch|Keldeo-Resolute|324\/324
|-damage|p2a: MyLittleBitch|304\/324|[from] Stealth Rock
|turn|12
|leave|CRYING PANDA
|
|switch|p1a: Keldeo-Resolute|Keldeo-Resolute|112\/323 brn
|-damage|p1a: Keldeo-Resolute|92\/323 brn|[from] Stealth Rock
|-damage|p1a: Keldeo-Resolute|52\/323 brn|[from] Spikes
|move|p2a: MyLittleBitch|Secret Sword|p1a: Keldeo-Resolute
|-damage|p1a: Keldeo-Resolute|0 fnt
|faint|p1a: Keldeo-Resolute
|
|join|lkfgd
|
|switch|p1a: Dragonite|Dragonite, F|324\/324
|-damage|p1a: Dragonite|243\/324|[from] Stealth Rock
|turn|13
|c|★Luka Pucko|shit
|c|★Luka Pucko|even hp
|c|★Luka Pucko|im retarded
|
|switch|p2a: Kyle's BFF|Gliscor, F|267\/354 tox
|-damage|p2a: Kyle's BFF|223\/354 tox|[from] Stealth Rock
|move|p1a: Dragonite|Fire Punch|p2a: Kyle's BFF
|-damage|p2a: Kyle's BFF|113\/354 tox
|
|-heal|p2a: Kyle's BFF|157\/354 tox|[from] ability: Poison Heal
|turn|14
|
|switch|p1a: Thundurus|Thundurus, M|299\/299
|-damage|p1a: Thundurus|225\/299|[from] Stealth Rock
|move|p2a: Kyle's BFF|Toxic|p1a: Thundurus
|-status|p1a: Thundurus|tox
|
|-damage|p1a: Thundurus|207\/299 tox|[from] psn
|-heal|p2a: Kyle's BFF|201\/354 tox|[from] ability: Poison Heal
|turn|15
|
|move|p2a: Kyle's BFF|Protect|p2a: Kyle's BFF
|-singleturn|p2a: Kyle's BFF|Protect
|move|p1a: Thundurus|Hidden Power|p2a: Kyle's BFF
|-activate|p2a: Kyle's BFF|Protect
|
|-damage|p1a: Thundurus|171\/299 tox|[from] psn
|-heal|p2a: Kyle's BFF|245\/354 tox|[from] ability: Poison Heal
|turn|16
|
|switch|p2a: Swagnezone|Magnezone|325\/325
|-damage|p2a: Swagnezone|305\/325|[from] Stealth Rock
|move|p1a: Thundurus|Superpower|p2a: Swagnezone
|-supereffective|p2a: Swagnezone
|-damage|p2a: Swagnezone|63\/325
|-unboost|p1a: Thundurus|atk|1
|-unboost|p1a: Thundurus|def|1
|-damage|p1a: Thundurus|142\/299 tox|[from] item: Life Orb
|
|-damage|p1a: Thundurus|88\/299 tox|[from] psn
|turn|17
|join|NightISkye
|c|★Ace-11|good play
|c|★Luka Pucko|im tired of these lucky ass players
|join|Aphoenix
|
|move|p1a: Thundurus|Thunderbolt|p2a: Swagnezone
|-resisted|p2a: Swagnezone
|-damage|p2a: Swagnezone|0 fnt
|-damage|p1a: Thundurus|59\/299 tox|[from] item: Life Orb
|faint|p2a: Swagnezone
|
|-damage|p1a: Thundurus|0 fnt|[from] psn
|faint|p1a: Thundurus
|c|★Luka Pucko|like sigh
|c|★Ace-11|stfu i got 3rd round and u say ass
|join|MysteryTan
|c|★Luka Pucko|i mean
|
|switch|p2a: MyLittleBitch|Keldeo-Resolute|304\/324
|switch|p1a: Dragonite|Dragonite, F|243\/324
|-damage|p2a: MyLittleBitch|284\/324|[from] Stealth Rock
|-damage|p1a: Dragonite|162\/324|[from] Stealth Rock
|turn|18
|c|★Luka Pucko|i missed
|c|★Luka Pucko|fire blast
|c|★Luka Pucko|turn 3
|c|★Luka Pucko|which mattered so much
|c|★Luka Pucko|you dont even
|join|perropoya
|c|★Ace-11|it happens.what can i do about it?
|
|switch|p1a: Bisharp|Bisharp, F|228\/272
|-damage|p1a: Bisharp|211\/272|[from] Stealth Rock
|-damage|p1a: Bisharp|177\/272|[from] Spikes
|move|p2a: MyLittleBitch|Hidden Power|p1a: Bisharp
|-resisted|p1a: Bisharp
|-damage|p1a: Bisharp|120\/272
|
|turn|19
|join|snake 49
|c| bluri|you have used endeavor luka :D
|
|switch|p2a: Battle Armor|Skarmory, M|333\/334
|-damage|p2a: Battle Armor|292\/334|[from] Stealth Rock
|move|p1a: Bisharp|Swords Dance|p1a: Bisharp
|-boost|p1a: Bisharp|atk|2
|
|-heal|p2a: Battle Armor|312\/334|[from] item: Leftovers
|turn|20
|c|★Luka Pucko|fire blast wouldve killed ;_;
|c| bluri|endavoour would have done more damage then fire blast :X :D
|
|move|p1a: Bisharp|Knock Off|p2a: Battle Armor
|-damage|p2a: Battle Armor|69\/334
|-enditem|p2a: Battle Armor|Leftovers|[from] move: Knock Off|[of] p1a: Bisharp
|-damage|p1a: Bisharp|93\/272|[from] item: Life Orb
|move|p2a: Battle Armor|Spikes|p1a: Bisharp
|-sidestart|p1: Luka Pucko|Spikes
|
|turn|21
|c| Hyuhy|Blaze though
|c|★Luka Pucko|im losing to  a guy with hp ice keldeo
|c|★Luka Pucko|lmao
|
|move|p1a: Bisharp|Swords Dance|p1a: Bisharp
|-boost|p1a: Bisharp|atk|2
|move|p2a: Battle Armor|Brave Bird|p1a: Bisharp
|-resisted|p1a: Bisharp
|-damage|p1a: Bisharp|38\/272
|-damage|p2a: Battle Armor|51\/334|[from] recoil|[of] p1a: Bisharp
|
|turn|22
|join|Thunder631
|join|BiggerDaddy
|c|★Ace-11|whats wrong with hp ice keldeo?
|
|move|p1a: Bisharp|Knock Off|p2a: Battle Armor
|-damage|p2a: Battle Armor|0 fnt
|-damage|p1a: Bisharp|11\/272|[from] item: Life Orb
|faint|p2a: Battle Armor
|
|c|★Luka Pucko|icy wind is a thing
|c|★Luka Pucko|yknow
|join|javibmthebest
|c|★Ace-11|im scarfed keldeo
|c|★Luka Pucko|icy wind is still a thing
|leave|javibmthebest
|c|★Ace-11|i like powerful moves
|
|switch|p2a: MyLittleBitch|Keldeo-Resolute|284\/324
|-damage|p2a: MyLittleBitch|264\/324|[from] Stealth Rock
|turn|23
|c|★Luka Pucko|its 5 power
|c|★Luka Pucko|...
|
|move|p1a: Bisharp|Sucker Punch|p2a: MyLittleBitch
|-resisted|p2a: MyLittleBitch
|-damage|p2a: MyLittleBitch|0 fnt
|-damage|p1a: Bisharp|0 fnt|[from] item: Life Orb
|faint|p2a: MyLittleBitch
|faint|p1a: Bisharp
|
|c| QKIC|but hp ice is 100% acc
|c|★Luka Pucko|whats a resist
|c|★Ace-11|the power!
|c|★Luka Pucko|bg still
|
|switch|p1a: Metagross|Metagross|182\/302
|switch|p2a: Kyle's BFF|Gliscor, F|245\/354 tox
|-damage|p1a: Metagross|132\/302|[from] Spikes
|-damage|p1a: Metagross|114\/302|[from] Stealth Rock
|-damage|p2a: Kyle's BFF|201\/354 tox|[from] Stealth Rock
|turn|24
|join|Bloodz
|
|detailschange|p1a: Metagross|Metagross-Mega
|-mega|p1a: Metagross|Metagross|Metagrossite
|move|p1a: Metagross|Meteor Mash|p2a: Kyle's BFF
|-damage|p2a: Kyle's BFF|44\/354 tox
|move|p2a: Kyle's BFF|Earthquake|p1a: Metagross
|-supereffective|p1a: Metagross
|-damage|p1a: Metagross|0 fnt
|faint|p1a: Metagross
|
|-heal|p2a: Kyle's BFF|88\/354 tox|[from] ability: Poison Heal
|
|switch|p1a: Dragonite|Dragonite, F|162\/324
|-damage|p1a: Dragonite|81\/324|[from] Stealth Rock
|turn|25
|
|move|p1a: Dragonite|Fire Punch|p2a: Kyle's BFF
|-damage|p2a: Kyle's BFF|0 fnt
|faint|p2a: Kyle's BFF
|
|
|switch|p2a: Metagross|Metagross|302\/302
|-damage|p2a: Metagross|284\/302|[from] Stealth Rock
|turn|26
|c|★Ace-11|u want to win?then i have to miss
|c|★Luka Pucko|bg
|c|★Ace-11|its time for karma
|
|detailschange|p2a: Metagross|Metagross-Mega
|-mega|p2a: Metagross|Metagross|Metagrossite
|move|p1a: Dragonite|Fire Punch|p2a: Metagross
|-supereffective|p2a: Metagross
|-damage|p2a: Metagross|88\/302
|move|p2a: Metagross|Zen Headbutt|p1a: Dragonite
|-crit|p1a: Dragonite
|-damage|p1a: Dragonite|0 fnt
|faint|p1a: Dragonite
|
|win|Ace-11
|leave|Luka Pucko
|player|p1
|c|★Ace-11|crit
|leave|snake 49
|leave|Hyuhy
|leave|Ace-11
|player|p2
|c| NightISkye|lol
|leave|Aphoenix
|leave|lkfgd
|leave|Nuzz
|leave|perropoya
|leave|Silver Falco
|leave|NightISkye
|leave|Thunder631
|leave|Bloodz
|leave|bluri
|join|NightISkye
|leave|NightISkye
|leave|BiggerDaddy
|join|BWC