|join|LuantheLawnmower
|join|Ace-11
|player|p1|LuantheLawnmower|84
|player|p2|Ace-11|218
|gametype|singles
|gen|6
|tier|OU
|rated
|clearpoke
|poke|p1|Skarmory, F, shiny
|poke|p1|Bisharp, F, shiny
|poke|p1|Gengar, M
|poke|p1|Landorus, M
|poke|p1|Charizard, M
|poke|p1|Azumarill, F, shiny
|poke|p2|Politoed, M, shiny
|poke|p2|Swampert, M
|poke|p2|Vaporeon, F
|poke|p2|Magnezone
|poke|p2|Tornadus-Therian, M
|poke|p2|Ferrothorn, M
|rule|Swagger Clause: Swagger is banned
|rule|Baton Pass Clause: Limit one Pokémon knowing Baton Pass
|rule|Sleep Clause Mod: Limit one foe put to sleep
|rule|Species Clause: Limit one of each Pokémon
|rule|OHKO Clause: OHKO moves are banned
|rule|Moody Clause: Moody is banned
|rule|Evasion Moves Clause: Evasion moves are banned
|rule|Endless Battle Clause: Forcing endless battles is banned
|rule|HP Percentage Mod: HP is shown in percentages
|teampreview
|
|start
|switch|p1a: Skarmory|Skarmory, F, shiny|334\/334
|switch|p2a: Swagnezone|Magnezone|325\/325
|turn|1
|
|move|p1a: Skarmory|Stealth Rock|p2a: Swagnezone
|-sidestart|p2: Ace-11|move: Stealth Rock
|move|p2a: Swagnezone|Hidden Power|p1a: Skarmory
|-supereffective|p1a: Skarmory
|-activate|p1a: Skarmory|Sturdy
|-damage|p1a: Skarmory|1\/334
|
|turn|2
|
|move|p1a: Skarmory|Spikes|p2a: Swagnezone
|-sidestart|p2: Ace-11|Spikes
|move|p2a: Swagnezone|Hidden Power|p1a: Skarmory
|-supereffective|p1a: Skarmory
|-damage|p1a: Skarmory|0 fnt
|faint|p1a: Skarmory
|
|
|switch|p1a: Charizard|Charizard, M|297\/297
|turn|3
|
|switch|p2a: HavingFun|Vaporeon, F|464\/464
|-damage|p2a: HavingFun|406\/464|[from] Stealth Rock
|-damage|p2a: HavingFun|348\/464|[from] Spikes
|detailschange|p1a: Charizard|Charizard-Mega-X, M
|message|Charizard has Mega Evolved into Mega Charizard!
|move|p1a: Charizard|Dragon Dance|p1a: Charizard
|-boost|p1a: Charizard|atk|1
|-boost|p1a: Charizard|spe|1
|
|-heal|p2a: HavingFun|377\/464|[from] item: Leftovers
|turn|4
|
|move|p1a: Charizard|Dragon Claw|p2a: HavingFun
|-damage|p2a: HavingFun|0 fnt
|faint|p2a: HavingFun
|
|
|switch|p2a: Frogger|Politoed, M, shiny|384\/384
|-damage|p2a: Frogger|336\/384|[from] Spikes
|-damage|p2a: Frogger|288\/384|[from] Stealth Rock
|-weather|RainDance
|turn|5
|
|move|p1a: Charizard|Dragon Dance|p1a: Charizard
|-boost|p1a: Charizard|atk|1
|-boost|p1a: Charizard|spe|1
|move|p2a: Frogger|Scald|p1a: Charizard
|-damage|p1a: Charizard|156\/297
|
|-weather|RainDance|[upkeep]
|turn|6
|
|move|p1a: Charizard|Dragon Claw|p2a: Frogger
|-damage|p2a: Frogger|0 fnt
|faint|p2a: Frogger
|
|-weather|RainDance|[upkeep]
|
|switch|p2a: Swampert|Swampert, M|400\/400
|-damage|p2a: Swampert|350\/400|[from] Spikes
|-damage|p2a: Swampert|325\/400|[from] Stealth Rock
|turn|7
|
|detailschange|p2a: Swampert|Swampert-Mega, M
|message|Swampert has Mega Evolved into Mega Swampert!
|move|p1a: Charizard|Dragon Claw|p2a: Swampert
|-damage|p2a: Swampert|0 fnt
|faint|p2a: Swampert
|
|-weather|RainDance|[upkeep]
|-message|Ace-11 forfeited.
|
|win|LuantheLawnmower
|raw|Ladder updating...
|c|★LuantheLawnmower|bap
|leave|Ace-11
|player|p2
|raw|LuantheLawnmower's rating: 1461 &rarr; <strong>1483<\/strong><br \/>(+22 for winning)
|raw|Ace-11's rating: 1490 &rarr; <strong>1469<\/strong><br \/>(-21 for losing)