|join|Lol1z da Fuccboi
|join|SunnyORAS
|player|p1|Lol1z da Fuccboi|265
|player|p2|SunnyORAS|290
|gametype|singles
|gen|6
|tier|UU
|rated
|rule|Sleep Clause Mod: Limit one foe put to sleep
|rule|Species Clause: Limit one of each Pokémon
|rule|OHKO Clause: OHKO moves are banned
|rule|Moody Clause: Moody is banned
|rule|Evasion Moves Clause: Evasion moves are banned
|rule|Endless Battle Clause: Forcing endless battles is banned
|rule|HP Percentage Mod: HP is shown in percentages
|clearpoke
|poke|p1|Swampert, F
|poke|p1|Celebi
|poke|p1|Entei, shiny
|poke|p1|Forretress, M
|poke|p1|Mienshao, M
|poke|p1|Hydreigon, M
|poke|p2|Rotom-Heat
|poke|p2|Swampert, F
|poke|p2|Beedrill, M
|poke|p2|Florges, F
|poke|p2|Serperior, M
|poke|p2|Crobat, M
|rule|Swagger Clause: Swagger is banned
|rule|Baton Pass Clause: Limit one Pokémon knowing Baton Pass
|teampreview
|
|start
|switch|p1a: Swampert|Swampert, F|404\/404
|switch|p2a: Skippert|Swampert, F|404\/404
|turn|1
|
|move|p1a: Swampert|Stealth Rock|p2a: Skippert
|-sidestart|p2: SunnyORAS|move: Stealth Rock
|move|p2a: Skippert|Stealth Rock|p1a: Swampert
|-sidestart|p1: Lol1z da Fuccboi|move: Stealth Rock
|
|turn|2
|
|switch|p1a: Celebi|Celebi|404\/404
|-damage|p1a: Celebi|354\/404|[from] Stealth Rock
|move|p2a: Skippert|Scald|p1a: Celebi
|-resisted|p1a: Celebi
|-damage|p1a: Celebi|323\/404
|-status|p1a: Celebi|brn
|
|-heal|p1a: Celebi|348\/404 brn|[from] item: Leftovers
|-damage|p1a: Celebi|298\/404 brn|[from] brn
|turn|3
|
|switch|p2a: Shin|Beedrill, M|271\/271
|-damage|p2a: Shin|204\/271|[from] Stealth Rock
|move|p1a: Celebi|U-turn|p2a: Shin
|-resisted|p2a: Shin
|-damage|p2a: Shin|177\/271
|
|switch|p1a: Forretress|Forretress, M|354\/354
|-damage|p1a: Forretress|310\/354|[from] Stealth Rock
|
|-heal|p1a: Forretress|332\/354|[from] item: Leftovers
|turn|4
|
|detailschange|p2a: Shin|Beedrill-Mega, M
|-mega|p2a: Shin|Beedrill|Beedrillite
|move|p2a: Shin|U-turn|p1a: Forretress
|-resisted|p1a: Forretress
|-damage|p1a: Forretress|283\/354
|
|switch|p2a: Slytherin|Serperior, M|291\/291
|-damage|p2a: Slytherin|255\/291|[from] Stealth Rock
|move|p1a: Forretress|Spikes|p2a: Slytherin
|-sidestart|p2: SunnyORAS|Spikes
|
|-heal|p1a: Forretress|305\/354|[from] item: Leftovers
|turn|5
|
|switch|p1a: Celebi|Celebi|298\/404
|-damage|p1a: Celebi|248\/404|[from] Stealth Rock
|move|p2a: Slytherin|Leaf Storm|p1a: Celebi
|-resisted|p1a: Celebi
|-damage|p1a: Celebi|178\/404
|-boost|p2a: Slytherin|spa|2
|-damage|p2a: Slytherin|226\/291|[from] item: Life Orb
|
|-heal|p1a: Celebi|203\/404|[from] item: Leftovers
|turn|6
|
|move|p2a: Slytherin|Hidden Power|p1a: Celebi
|-supereffective|p1a: Celebi
|-damage|p1a: Celebi|18\/404
|-damage|p2a: Slytherin|197\/291|[from] item: Life Orb
|move|p1a: Celebi|U-turn|p2a: Slytherin
|-supereffective|p2a: Slytherin
|-damage|p2a: Slytherin|75\/291
|
|switch|p1a: Hydreigon|Hydreigon, M|325\/325
|-damage|p1a: Hydreigon|285\/325|[from] Stealth Rock
|
|turn|7
|
|switch|p2a: Jesus|Florges, F|360\/360
|-damage|p2a: Jesus|315\/360|[from] Stealth Rock
|-damage|p2a: Jesus|270\/360|[from] Spikes
|move|p1a: Hydreigon|U-turn|p2a: Jesus
|-resisted|p2a: Jesus
|-damage|p2a: Jesus|239\/360
|
|switch|p1a: Forretress|Forretress, M|305\/354
|-damage|p1a: Forretress|261\/354|[from] Stealth Rock
|
|-heal|p2a: Jesus|261\/360|[from] item: Leftovers
|-heal|p1a: Forretress|283\/354|[from] item: Leftovers
|turn|8
|
|switch|p2a: Ravenclaw|Crobat, M|323\/323
|-damage|p2a: Ravenclaw|243\/323|[from] Stealth Rock
|move|p1a: Forretress|Rapid Spin|p2a: Ravenclaw
|-damage|p2a: Ravenclaw|224\/323
|-sideend|p1: Lol1z da Fuccboi|Stealth Rock|[from] move: Rapid Spin|[of] p1a: Forretress
|
|-heal|p2a: Ravenclaw|244\/323|[from] item: Black Sludge
|-heal|p1a: Forretress|305\/354|[from] item: Leftovers
|turn|9
|
|move|p2a: Ravenclaw|Defog|p1a: Forretress
|-unboost|p1a: Forretress|evasion|1
|-sideend|p2: SunnyORAS|Spikes|[from] move: Defog|[of] p2a: Ravenclaw
|-sideend|p2: SunnyORAS|Stealth Rock|[from] move: Defog|[of] p2a: Ravenclaw
|move|p1a: Forretress|Volt Switch|p2a: Ravenclaw
|-supereffective|p2a: Ravenclaw
|-damage|p2a: Ravenclaw|164\/323
|
|switch|p1a: Entei|Entei, shiny|373\/373
|-ability|p1a: Entei|Pressure
|
|-heal|p2a: Ravenclaw|184\/323|[from] item: Black Sludge
|turn|10
|
|switch|p2a: Skippert|Swampert, F|404\/404
|move|p1a: Entei|Sacred Fire|p2a: Skippert
|-resisted|p2a: Skippert
|-damage|p2a: Skippert|308\/404
|
|-heal|p2a: Skippert|333\/404|[from] item: Leftovers
|turn|11
|
|move|p1a: Entei|Sacred Fire|p2a: Skippert
|-resisted|p2a: Skippert
|-damage|p2a: Skippert|236\/404
|move|p2a: Skippert|Scald|p1a: Entei
|-supereffective|p1a: Entei
|-damage|p1a: Entei|181\/373
|
|-heal|p2a: Skippert|261\/404|[from] item: Leftovers
|turn|12
|
|switch|p1a: Swampert|Swampert, F|404\/404
|move|p2a: Skippert|Earthquake|p1a: Swampert
|-damage|p1a: Swampert|269\/404
|
|-heal|p2a: Skippert|286\/404|[from] item: Leftovers
|-heal|p1a: Swampert|294\/404|[from] item: Leftovers
|turn|13
|
|move|p2a: Skippert|Scald|p1a: Swampert
|-damage|p1a: Swampert|228\/404
|-status|p1a: Swampert|brn
|move|p1a: Swampert|Stealth Rock|p2a: Skippert
|-sidestart|p2: SunnyORAS|move: Stealth Rock
|
|-heal|p1a: Swampert|253\/404 brn|[from] item: Leftovers
|-heal|p2a: Skippert|311\/404|[from] item: Leftovers
|-damage|p1a: Swampert|203\/404 brn|[from] brn
|turn|14
|
|move|p1a: Swampert|Scald|p2a: Skippert
|-damage|p2a: Skippert|214\/404
|move|p2a: Skippert|Earthquake|p1a: Swampert
|-damage|p1a: Swampert|74\/404 brn
|
|-heal|p1a: Swampert|99\/404 brn|[from] item: Leftovers
|-heal|p2a: Skippert|239\/404|[from] item: Leftovers
|-damage|p1a: Swampert|49\/404 brn|[from] brn
|turn|15
|
|switch|p1a: Hydreigon|Hydreigon, M|285\/325
|move|p2a: Skippert|Stealth Rock|p1a: Hydreigon
|-sidestart|p1: Lol1z da Fuccboi|move: Stealth Rock
|
|-heal|p2a: Skippert|264\/404|[from] item: Leftovers
|turn|16
|
|move|p2a: Skippert|Protect|p2a: Skippert
|-singleturn|p2a: Skippert|Protect
|move|p1a: Hydreigon|U-turn|p2a: Skippert
|-activate|p2a: Skippert|Protect
|
|-heal|p2a: Skippert|289\/404|[from] item: Leftovers
|turn|17
|
|move|p1a: Hydreigon|U-turn|p2a: Skippert
|-damage|p2a: Skippert|245\/404
|
|switch|p1a: Swampert|Swampert, F|49\/404 brn
|-damage|p1a: Swampert|24\/404 brn|[from] Stealth Rock
|move|p2a: Skippert|Scald|p1a: Swampert
|-damage|p1a: Swampert|0 fnt
|faint|p1a: Swampert
|
|-heal|p2a: Skippert|270\/404|[from] item: Leftovers
|
|switch|p1a: Mienshao|Mienshao, M|271\/271
|-damage|p1a: Mienshao|255\/271|[from] Stealth Rock
|turn|18
|
|move|p2a: Skippert|Protect|p2a: Skippert
|-singleturn|p2a: Skippert|Protect
|move|p1a: Mienshao|Fake Out|p2a: Skippert
|-activate|p2a: Skippert|Protect
|
|-heal|p2a: Skippert|295\/404|[from] item: Leftovers
|turn|19
|
|move|p2a: Skippert|Protect|p2a: Skippert
|-singleturn|p2a: Skippert|Protect
|move|p1a: Mienshao|High Jump Kick|p2a: Skippert
|-activate|p2a: Skippert|Protect
|-damage|p1a: Mienshao|120\/271|[from] highjumpkick
|
|-heal|p2a: Skippert|320\/404|[from] item: Leftovers
|turn|20
|c|★Lol1z da Fuccboi|hahahahahahaha
|c|★Lol1z da Fuccboi|really
|c|★SunnyORAS|yes
|c|★SunnyORAS|:x
|
|move|p1a: Mienshao|High Jump Kick|p2a: Skippert
|-damage|p2a: Skippert|102\/404
|-damage|p1a: Mienshao|93\/271|[from] item: Life Orb
|move|p2a: Skippert|Scald|p1a: Mienshao
|-damage|p1a: Mienshao|0 fnt
|faint|p1a: Mienshao
|
|-heal|p2a: Skippert|127\/404|[from] item: Leftovers
|
|switch|p1a: Hydreigon|Hydreigon, M|285\/325
|-damage|p1a: Hydreigon|245\/325|[from] Stealth Rock
|turn|21
|c|★SunnyORAS|hey I ain't got no hang ups
|c|★SunnyORAS|:P
|
|move|p2a: Skippert|Protect|p2a: Skippert
|-singleturn|p2a: Skippert|Protect
|move|p1a: Hydreigon|Draco Meteor|p2a: Skippert
|-activate|p2a: Skippert|Protect
|
|-heal|p2a: Skippert|152\/404|[from] item: Leftovers
|turn|22
|
|switch|p1a: Forretress|Forretress, M|305\/354
|-damage|p1a: Forretress|261\/354|[from] Stealth Rock
|move|p2a: Skippert|Scald|p1a: Forretress
|-damage|p1a: Forretress|141\/354
|
|-heal|p2a: Skippert|177\/404|[from] item: Leftovers
|-heal|p1a: Forretress|163\/354|[from] item: Leftovers
|turn|23
|
|move|p2a: Skippert|Scald|p1a: Forretress
|-damage|p1a: Forretress|37\/354
|-status|p1a: Forretress|brn
|move|p1a: Forretress|Spikes|p2a: Skippert
|-sidestart|p2: SunnyORAS|Spikes
|
|-heal|p2a: Skippert|202\/404|[from] item: Leftovers
|-heal|p1a: Forretress|59\/354 brn|[from] item: Leftovers
|-damage|p1a: Forretress|15\/354 brn|[from] brn
|turn|24
|
|move|p2a: Skippert|Scald|p1a: Forretress
|-damage|p1a: Forretress|0 fnt
|faint|p1a: Forretress
|
|-heal|p2a: Skippert|227\/404|[from] item: Leftovers
|
|switch|p1a: Hydreigon|Hydreigon, M|245\/325
|-damage|p1a: Hydreigon|205\/325|[from] Stealth Rock
|turn|25
|
|move|p2a: Skippert|Protect|p2a: Skippert
|-singleturn|p2a: Skippert|Protect
|move|p1a: Hydreigon|Draco Meteor|p2a: Skippert
|-activate|p2a: Skippert|Protect
|
|-heal|p2a: Skippert|252\/404|[from] item: Leftovers
|turn|26
|
|switch|p2a: Jesus|Florges, F|261\/360
|-damage|p2a: Jesus|216\/360|[from] Stealth Rock
|-damage|p2a: Jesus|171\/360|[from] Spikes
|move|p1a: Hydreigon|Draco Meteor|p2a: Jesus
|-immune|p2a: Jesus|[msg]
|
|-heal|p2a: Jesus|193\/360|[from] item: Leftovers
|turn|27
|c|★SunnyORAS|keke
|
|switch|p1a: Entei|Entei, shiny|181\/373
|-damage|p1a: Entei|88\/373|[from] Stealth Rock
|-ability|p1a: Entei|Pressure
|move|p2a: Jesus|Wish|p2a: Jesus
|
|-heal|p2a: Jesus|215\/360|[from] item: Leftovers
|turn|28
|c|★SunnyORAS|pert being godly
|
|move|p2a: Jesus|Protect|p2a: Jesus
|-singleturn|p2a: Jesus|Protect
|move|p1a: Entei|Sacred Fire|p2a: Jesus
|-activate|p2a: Jesus|Protect
|
|-heal|p2a: Jesus|360\/360|[from] move: Wish|[wisher] Jesus
|turn|29
|c|★SunnyORAS|now let
|c|★Lol1z da Fuccboi|pert getting lucky
|c|★Lol1z da Fuccboi|honestly
|c|★SunnyORAS|:\/
|c|★Lol1z da Fuccboi|sacred fire didn't burn
|c|★SunnyORAS|b-but
|c|★Lol1z da Fuccboi|double protect
|c|★SunnyORAS|true
|c|★SunnyORAS|I did lucky too
|c|★Lol1z da Fuccboi|even when you could have taken the hit
|
|switch|p2a: Skippert|Swampert, F|252\/404
|-damage|p2a: Skippert|227\/404|[from] Stealth Rock
|-damage|p2a: Skippert|177\/404|[from] Spikes
|move|p1a: Entei|Sacred Fire|p2a: Skippert
|-resisted|p2a: Skippert
|-damage|p2a: Skippert|67\/404
|-status|p2a: Skippert|brn
|
|-heal|p2a: Skippert|92\/404 brn|[from] item: Leftovers
|-damage|p2a: Skippert|42\/404 brn|[from] brn
|turn|30
|
|move|p1a: Entei|Sacred Fire|p2a: Skippert
|-resisted|p2a: Skippert
|-damage|p2a: Skippert|0 fnt
|faint|p2a: Skippert
|
|c|★Lol1z da Fuccboi|lol
|
|switch|p2a: Roll|Rotom-Heat|241\/241
|-damage|p2a: Roll|181\/241|[from] Stealth Rock
|turn|31
|c|★Lol1z da Fuccboi|been getting haxed all day
|c|★SunnyORAS|soz
|
|move|p2a: Roll|Volt Switch|p1a: Entei
|-damage|p1a: Entei|0 fnt
|faint|p1a: Entei
|-message|Lol1z da Fuccboi forfeited.
|
|win|SunnyORAS
|raw|Ladder updating...
|
|switch|p2a: Jesus|Florges, F|360\/360
|leave|Lol1z da Fuccboi
|player|p1
|raw|Lol1z da Fuccboi's rating: 1644 &rarr; <strong>1618<\/strong><br \/>(-26 for losing)
|raw|SunnyORAS's rating: 1554 &rarr; <strong>1579<\/strong><br \/>(+25 for winning)