|join|satsuki121
|join|Have.
|player|p1|satsuki121|116
|player|p2|Have.|291
|gametype|singles
|gen|6
|tier|UU
|rated
|rule|Sleep Clause Mod: Limit one foe put to sleep
|rule|Species Clause: Limit one of each Pokémon
|rule|OHKO Clause: OHKO moves are banned
|rule|Moody Clause: Moody is banned
|rule|Evasion Moves Clause: Evasion moves are banned
|rule|Endless Battle Clause: Forcing endless battles is banned
|rule|HP Percentage Mod: HP is shown in percentages
|clearpoke
|poke|p1|Raikou, shiny
|poke|p1|Arcanine, M
|poke|p1|Absol, F
|poke|p1|Celebi
|poke|p1|Lucario, M
|poke|p1|Flygon, F
|poke|p2|Salamence, M
|poke|p2|Jirachi
|poke|p2|Dugtrio, F
|poke|p2|Celebi
|poke|p2|Altaria, F
|poke|p2|Suicune
|rule|Swagger Clause: Swagger is banned
|rule|Baton Pass Clause: Limit one Pokémon knowing Baton Pass
|teampreview
|c|★Have.|hai
|
|start
|switch|p1a: Flygon|Flygon, F|301\/301
|switch|p2a: Altaria|Altaria, F|327\/327
|turn|1
|
|detailschange|p2a: Altaria|Altaria-Mega, F
|message|Altaria has Mega Evolved into Mega Altaria!
|move|p1a: Flygon|U-turn|p2a: Altaria
|-resisted|p2a: Altaria
|-damage|p2a: Altaria|293\/327
|
|switch|p1a: Arcanine|Arcanine, M|383\/383
|-ability|p1a: Arcanine|Intimidate|[of] p2a: Altaria
|-unboost|p2a: Altaria|atk|1
|move|p2a: Altaria|Hyper Voice|p1a: Arcanine
|-resisted|p1a: Arcanine
|-damage|p1a: Arcanine|264\/383
|
|turn|2
|
|move|p1a: Arcanine|Will-O-Wisp|p2a: Altaria|[miss]
|-miss|p1a: Arcanine|p2a: Altaria
|move|p2a: Altaria|Hyper Voice|p1a: Arcanine
|-resisted|p1a: Arcanine
|-damage|p1a: Arcanine|136\/383
|
|turn|3
|
|move|p1a: Arcanine|Morning Sun|p1a: Arcanine
|-heal|p1a: Arcanine|327\/383
|move|p2a: Altaria|Draco Meteor|p1a: Arcanine
|-damage|p1a: Arcanine|39\/383
|-unboost|p2a: Altaria|spa|2
|
|turn|4
|
|switch|p2a: Dugtrio|Dugtrio, F|212\/212
|move|p1a: Arcanine|Morning Sun|p1a: Arcanine
|-heal|p1a: Arcanine|230\/383
|
|turn|5
|
|move|p2a: Dugtrio|Earthquake|p1a: Arcanine
|-supereffective|p1a: Arcanine
|-damage|p1a: Arcanine|0 fnt
|faint|p1a: Arcanine
|
|
|switch|p1a: Celebi|Celebi|404\/404
|turn|6
|
|switch|p2a: Altaria|Altaria-Mega, F|293\/327
|move|p1a: Celebi|Stealth Rock|p2a: Altaria
|-sidestart|p2: Have.|move: Stealth Rock
|
|turn|7
|
|move|p1a: Celebi|Perish Song|p1a: Celebi
|-fieldactivate|move: Perish Song
|move|p2a: Altaria|Hyper Voice|p1a: Celebi
|-damage|p1a: Celebi|250\/404
|
|-start|p1a: Celebi|perish3
|-start|p2a: Altaria|perish3
|-heal|p1a: Celebi|275\/404|[from] item: Leftovers
|turn|8
|
|move|p1a: Celebi|Recover|p1a: Celebi
|-heal|p1a: Celebi|404\/404
|move|p2a: Altaria|Fire Blast|p1a: Celebi
|-supereffective|p1a: Celebi
|-damage|p1a: Celebi|222\/404
|
|-start|p1a: Celebi|perish2
|-start|p2a: Altaria|perish2
|-heal|p1a: Celebi|247\/404|[from] item: Leftovers
|turn|9
|
|switch|p2a: Dugtrio|Dugtrio, F|212\/212
|-damage|p2a: Dugtrio|199\/212|[from] Stealth Rock
|move|p1a: Celebi|Recover|p1a: Celebi
|-heal|p1a: Celebi|404\/404
|
|-start|p1a: Celebi|perish1
|turn|10
|
|switch|p2a: Celebi|Celebi|396\/396
|-damage|p2a: Celebi|347\/396|[from] Stealth Rock
|move|p1a: Celebi|U-turn|p2a: Celebi
|-supereffective|p2a: Celebi
|-damage|p2a: Celebi|143\/396
|
|switch|p1a: Flygon|Flygon, F|301\/301
|
|-heal|p2a: Celebi|167\/396|[from] item: Leftovers
|turn|11
|c|★Have.|good play
|
|switch|p2a: Suicune|Suicune|404\/404
|-damage|p2a: Suicune|354\/404|[from] Stealth Rock
|-ability|p2a: Suicune|Pressure
|move|p1a: Flygon|U-turn|p2a: Suicune
|-damage|p2a: Suicune|301\/404
|
|switch|p1a: Raikou|Raikou, shiny|321\/321
|-ability|p1a: Raikou|Pressure
|
|-heal|p2a: Suicune|326\/404|[from] item: Leftovers
|turn|12
|
|switch|p1a: Celebi|Celebi|404\/404
|switch|p2a: Jirachi|Jirachi|341\/341
|-damage|p2a: Jirachi|320\/341|[from] Stealth Rock
|
|turn|13
|
|move|p2a: Jirachi|Trick|p1a: Celebi
|-activate|p2a: Jirachi|move: Trick|[of] p1a: Celebi
|-item|p1a: Celebi|Choice Scarf|[from] move: Trick
|-item|p2a: Jirachi|Leftovers|[from] move: Trick
|move|p1a: Celebi|U-turn|p2a: Jirachi
|-crit|p2a: Jirachi
|-damage|p2a: Jirachi|231\/341
|
|switch|p1a: Absol|Absol, F|271\/271
|
|-heal|p2a: Jirachi|252\/341|[from] item: Leftovers
|turn|14
|
|detailschange|p1a: Absol|Absol-Mega, F
|message|Absol has Mega Evolved into Mega Absol!
|move|p2a: Jirachi|U-turn|p1a: Absol
|-supereffective|p1a: Absol
|-damage|p1a: Absol|71\/271
|
|switch|p2a: Suicune|Suicune|326\/404
|-damage|p2a: Suicune|276\/404|[from] Stealth Rock
|-ability|p2a: Suicune|Pressure
|move|p1a: Absol|Knock Off|p2a: Suicune
|-damage|p2a: Suicune|158\/404
|-enditem|p2a: Suicune|Leftovers|[from] move: Knock Off|[of] p1a: Absol
|
|turn|15
|
|switch|p1a: Raikou|Raikou, shiny|321\/321
|-ability|p1a: Raikou|Pressure
|move|p2a: Suicune|Scald|p1a: Raikou
|-damage|p1a: Raikou|230\/321
|-status|p1a: Raikou|brn
|
|-damage|p1a: Raikou|190\/321 brn|[from] brn
|turn|16
|
|switch|p2a: Dugtrio|Dugtrio, F|199\/212
|-damage|p2a: Dugtrio|186\/212|[from] Stealth Rock
|move|p1a: Raikou|Hidden Power|p2a: Dugtrio
|-supereffective|p2a: Dugtrio
|-damage|p2a: Dugtrio|0 fnt
|faint|p2a: Dugtrio
|
|-damage|p1a: Raikou|150\/321 brn|[from] brn
|c|★Have.|yeah
|c|★Have.|that was pretty obvi
|c|★Have.|haha
|
|switch|p2a: Jirachi|Jirachi|252\/341
|-damage|p2a: Jirachi|231\/341|[from] Stealth Rock
|turn|17
|
|switch|p1a: Celebi|Celebi|404\/404
|move|p2a: Jirachi|U-turn|p1a: Celebi
|-supereffective|p1a: Celebi
|-damage|p1a: Celebi|148\/404
|
|switch|p2a: Altaria|Altaria-Mega, F|293\/327
|-damage|p2a: Altaria|253\/327|[from] Stealth Rock
|
|turn|18
|
|move|p1a: Celebi|Perish Song|p1a: Celebi
|-fieldactivate|move: Perish Song
|move|p2a: Altaria|Hyper Voice|p1a: Celebi
|-damage|p1a: Celebi|13\/404
|
|-start|p1a: Celebi|perish3
|-start|p2a: Altaria|perish3
|turn|19
|
|switch|p2a: Salamence|Salamence, M|393\/393
|-damage|p2a: Salamence|295\/393|[from] Stealth Rock
|-ability|p2a: Salamence|Intimidate|[of] p1a: Celebi
|-unboost|p1a: Celebi|atk|1
|move|p1a: Celebi|Perish Song|p1a: Celebi
|-fieldactivate|move: Perish Song
|
|-start|p1a: Celebi|perish2
|-start|p2a: Salamence|perish3
|-heal|p2a: Salamence|319\/393|[from] item: Leftovers
|turn|20
|
|move|p1a: Celebi|Perish Song|p1a: Celebi
|-fail|p1a: Celebi
|move|p2a: Salamence|Dragon Claw|p1a: Celebi
|-damage|p1a: Celebi|0 fnt
|faint|p1a: Celebi
|
|-start|p2a: Salamence|perish2
|-heal|p2a: Salamence|343\/393|[from] item: Leftovers
|
|switch|p1a: Raikou|Raikou, shiny|150\/321 brn
|-ability|p1a: Raikou|Pressure
|turn|21
|
|move|p1a: Raikou|Volt Switch|p2a: Salamence
|-damage|p2a: Salamence|168\/393
|
|switch|p1a: Flygon|Flygon, F|301\/301
|move|p2a: Salamence|Dragon Claw|p1a: Flygon
|-supereffective|p1a: Flygon
|-damage|p1a: Flygon|1\/301
|
|-start|p2a: Salamence|perish1
|-heal|p2a: Salamence|192\/393|[from] item: Leftovers
|turn|22
|
|move|p1a: Flygon|Earthquake|p2a: Salamence
|-immune|p2a: Salamence|[msg]
|move|p2a: Salamence|Dragon Claw|p1a: Flygon
|-supereffective|p1a: Flygon
|-damage|p1a: Flygon|0 fnt
|faint|p1a: Flygon
|
|-start|p2a: Salamence|perish0
|faint|p2a: Salamence
|
|switch|p1a: Lucario|Lucario, M|281\/281
|switch|p2a: Altaria|Altaria-Mega, F|253\/327
|-damage|p2a: Altaria|213\/327|[from] Stealth Rock
|turn|23
|
|move|p1a: Lucario|Flash Cannon|p2a: Altaria
|-supereffective|p2a: Altaria
|-damage|p2a: Altaria|0 fnt
|-damage|p1a: Lucario|253\/281|[from] item: Life Orb
|faint|p2a: Altaria
|
|
|switch|p2a: Celebi|Celebi|167\/396
|-damage|p2a: Celebi|118\/396|[from] Stealth Rock
|turn|24
|
|move|p1a: Lucario|Flash Cannon|p2a: Celebi
|-damage|p2a: Celebi|0 fnt
|-damage|p1a: Lucario|225\/281|[from] item: Life Orb
|faint|p2a: Celebi
|
|
|switch|p2a: Suicune|Suicune|158\/404
|-damage|p2a: Suicune|108\/404|[from] Stealth Rock
|-ability|p2a: Suicune|Pressure
|turn|25
|
|move|p1a: Lucario|Aura Sphere|p2a: Suicune
|-damage|p2a: Suicune|0 fnt
|-damage|p1a: Lucario|197\/281|[from] item: Life Orb
|faint|p2a: Suicune
|
|c|★Have.|gg
|
|switch|p2a: Jirachi|Jirachi|231\/341
|-damage|p2a: Jirachi|210\/341|[from] Stealth Rock
|turn|26
|c|★satsuki121|gg
|
|move|p2a: Jirachi|Iron Head|p1a: Lucario
|-resisted|p1a: Lucario
|-damage|p1a: Lucario|119\/281
|-boost|p1a: Lucario|spe|1|[from] ability: Steadfast
|cant|p1a: Lucario|flinch
|
|-heal|p2a: Jirachi|231\/341|[from] item: Leftovers
|turn|27
|
|move|p1a: Lucario|Aura Sphere|p2a: Jirachi
|-damage|p2a: Jirachi|71\/341
|-damage|p1a: Lucario|91\/281|[from] item: Life Orb
|move|p2a: Jirachi|Iron Head|p1a: Lucario
|-resisted|p1a: Lucario
|-damage|p1a: Lucario|10\/281
|
|-heal|p2a: Jirachi|92\/341|[from] item: Leftovers
|turn|28
|
|move|p1a: Lucario|Aura Sphere|p2a: Jirachi
|-damage|p2a: Jirachi|0 fnt
|-damage|p1a: Lucario|0 fnt|[from] item: Life Orb
|faint|p2a: Jirachi
|faint|p1a: Lucario
|
|win|satsuki121
|raw|Ladder updating...
|raw|satsuki121's rating: 1489 &rarr; <strong>1502<\/strong><br \/>(+13 for winning)
|raw|Have.'s rating: 1357 &rarr; <strong>1345<\/strong><br \/>(-12 for losing)
|leave|Have.
|player|p2