|join|Pika BOOOM
|join|nekokid
|player|p1|Pika BOOOM|23
|player|p2|nekokid|50
|gametype|singles
|gen|6
|tier|OU
|rated
|clearpoke
|poke|p1|Scizor, F
|poke|p1|Magnezone
|poke|p1|Landorus-Therian, M
|poke|p1|Rotom-Wash
|poke|p1|Garchomp, M
|poke|p1|Greninja, M
|poke|p2|Keldeo-Resolute
|poke|p2|Mew, shiny
|poke|p2|Metagross, shiny
|poke|p2|Gengar, F, shiny
|poke|p2|Clefable, F, shiny
|poke|p2|Zapdos
|rule|Swagger Clause: Swagger is banned
|rule|Baton Pass Clause: Limit one Pokémon knowing Baton Pass
|rule|Sleep Clause Mod: Limit one foe put to sleep
|rule|Species Clause: Limit one of each Pokémon
|rule|OHKO Clause: OHKO moves are banned
|rule|Moody Clause: Moody is banned
|rule|Evasion Moves Clause: Evasion moves are banned
|rule|Endless Battle Clause: Forcing endless battles is banned
|rule|HP Percentage Mod: HP is shown in percentages
|teampreview
|
|start
|switch|p1a: Garchomp|Garchomp, M|358\/358
|switch|p2a: Mr. Whiskers|Mew, shiny|404\/404
|turn|1
|
|move|p1a: Garchomp|Substitute|p1a: Garchomp
|-start|p1a: Garchomp|Substitute
|-damage|p1a: Garchomp|269\/358
|move|p2a: Mr. Whiskers|Will-O-Wisp|p1a: Garchomp
|
|-heal|p1a: Garchomp|291\/358|[from] item: Leftovers
|turn|2
|
|move|p1a: Garchomp|Swords Dance|p1a: Garchomp
|-boost|p1a: Garchomp|atk|2
|move|p2a: Mr. Whiskers|Knock Off|p1a: Garchomp
|-activate|p1a: Garchomp|Substitute|[damage]
|
|-heal|p1a: Garchomp|313\/358|[from] item: Leftovers
|turn|3
|
|move|p1a: Garchomp|Swords Dance|p1a: Garchomp
|-boost|p1a: Garchomp|atk|2
|move|p2a: Mr. Whiskers|Knock Off|p1a: Garchomp
|-end|p1a: Garchomp|Substitute
|
|-heal|p1a: Garchomp|335\/358|[from] item: Leftovers
|turn|4
|
|switch|p2a: Ariel|Clefable, F, shiny|394\/394
|move|p1a: Garchomp|Substitute|p1a: Garchomp
|-start|p1a: Garchomp|Substitute
|-damage|p1a: Garchomp|246\/358
|
|-heal|p1a: Garchomp|268\/358|[from] item: Leftovers
|turn|5
|
|move|p1a: Garchomp|Earthquake|p2a: Ariel
|-damage|p2a: Ariel|0 fnt
|faint|p2a: Ariel
|
|-heal|p1a: Garchomp|290\/358|[from] item: Leftovers
|
|switch|p2a: Elektra|Gengar, F, shiny|262\/262
|turn|6
|
|move|p2a: Elektra|Shadow Ball|p1a: Garchomp
|-end|p1a: Garchomp|Substitute
|-damage|p2a: Elektra|236\/262|[from] item: Life Orb
|move|p1a: Garchomp|Dragon Claw|p2a: Elektra
|-damage|p2a: Elektra|0 fnt
|faint|p2a: Elektra
|
|-heal|p1a: Garchomp|312\/358|[from] item: Leftovers
|
|switch|p2a: Rarity|Keldeo-Resolute|323\/323
|turn|7
|
|switch|p1a: Rotom-Wash|Rotom-Wash|304\/304
|move|p2a: Rarity|Icy Wind|p1a: Rotom-Wash
|-resisted|p1a: Rotom-Wash
|-damage|p1a: Rotom-Wash|270\/304
|-unboost|p1a: Rotom-Wash|spe|1
|
|-heal|p1a: Rotom-Wash|289\/304|[from] item: Leftovers
|turn|8
|
|switch|p2a: Vos|Zapdos|384\/384
|-ability|p2a: Vos|Pressure
|move|p1a: Rotom-Wash|Volt Switch|p2a: Vos
|-damage|p2a: Vos|291\/384
|
|switch|p1a: Garchomp|Garchomp, M|312\/358
|
|-heal|p1a: Garchomp|334\/358|[from] item: Leftovers
|-heal|p2a: Vos|315\/384|[from] item: Leftovers
|turn|9
|leave|nekokid
|player|p2
|-message|nekokid lost due to inactivity.
|
|win|Pika BOOOM
|raw|Ladder updating...
|raw|Pika BOOOM's rating: 1586 &rarr; <strong>1598<\/strong><br \/>(+12 for winning)
|raw|nekokid's rating: 1448 &rarr; <strong>1436<\/strong><br \/>(-12 for losing)