|join|GrimoireGod
|join|Thompson129
|player|p1|GrimoireGod|128
|player|p2|Thompson129|265
|gametype|singles
|gen|6
|tier|OU
|clearpoke
|poke|p1|Medicham, M
|poke|p1|Tornadus-Therian, M
|poke|p1|Rotom-Wash
|poke|p1|Latias, F
|poke|p1|Excadrill, M
|poke|p1|Weavile, F
|poke|p2|Gyarados, F
|poke|p2|Raikou
|poke|p2|Heatran, F
|poke|p2|Clefable, F
|poke|p2|Chesnaught, F
|poke|p2|Latias, F
|rule|Swagger Clause: Swagger is banned
|rule|Baton Pass Clause: Limit one Pokémon knowing Baton Pass
|rule|Sleep Clause Mod: Limit one foe put to sleep
|rule|Species Clause: Limit one of each Pokémon
|rule|OHKO Clause: OHKO moves are banned
|rule|Moody Clause: Moody is banned
|rule|Evasion Moves Clause: Evasion moves are banned
|rule|Endless Battle Clause: Forcing endless battles is banned
|rule|HP Percentage Mod: HP is shown in percentages
|teampreview
|c|★Thompson129|dit team is nice
|c|★Thompson129|ik snap niet waarom raikou nog steeds UU is
|
|start
|switch|p1a: Medicham|Medicham, M|261\/261
|switch|p2a: Raikou|Raikou|321\/321
|-ability|p2a: Raikou|Pressure
|turn|1
|c|★GrimoireGod|het zou ou worden
|c|★GrimoireGod|maar toen kwam de crash
|c|★Thompson129|oh rip
|
|detailschange|p1a: Medicham|Medicham-Mega, M
|-mega|p1a: Medicham|Medicham|Medichamite
|move|p2a: Raikou|Volt Switch|p1a: Medicham
|-damage|p1a: Medicham|126\/261
|c|★GrimoireGod|git nuked
|c|★Thompson129|| Raikou             |  3.70924% |
|c|★GrimoireGod|not bad
|
|switch|p2a: Chesnaught|Chesnaught, F|380\/380
|move|p1a: Medicham|High Jump Kick|p2a: Chesnaught
|-damage|p2a: Chesnaught|133\/380
|
|-heal|p2a: Chesnaught|156\/380|[from] item: Leftovers
|turn|2
|c|★Thompson129|das genoeg om door te gaan door usage toch?
|
|move|p1a: Medicham|Zen Headbutt|p2a: Chesnaught
|-supereffective|p2a: Chesnaught
|-damage|p2a: Chesnaught|0 fnt
|faint|p2a: Chesnaught
|
|c|★GrimoireGod|denk het
|c|★Thompson129|fuck
|c|★Thompson129|ik blufte de spikey shield lol
|c|★GrimoireGod|hue
|
|switch|p2a: Raikou|Raikou|321\/321
|-ability|p2a: Raikou|Pressure
|turn|3
|
|switch|p1a: Excadrill|Excadrill, M|361\/361
|move|p2a: Raikou|Shadow Ball|p1a: Excadrill
|-damage|p1a: Excadrill|236\/361
|
|turn|4
|c|★GrimoireGod|wauw xD
|c|★Thompson129|dat deed niks lol
|
|switch|p2a: Latias|Latias, F|319\/319
|move|p1a: Excadrill|Iron Head|p2a: Latias
|-damage|p2a: Latias|76\/319
|-damage|p1a: Excadrill|200\/361|[from] item: Life Orb
|
|turn|5
|c|★GrimoireGod|mooie excadrill counters btw
|c|★GrimoireGod|hue
|c|★Thompson129|ffs
|c|★GrimoireGod|ches was een counter
|c|★GrimoireGod|was
|
|switch|p2a: Gyarados|Gyarados, F|361\/361
|-ability|p2a: Gyarados|Intimidate|[of] p1a: Excadrill
|-unboost|p1a: Excadrill|atk|1
|switch|p1a: Tornadus-Therian|Tornadus-Therian, M|331\/331
|
|turn|6
|c|★Thompson129|rip ches
|
|detailschange|p2a: Gyarados|Gyarados-Mega, F
|-mega|p2a: Gyarados|Gyarados|Gyaradosite
|-ability|p2a: Gyarados|Mold Breaker
|move|p1a: Tornadus-Therian|U-turn|p2a: Gyarados
|-supereffective|p2a: Gyarados
|-damage|p2a: Gyarados|271\/361
|
|switch|p1a: Rotom-Wash|Rotom-Wash|303\/303
|move|p2a: Gyarados|Dragon Dance|p2a: Gyarados
|-boost|p2a: Gyarados|atk|1
|-boost|p2a: Gyarados|spe|1
|
|turn|7
|c|★Thompson129|en wat denk je
|c|★Thompson129|ik heb geen eq
|c|★Thompson129|;-;
|c|★GrimoireGod|huehue
|c|★Thompson129|fuck
|c|★Thompson129|Crunch is geen ohko
|c|★GrimoireGod|lol
|
|switch|p2a: Heatran|Heatran, F|323\/323
|move|p1a: Rotom-Wash|Volt Switch|p2a: Heatran
|-damage|p2a: Heatran|242\/323
|
|switch|p1a: Medicham|Medicham-Mega, M|126\/261
|
|turn|8
|c|★GrimoireGod|rip
|
|switch|p1a: Rotom-Wash|Rotom-Wash|303\/303
|move|p2a: Heatran|Overheat|p1a: Rotom-Wash
|-resisted|p1a: Rotom-Wash
|-damage|p1a: Rotom-Wash|174\/303
|-unboost|p2a: Heatran|spa|2
|
|-heal|p1a: Rotom-Wash|192\/303|[from] item: Leftovers
|turn|9
|c|★GrimoireGod|power
|
|switch|p2a: Raikou|Raikou|321\/321
|-ability|p2a: Raikou|Pressure
|move|p1a: Rotom-Wash|Thunder Wave|p2a: Raikou
|-fail|p2a: Raikou
|
|-heal|p1a: Rotom-Wash|210\/303|[from] item: Leftovers
|turn|10
|c|★Thompson129|yup
|c|★Thompson129|t-wave
|c|★GrimoireGod|hehe
|c|★Thompson129|niet common lol
|c|★GrimoireGod|dual status
|c|★Thompson129|wisp en t-wave
|c|★Thompson129|nice
|c|★GrimoireGod|heb toch een moveslot over
|
|move|p2a: Raikou|Volt Switch|p1a: Rotom-Wash
|-damage|p1a: Rotom-Wash|105\/303
|
|switch|p2a: Clefable|Clefable, F|393\/393
|move|p1a: Rotom-Wash|Volt Switch|p2a: Clefable
|-damage|p2a: Clefable|297\/393
|
|switch|p1a: Excadrill|Excadrill, M|200\/361
|
|-heal|p2a: Clefable|321\/393|[from] item: Leftovers
|turn|11
|c|★Thompson129|ffs
|
|switch|p2a: Gyarados|Gyarados-Mega, F|271\/361
|-ability|p2a: Gyarados|Mold Breaker
|move|p1a: Excadrill|Iron Head|p2a: Gyarados
|-resisted|p2a: Gyarados
|-damage|p2a: Gyarados|175\/361
|-damage|p1a: Excadrill|164\/361|[from] item: Life Orb
|
|turn|12
|c|★GrimoireGod|cancel button pls
|c|★Thompson129|wat wilde je doen dan
|c|★GrimoireGod|EQ
|c|★Thompson129|shit
|
|switch|p2a: Latias|Latias, F|76\/319
|move|p1a: Excadrill|Sandstorm|p1a: Excadrill
|-weather|Sandstorm
|
|-weather|Sandstorm|[upkeep]
|-damage|p2a: Latias|57\/319|[from] sandstorm
|turn|13
|c|★GrimoireGod|gud gud
|c|★Thompson129|ffs
|
|move|p1a: Excadrill|Iron Head|p2a: Latias
|-damage|p2a: Latias|0 fnt
|-damage|p1a: Excadrill|128\/361|[from] item: Life Orb
|faint|p2a: Latias
|
|-weather|Sandstorm|[upkeep]
|c|★Thompson129|ik chockte bij chesnaught lol
|c|★GrimoireGod|yep
|c|★Thompson129|dat koste me de match
|c|★Thompson129|*kostte
|
|switch|p2a: Clefable|Clefable, F|321\/393
|turn|14
|
|move|p1a: Excadrill|Iron Head|p2a: Clefable
|-crit|p2a: Clefable
|-supereffective|p2a: Clefable
|-damage|p2a: Clefable|0 fnt
|-damage|p1a: Excadrill|92\/361|[from] item: Life Orb
|faint|p2a: Clefable
|
|-weather|Sandstorm|[upkeep]
|c|★Thompson129|kill yoself with laif orb
|
|switch|p2a: Heatran|Heatran, F|242\/323
|turn|15
|
|move|p1a: Excadrill|Earthquake|p2a: Heatran
|-supereffective|p2a: Heatran
|-damage|p2a: Heatran|0 fnt
|-damage|p1a: Excadrill|56\/361|[from] item: Life Orb
|faint|p2a: Heatran
|
|-weather|Sandstorm|[upkeep]
|
|switch|p2a: Raikou|Raikou|321\/321
|-ability|p2a: Raikou|Pressure
|turn|16
|c|★Thompson129|shit
|c|★Thompson129|gg lol
|
|move|p1a: Excadrill|Earthquake|p2a: Raikou
|-supereffective|p2a: Raikou
|-damage|p2a: Raikou|0 fnt
|-damage|p1a: Excadrill|20\/361|[from] item: Life Orb
|faint|p2a: Raikou
|
|-weather|none
|c|★GrimoireGod|gg xD
|
|switch|p2a: Gyarados|Gyarados-Mega, F|175\/361
|-ability|p2a: Gyarados|Mold Breaker
|turn|17
|c|★GrimoireGod|geslaagde set I guess
|
|move|p1a: Excadrill|Earthquake|p2a: Gyarados
|-crit|p2a: Gyarados
|-damage|p2a: Gyarados|0 fnt
|-damage|p1a: Excadrill|0 fnt|[from] item: Life Orb
|faint|p2a: Gyarados
|faint|p1a: Excadrill
|
|win|GrimoireGod
|c|★Thompson129|yea