|join|CoolStoryBrobat
|join|Donphantastic
|player|p1|CoolStoryBrobat|#coolstorybrobat
|player|p2|Donphantastic|290
|gametype|singles
|gen|6
|tier|UU
|rated
|rule|Sleep Clause Mod: Limit one foe put to sleep
|rule|Species Clause: Limit one of each Pokémon
|rule|OHKO Clause: OHKO moves are banned
|rule|Moody Clause: Moody is banned
|rule|Evasion Moves Clause: Evasion moves are banned
|rule|Endless Battle Clause: Forcing endless battles is banned
|rule|HP Percentage Mod: HP is shown in percentages
|clearpoke
|poke|p1|Cobalion
|poke|p1|Krookodile, M
|poke|p1|Aerodactyl, M
|poke|p1|Chesnaught, M
|poke|p1|Starmie
|poke|p1|Aromatisse, M
|poke|p2|Honchkrow, F
|poke|p2|Mienshao, F
|poke|p2|Victini
|poke|p2|Shaymin
|poke|p2|Crobat, F
|poke|p2|Jirachi
|rule|Swagger Clause: Swagger is banned
|rule|Baton Pass Clause: Limit one Pokémon knowing Baton Pass
|teampreview
|c|★Donphantastic|why do I have to play a good player
|c|★Donphantastic|im already on tilt
|c|★Donphantastic|:[
|c|★CoolStoryBrobat|Yeah so am I
|c|★Donphantastic|alsoo gl brobat
|c|★CoolStoryBrobat|Meaning
|c|★Donphantastic|the battle of tilts
|c|★CoolStoryBrobat|I'm going to be playing with a lot of determination to kill you
|
|start
|switch|p1a: Starmie|Starmie|261\/261
|switch|p2a: Mienshao|Mienshao, F|271\/271
|turn|1
|c|★Donphantastic|lol
|
|switch|p1a: Aromatisse|Aromatisse, M|406\/406
|move|p2a: Mienshao|U-turn|p1a: Aromatisse
|-resisted|p1a: Aromatisse
|-damage|p1a: Aromatisse|372\/406
|
|switch|p2a: Jirachi|Jirachi|404\/404
|
|-heal|p1a: Aromatisse|397\/406|[from] item: Leftovers
|turn|2
|
|switch|p1a: Starmie|Starmie|261\/261
|move|p2a: Jirachi|Stealth Rock|p1a: Starmie
|-sidestart|p1: CoolStoryBrobat|move: Stealth Rock
|
|turn|3
|
|move|p1a: Starmie|Hydro Pump|p2a: Jirachi|[miss]
|-miss|p1a: Starmie|p2a: Jirachi
|move|p2a: Jirachi|U-turn|p1a: Starmie
|-supereffective|p1a: Starmie
|-damage|p1a: Starmie|141\/261
|join|Dudeman130498
|c|★Donphantastic|Sowwy
|c|★Donphantastic|:[
|join|brobat is my slave
|c|★CoolStoryBrobat|Lot of determination to kill you
|join|aimersnipe
|c|★Donphantastic|but I am spdef so not sure how much would do
|c| aimersnipe|brobat i plan on sniping u
|c| aimersnipe|i need elo
|
|switch|p2a: Mienshao|Mienshao, F|271\/271
|
|turn|4
|join|specs umbreon
|c| brobat is my slave|elo?
|
|switch|p1a: Aromatisse|Aromatisse, M|397\/406
|-damage|p1a: Aromatisse|347\/406|[from] Stealth Rock
|move|p2a: Mienshao|U-turn|p1a: Aromatisse
|-resisted|p1a: Aromatisse
|-damage|p1a: Aromatisse|314\/406
|
|switch|p2a: Victini|Victini|341\/341
|
|-heal|p1a: Aromatisse|339\/406|[from] item: Leftovers
|turn|5
|
|move|p1a: Aromatisse|Protect|p1a: Aromatisse
|-singleturn|p1a: Aromatisse|Protect
|move|p2a: Victini|V-create|p1a: Aromatisse
|-activate|p1a: Aromatisse|Protect
|
|-heal|p1a: Aromatisse|364\/406|[from] item: Leftovers
|turn|6
|join|BenzMafia
|
|switch|p2a: Mienshao|Mienshao, F|271\/271
|switch|p1a: Aerodactyl|Aerodactyl, M|331\/331
|-damage|p1a: Aerodactyl|249\/331|[from] Stealth Rock
|
|turn|7
|
|switch|p1a: Krookodile|Krookodile, M|332\/332
|-damage|p1a: Krookodile|312\/332|[from] Stealth Rock
|move|p2a: Mienshao|High Jump Kick|p1a: Krookodile
|-supereffective|p1a: Krookodile
|-damage|p1a: Krookodile|0 fnt
|faint|p1a: Krookodile
|
|
|switch|p1a: Aromatisse|Aromatisse, M|364\/406
|-damage|p1a: Aromatisse|314\/406|[from] Stealth Rock
|turn|8
|
|switch|p2a: Jirachi|Jirachi|404\/404
|switch|p1a: Starmie|Starmie|141\/261
|-damage|p1a: Starmie|109\/261|[from] Stealth Rock
|
|turn|9
|
|move|p1a: Starmie|Hydro Pump|p2a: Jirachi
|-damage|p2a: Jirachi|200\/404
|-damage|p1a: Starmie|83\/261|[from] item: Life Orb
|move|p2a: Jirachi|U-turn|p1a: Starmie
|-supereffective|p1a: Starmie
|-damage|p1a: Starmie|0 fnt
|faint|p1a: Starmie
|c| Dudeman130498|yeah miss totally didn't matter
|
|switch|p2a: Honchkrow|Honchkrow, F|341\/341
|
|
|switch|p1a: Cobalion|Cobalion|324\/324
|-damage|p1a: Cobalion|314\/324|[from] Stealth Rock
|turn|10
|c|★Donphantastic|I'd have around a 6% rachi
|
|move|p1a: Cobalion|Substitute|p1a: Cobalion
|-start|p1a: Cobalion|Substitute
|-damage|p1a: Cobalion|233\/324
|move|p2a: Honchkrow|Brave Bird|p1a: Cobalion
|-end|p1a: Cobalion|Substitute
|-damage|p2a: Honchkrow|314\/341|[from] recoil|[of] p1a: Cobalion
|-damage|p2a: Honchkrow|280\/341|[from] item: Life Orb
|
|turn|11
|c|★CoolStoryBrobat|Closer to dead than what it currently is
|c|★Donphantastic|y
|c|★CoolStoryBrobat|tf would you stay in on this for
|c|★Donphantastic|bc I dont want that subbing
|c|★Donphantastic|or sding
|
|move|p1a: Cobalion|Close Combat|p2a: Honchkrow
|-damage|p2a: Honchkrow|6\/341
|-unboost|p1a: Cobalion|def|1
|-unboost|p1a: Cobalion|spd|1
|move|p2a: Honchkrow|Brave Bird|p1a: Cobalion
|-damage|p1a: Cobalion|0 fnt
|-damage|p2a: Honchkrow|0 fnt|[from] recoil|[of] p1a: Cobalion
|faint|p1a: Cobalion
|faint|p2a: Honchkrow
|
|leave|Dudeman130498
|c|★CoolStoryBrobat|..........
|c|★Donphantastic|ty based min roll?
|c| brobat is my slave|mfw my slave is loosing
|join|kek sorry brobat
|c| kek sorry brobat|wow
|
|switch|p2a: Mienshao|Mienshao, F|271\/271
|switch|p1a: Aerodactyl|Aerodactyl, M|249\/331
|-damage|p1a: Aerodactyl|167\/331|[from] Stealth Rock
|turn|12
|join|stop that pls
|
|move|p2a: Mienshao|High Jump Kick|p1a: Aerodactyl
|-damage|p1a: Aerodactyl|0 fnt
|faint|p1a: Aerodactyl
|
|c| stop that pls|mfw
|
|switch|p1a: Aromatisse|Aromatisse, M|314\/406
|-damage|p1a: Aromatisse|264\/406|[from] Stealth Rock
|turn|13
|
|switch|p2a: Jirachi|Jirachi|200\/404
|move|p1a: Aromatisse|Moonblast|p2a: Jirachi
|-resisted|p2a: Jirachi
|-damage|p2a: Jirachi|140\/404
|
|-heal|p2a: Jirachi|165\/404|[from] item: Leftovers
|-heal|p1a: Aromatisse|289\/406|[from] item: Leftovers
|turn|14
|c| stop that pls|what are you doing lol?
|-message|CoolStoryBrobat forfeited.
|
|win|Donphantastic
|raw|Ladder updating...
|leave|CoolStoryBrobat
|player|p1
|raw|CoolStoryBrobat's rating: 1528 &rarr; <strong>1499<\/strong><br \/>(-29 for losing)
|raw|Donphantastic's rating: 1371 &rarr; <strong>1400<\/strong><br \/>(+29 for winning)
|c| stop that pls|LOL
|c| stop that pls|i feel guilty
|c|★Donphantastic|raaage
|c| stop that pls|is all your falt
|c| stop that pls|donphan
|c|★Donphantastic|Ik
|c|★Donphantastic|Ik
|c|★Donphantastic|:[
|c| stop that pls|kek
|leave|stop that pls
|leave|BenzMafia