|join|Donphantastic
|join|HSDK1
|player|p1|Donphantastic|170
|player|p2|HSDK1|169
|gametype|singles
|gen|6
|tier|UU
|rated
|rule|Sleep Clause Mod: Limit one foe put to sleep
|rule|Species Clause: Limit one of each Pokémon
|rule|OHKO Clause: OHKO moves are banned
|rule|Moody Clause: Moody is banned
|rule|Evasion Moves Clause: Evasion moves are banned
|rule|Endless Battle Clause: Forcing endless battles is banned
|rule|HP Percentage Mod: HP is shown in percentages
|clearpoke
|poke|p1|Sceptile, F
|poke|p1|Vaporeon, F
|poke|p1|Rhyperior, M
|poke|p1|Fletchinder, F
|poke|p1|Crobat, M
|poke|p1|Mienshao, M
|poke|p2|Vaporeon, F
|poke|p2|Donphan, F
|poke|p2|Entei, shiny
|poke|p2|Gallade, M
|poke|p2|Whimsicott, F
|poke|p2|Jirachi
|rule|Swagger Clause: Swagger is banned
|rule|Baton Pass Clause: Limit one Pokémon knowing Baton Pass
|teampreview
|
|start
|switch|p1a: Mienshao|Mienshao, M|271\/271
|switch|p2a: Donphan|Donphan, F|384\/384
|turn|1
|
|move|p1a: Mienshao|U-turn|p2a: Donphan
|-damage|p2a: Donphan|334\/384
|
|switch|p1a: Vaporeon|Vaporeon, F|463\/463
|move|p2a: Donphan|Stealth Rock|p1a: Vaporeon
|-sidestart|p1: Donphantastic|move: Stealth Rock
|
|-heal|p2a: Donphan|358\/384|[from] item: Leftovers
|turn|2
|
|switch|p2a: Vaporeon|Vaporeon, F|463\/463
|move|p1a: Vaporeon|Baton Pass|p1a: Vaporeon
|
|switch|p1a: Sceptile|Sceptile, F|281\/281
|-damage|p1a: Sceptile|246\/281|[from] Stealth Rock
|
|turn|3
|
|switch|p2a: Whimsicott|Whimsicott, F|261\/261
|detailschange|p1a: Sceptile|Sceptile-Mega, F
|message|Sceptile has Mega Evolved into Mega Sceptile!
|move|p1a: Sceptile|Swords Dance|p1a: Sceptile
|-boost|p1a: Sceptile|atk|2
|
|turn|4
|
|move|p2a: Whimsicott|Encore|p1a: Sceptile
|-start|p1a: Sceptile|Encore
|move|p1a: Sceptile|Swords Dance|p1a: Sceptile
|-boost|p1a: Sceptile|atk|2
|
|turn|5
|
|switch|p1a: Crobat|Crobat, M|373\/373
|-damage|p1a: Crobat|280\/373|[from] Stealth Rock
|move|p2a: Whimsicott|U-turn|p1a: Crobat
|-resisted|p1a: Crobat
|-damage|p1a: Crobat|268\/373
|-damage|p2a: Whimsicott|235\/261|[from] item: Life Orb
|
|switch|p2a: Jirachi|Jirachi|341\/341
|
|turn|6
|
|move|p1a: Crobat|Defog|p2a: Jirachi
|-unboost|p2a: Jirachi|evasion|1
|-sideend|p1: Donphantastic|Stealth Rock|[from] move: Defog|[of] p1a: Crobat
|move|p2a: Jirachi|Flash Cannon|p1a: Crobat
|-damage|p1a: Crobat|76\/373
|-damage|p2a: Jirachi|307\/341|[from] item: Life Orb
|
|turn|7
|
|move|p1a: Crobat|Roost|p1a: Crobat
|-heal|p1a: Crobat|263\/373
|move|p2a: Jirachi|Psyshock|p1a: Crobat
|-supereffective|p1a: Crobat
|-damage|p1a: Crobat|0 fnt
|-damage|p2a: Jirachi|273\/341|[from] item: Life Orb
|faint|p1a: Crobat
|
|
|switch|p1a: Sceptile|Sceptile-Mega, F|246\/281
|turn|8
|
|switch|p2a: Whimsicott|Whimsicott, F|235\/261
|move|p1a: Sceptile|Earthquake|p2a: Whimsicott
|-resisted|p2a: Whimsicott
|-damage|p2a: Whimsicott|177\/261
|
|turn|9
|
|switch|p1a: Fletchinder|Fletchinder, F|291\/291
|move|p2a: Whimsicott|Moonblast|p1a: Fletchinder
|-resisted|p1a: Fletchinder
|-damage|p1a: Fletchinder|166\/291
|-damage|p2a: Whimsicott|151\/261|[from] item: Life Orb
|
|turn|10
|
|switch|p2a: Vaporeon|Vaporeon, F|463\/463
|move|p1a: Fletchinder|Acrobatics|p2a: Vaporeon
|-damage|p2a: Vaporeon|288\/463
|
|-heal|p2a: Vaporeon|316\/463|[from] item: Leftovers
|turn|11
|
|switch|p1a: Sceptile|Sceptile-Mega, F|246\/281
|move|p2a: Vaporeon|Baton Pass|p2a: Vaporeon
|
|switch|p2a: Whimsicott|Whimsicott, F|151\/261
|
|turn|12
|
|switch|p1a: Fletchinder|Fletchinder, F|166\/291
|move|p2a: Whimsicott|Moonblast|p1a: Fletchinder
|-resisted|p1a: Fletchinder
|-damage|p1a: Fletchinder|39\/291
|-damage|p2a: Whimsicott|125\/261|[from] item: Life Orb
|
|turn|13
|join|I3Magikarp
|
|switch|p2a: Donphan|Donphan, F|358\/384
|move|p1a: Fletchinder|Roost|p1a: Fletchinder
|-heal|p1a: Fletchinder|185\/291
|
|-heal|p2a: Donphan|382\/384|[from] item: Leftovers
|turn|14
|
|move|p1a: Fletchinder|Will-O-Wisp|p2a: Donphan
|-status|p2a: Donphan|brn
|move|p2a: Donphan|Stealth Rock|p1a: Fletchinder
|-sidestart|p1: Donphantastic|move: Stealth Rock
|
|-heal|p2a: Donphan|384\/384 brn|[from] item: Leftovers
|-damage|p2a: Donphan|336\/384 brn|[from] brn
|turn|15
|
|switch|p2a: Vaporeon|Vaporeon, F|316\/463
|move|p1a: Fletchinder|Swords Dance|p1a: Fletchinder
|-boost|p1a: Fletchinder|atk|2
|
|-heal|p2a: Vaporeon|344\/463|[from] item: Leftovers
|turn|16
|leave|Donphantastic
|player|p1
|join|Donphantastic
|player|p1|Donphantastic|170
|
|move|p1a: Fletchinder|Acrobatics|p2a: Vaporeon
|-damage|p2a: Vaporeon|0 fnt
|faint|p2a: Vaporeon
|
|
|switch|p2a: Entei|Entei, shiny|371\/371
|-ability|p2a: Entei|Pressure
|turn|17
|
|switch|p1a: Rhyperior|Rhyperior, M|433\/433
|-damage|p1a: Rhyperior|406\/433|[from] Stealth Rock
|move|p2a: Entei|Extreme Speed|p1a: Rhyperior
|-resisted|p1a: Rhyperior
|-damage|p1a: Rhyperior|347\/433
|
|-heal|p1a: Rhyperior|374\/433|[from] item: Leftovers
|turn|18
|
|switch|p2a: Whimsicott|Whimsicott, F|125\/261
|move|p1a: Rhyperior|Stealth Rock|p2a: Whimsicott
|-sidestart|p2: HSDK1|move: Stealth Rock
|
|-heal|p1a: Rhyperior|401\/433|[from] item: Leftovers
|turn|19
|
|switch|p1a: Vaporeon|Vaporeon, F|463\/463
|-damage|p1a: Vaporeon|406\/463|[from] Stealth Rock
|move|p2a: Whimsicott|Moonblast|p1a: Vaporeon
|-damage|p1a: Vaporeon|258\/463
|-damage|p2a: Whimsicott|99\/261|[from] item: Life Orb
|
|-heal|p1a: Vaporeon|286\/463|[from] item: Leftovers
|turn|20
|
|switch|p1a: Fletchinder|Fletchinder, F|185\/291
|-damage|p1a: Fletchinder|40\/291|[from] Stealth Rock
|move|p2a: Whimsicott|Giga Drain|p1a: Fletchinder
|-resisted|p1a: Fletchinder
|-damage|p1a: Fletchinder|0 fnt
|-heal|p2a: Whimsicott|119\/261|[from] drain|[of] p1a: Fletchinder
|-damage|p2a: Whimsicott|93\/261|[from] item: Life Orb
|faint|p1a: Fletchinder
|
|
|switch|p1a: Mienshao|Mienshao, M|271\/271
|-damage|p1a: Mienshao|255\/271|[from] Stealth Rock
|turn|21
|
|switch|p2a: Donphan|Donphan, F|336\/384 brn
|-damage|p2a: Donphan|312\/384 brn|[from] Stealth Rock
|move|p1a: Mienshao|High Jump Kick|p2a: Donphan
|-damage|p2a: Donphan|153\/384 brn
|
|-heal|p2a: Donphan|177\/384 brn|[from] item: Leftovers
|-damage|p2a: Donphan|129\/384 brn|[from] brn
|turn|22
|
|move|p1a: Mienshao|High Jump Kick|p2a: Donphan
|-damage|p2a: Donphan|0 fnt
|faint|p2a: Donphan
|
|
|switch|p2a: Gallade|Gallade, M|277\/277
|-damage|p2a: Gallade|260\/277|[from] Stealth Rock
|turn|23
|
|switch|p1a: Vaporeon|Vaporeon, F|286\/463
|-damage|p1a: Vaporeon|229\/463|[from] Stealth Rock
|detailschange|p2a: Gallade|Gallade-Mega, M
|message|Gallade has Mega Evolved into Mega Gallade!
|move|p2a: Gallade|Close Combat|p1a: Vaporeon
|-crit|p1a: Vaporeon
|-damage|p1a: Vaporeon|0 fnt
|-unboost|p2a: Gallade|def|1
|-unboost|p2a: Gallade|spd|1
|faint|p1a: Vaporeon
|
|
|switch|p1a: Sceptile|Sceptile-Mega, F|246\/281
|-damage|p1a: Sceptile|211\/281|[from] Stealth Rock
|turn|24
|
|move|p1a: Sceptile|Leaf Blade|p2a: Gallade
|-damage|p2a: Gallade|53\/277
|move|p2a: Gallade|Close Combat|p1a: Sceptile
|-damage|p1a: Sceptile|0 fnt
|-unboost|p2a: Gallade|def|1
|-unboost|p2a: Gallade|spd|1
|faint|p1a: Sceptile
|
|
|switch|p1a: Mienshao|Mienshao, M|255\/271
|-damage|p1a: Mienshao|239\/271|[from] Stealth Rock
|turn|25
|
|move|p1a: Mienshao|High Jump Kick|p2a: Gallade
|-resisted|p2a: Gallade
|-damage|p2a: Gallade|0 fnt
|faint|p2a: Gallade
|
|
|switch|p2a: Entei|Entei, shiny|371\/371
|-damage|p2a: Entei|279\/371|[from] Stealth Rock
|-ability|p2a: Entei|Pressure
|turn|26
|
|switch|p2a: Whimsicott|Whimsicott, F|93\/261
|-damage|p2a: Whimsicott|61\/261|[from] Stealth Rock
|move|p1a: Mienshao|High Jump Kick|p2a: Whimsicott|[miss]
|-miss|p1a: Mienshao|p2a: Whimsicott
|-damage|p1a: Mienshao|104\/271|[from] highjumpkick
|
|turn|27
|
|move|p1a: Mienshao|High Jump Kick|p2a: Whimsicott
|-resisted|p2a: Whimsicott
|-damage|p2a: Whimsicott|0 fnt
|faint|p2a: Whimsicott
|
|
|switch|p2a: Entei|Entei, shiny|279\/371
|-damage|p2a: Entei|187\/371|[from] Stealth Rock
|-ability|p2a: Entei|Pressure
|turn|28
|
|switch|p1a: Rhyperior|Rhyperior, M|401\/433
|-damage|p1a: Rhyperior|374\/433|[from] Stealth Rock
|switch|p2a: Jirachi|Jirachi|273\/341
|-damage|p2a: Jirachi|252\/341|[from] Stealth Rock
|
|-heal|p1a: Rhyperior|401\/433|[from] item: Leftovers
|turn|29
|
|move|p2a: Jirachi|Energy Ball|p1a: Rhyperior
|-supereffective|p1a: Rhyperior
|-damage|p1a: Rhyperior|70\/433
|-damage|p2a: Jirachi|218\/341|[from] item: Life Orb
|move|p1a: Rhyperior|Earthquake|p2a: Jirachi
|-supereffective|p2a: Jirachi
|-damage|p2a: Jirachi|0 fnt
|faint|p2a: Jirachi
|
|-heal|p1a: Rhyperior|97\/433|[from] item: Leftovers
|
|switch|p2a: Entei|Entei, shiny|187\/371
|-damage|p2a: Entei|95\/371|[from] Stealth Rock
|-ability|p2a: Entei|Pressure
|turn|30
|
|move|p2a: Entei|Extreme Speed|p1a: Rhyperior
|-resisted|p1a: Rhyperior
|-damage|p1a: Rhyperior|37\/433
|move|p1a: Rhyperior|Earthquake|p2a: Entei
|-supereffective|p2a: Entei
|-damage|p2a: Entei|0 fnt
|faint|p2a: Entei
|
|win|Donphantastic
|raw|Ladder updating...
|c|★Donphantastic|gg
|raw|Donphantastic's rating: 1443 &rarr; <strong>1469<\/strong><br \/>(+26 for winning)
|raw|HSDK1's rating: 1551 &rarr; <strong>1525<\/strong><br \/>(-26 for losing)
|c|★HSDK1|gg
|join|VividLatias
|leave|VividLatias