|join|Donphantastic
|join|Wruce Bayne
|player|p1|Donphantastic|101
|player|p2|Wruce Bayne|161
|gametype|singles
|gen|6
|tier|UU
|rated
|rule|Sleep Clause Mod: Limit one foe put to sleep
|rule|Species Clause: Limit one of each Pokémon
|rule|OHKO Clause: OHKO moves are banned
|rule|Moody Clause: Moody is banned
|rule|Evasion Moves Clause: Evasion moves are banned
|rule|Endless Battle Clause: Forcing endless battles is banned
|rule|HP Percentage Mod: HP is shown in percentages
|clearpoke
|poke|p1|Beedrill, M
|poke|p1|Hydreigon, F
|poke|p1|Rotom-Heat
|poke|p1|Jirachi
|poke|p1|Forretress, M
|poke|p1|Vaporeon, F
|poke|p2|Beedrill, F
|poke|p2|Darmanitan, M
|poke|p2|Flygon, M, shiny
|poke|p2|Rotom-Heat, shiny
|poke|p2|Jirachi, shiny
|poke|p2|Swampert, M
|rule|Swagger Clause: Swagger is banned
|rule|Baton Pass Clause: Limit one Pokémon knowing Baton Pass
|teampreview
|
|start
|switch|p1a: Hydreigon|Hydreigon, F|325\/325
|switch|p2a: Rotom-Heat|Rotom-Heat, shiny|303\/303
|turn|1
|
|move|p1a: Hydreigon|Dark Pulse|p2a: Rotom-Heat
|-crit|p2a: Rotom-Heat
|-damage|p2a: Rotom-Heat|159\/303
|move|p2a: Rotom-Heat|Pain Split|p1a: Hydreigon
|-sethp|p1a: Hydreigon|242\/325|p2a: Rotom-Heat|242\/303|[from] move: Pain Split
|
|-heal|p2a: Rotom-Heat|260\/303|[from] item: Leftovers
|turn|2
|
|move|p1a: Hydreigon|Dark Pulse|p2a: Rotom-Heat
|-damage|p2a: Rotom-Heat|163\/303
|move|p2a: Rotom-Heat|Volt Switch|p1a: Hydreigon
|-resisted|p1a: Hydreigon
|-damage|p1a: Hydreigon|198\/325
|
|switch|p2a: Beedrill|Beedrill, F|271\/271
|
|turn|3
|
|detailschange|p2a: Beedrill|Beedrill-Mega, F
|message|Beedrill has Mega Evolved into Mega Beedrill!
|move|p1a: Hydreigon|Dark Pulse|p2a: Beedrill
|-damage|p2a: Beedrill|111\/271
|move|p2a: Beedrill|U-turn|p1a: Hydreigon
|-supereffective|p1a: Hydreigon
|-damage|p1a: Hydreigon|0 fnt
|faint|p1a: Hydreigon
|
|switch|p2a: Rotom-Heat|Rotom-Heat, shiny|163\/303
|
|-heal|p2a: Rotom-Heat|181\/303|[from] item: Leftovers
|
|switch|p1a: Beedrill|Beedrill, M|271\/271
|turn|4
|
|switch|p2a: Swampert|Swampert, M|404\/404
|detailschange|p1a: Beedrill|Beedrill-Mega, M
|message|Beedrill has Mega Evolved into Mega Beedrill!
|move|p1a: Beedrill|Poison Jab|p2a: Swampert
|-resisted|p2a: Swampert
|-damage|p2a: Swampert|322\/404
|
|-heal|p2a: Swampert|347\/404|[from] item: Leftovers
|turn|5
|
|move|p1a: Beedrill|Knock Off|p2a: Swampert
|-damage|p2a: Swampert|249\/404
|-enditem|p2a: Swampert|Leftovers|[from] move: Knock Off|[of] p1a: Beedrill
|move|p2a: Swampert|Stealth Rock|p1a: Beedrill
|-sidestart|p1: Donphantastic|move: Stealth Rock
|
|turn|6
|
|move|p1a: Beedrill|U-turn|p2a: Swampert
|-damage|p2a: Swampert|117\/404
|
|switch|p1a: Vaporeon|Vaporeon, F|464\/464
|-damage|p1a: Vaporeon|406\/464|[from] Stealth Rock
|move|p2a: Swampert|Scald|p1a: Vaporeon
|-heal|p1a: Vaporeon|464\/464|[from] ability: Water Absorb|[of] p2a: Swampert
|
|turn|7
|
|move|p1a: Vaporeon|Scald|p2a: Swampert
|-damage|p2a: Swampert|15\/404
|-status|p2a: Swampert|brn
|move|p2a: Swampert|Roar|p1a: Vaporeon
|drag|p1a: Forretress|Forretress, M|354\/354
|-damage|p1a: Forretress|310\/354|[from] Stealth Rock
|
|-heal|p1a: Forretress|332\/354|[from] item: Leftovers
|-damage|p2a: Swampert|0 fnt|[from] brn
|faint|p2a: Swampert
|
|switch|p2a: Rotom-Heat|Rotom-Heat, shiny|181\/303
|turn|8
|
|switch|p1a: Rotom-Heat|Rotom-Heat|304\/304
|-damage|p1a: Rotom-Heat|228\/304|[from] Stealth Rock
|move|p2a: Rotom-Heat|Volt Switch|p1a: Rotom-Heat
|-resisted|p1a: Rotom-Heat
|-damage|p1a: Rotom-Heat|191\/304
|
|switch|p2a: Beedrill|Beedrill-Mega, F|111\/271
|
|turn|9
|
|switch|p2a: Flygon|Flygon, M, shiny|301\/301
|move|p1a: Rotom-Heat|Overheat|p2a: Flygon|[miss]
|-miss|p1a: Rotom-Heat|p2a: Flygon
|
|turn|10
|
|move|p2a: Flygon|U-turn|p1a: Rotom-Heat
|-resisted|p1a: Rotom-Heat
|-damage|p1a: Rotom-Heat|158\/304
|
|switch|p2a: Rotom-Heat|Rotom-Heat, shiny|181\/303
|move|p1a: Rotom-Heat|Overheat|p2a: Rotom-Heat
|-resisted|p2a: Rotom-Heat
|-damage|p2a: Rotom-Heat|72\/303
|-unboost|p1a: Rotom-Heat|spa|2
|
|-heal|p2a: Rotom-Heat|90\/303|[from] item: Leftovers
|turn|11
|
|move|p1a: Rotom-Heat|Overheat|p2a: Rotom-Heat
|-resisted|p2a: Rotom-Heat
|-damage|p2a: Rotom-Heat|39\/303
|-unboost|p1a: Rotom-Heat|spa|2
|move|p2a: Rotom-Heat|Volt Switch|p1a: Rotom-Heat
|-resisted|p1a: Rotom-Heat
|-damage|p1a: Rotom-Heat|120\/304
|
|switch|p2a: Beedrill|Beedrill-Mega, F|111\/271
|
|turn|12
|
|move|p2a: Beedrill|U-turn|p1a: Rotom-Heat
|-resisted|p1a: Rotom-Heat
|-damage|p1a: Rotom-Heat|35\/304
|
|switch|p2a: Rotom-Heat|Rotom-Heat, shiny|39\/303
|move|p1a: Rotom-Heat|Overheat|p2a: Rotom-Heat
|-resisted|p2a: Rotom-Heat
|-damage|p2a: Rotom-Heat|4\/303
|-unboost|p1a: Rotom-Heat|spa|2
|
|-heal|p2a: Rotom-Heat|22\/303|[from] item: Leftovers
|turn|13
|
|move|p2a: Rotom-Heat|Volt Switch|p1a: Rotom-Heat
|-resisted|p1a: Rotom-Heat
|-damage|p1a: Rotom-Heat|0 fnt
|faint|p1a: Rotom-Heat
|
|switch|p2a: Darmanitan|Darmanitan, M|351\/351
|
|
|switch|p1a: Vaporeon|Vaporeon, F|464\/464
|-damage|p1a: Vaporeon|406\/464|[from] Stealth Rock
|turn|14
|
|move|p2a: Darmanitan|U-turn|p1a: Vaporeon
|-damage|p1a: Vaporeon|314\/464
|
|switch|p2a: Rotom-Heat|Rotom-Heat, shiny|22\/303
|move|p1a: Vaporeon|Scald|p2a: Rotom-Heat
|-supereffective|p2a: Rotom-Heat
|-damage|p2a: Rotom-Heat|0 fnt
|faint|p2a: Rotom-Heat
|
|-heal|p1a: Vaporeon|343\/464|[from] item: Leftovers
|
|switch|p2a: Jirachi|Jirachi, shiny|404\/404
|turn|15
|
|move|p1a: Vaporeon|Protect|p1a: Vaporeon
|-singleturn|p1a: Vaporeon|Protect
|move|p2a: Jirachi|Substitute|p2a: Jirachi
|-start|p2a: Jirachi|Substitute
|-damage|p2a: Jirachi|303\/404
|
|-heal|p2a: Jirachi|328\/404|[from] item: Leftovers
|-heal|p1a: Vaporeon|372\/464|[from] item: Leftovers
|turn|16
|
|move|p2a: Jirachi|Calm Mind|p2a: Jirachi
|-boost|p2a: Jirachi|spa|1
|-boost|p2a: Jirachi|spd|1
|move|p1a: Vaporeon|Scald|p2a: Jirachi
|-activate|p2a: Jirachi|Substitute|[damage]
|
|-heal|p2a: Jirachi|353\/404|[from] item: Leftovers
|-heal|p1a: Vaporeon|401\/464|[from] item: Leftovers
|turn|17
|
|move|p2a: Jirachi|Calm Mind|p2a: Jirachi
|-boost|p2a: Jirachi|spa|1
|-boost|p2a: Jirachi|spd|1
|move|p1a: Vaporeon|Scald|p2a: Jirachi
|-end|p2a: Jirachi|Substitute
|
|-heal|p2a: Jirachi|378\/404|[from] item: Leftovers
|-heal|p1a: Vaporeon|430\/464|[from] item: Leftovers
|turn|18
|
|switch|p1a: Jirachi|Jirachi|403\/403
|-damage|p1a: Jirachi|378\/403|[from] Stealth Rock
|move|p2a: Jirachi|Substitute|p2a: Jirachi
|-start|p2a: Jirachi|Substitute
|-damage|p2a: Jirachi|277\/404
|
|-heal|p2a: Jirachi|302\/404|[from] item: Leftovers
|-heal|p1a: Jirachi|403\/403|[from] item: Leftovers
|turn|19
|
|move|p2a: Jirachi|Calm Mind|p2a: Jirachi
|-boost|p2a: Jirachi|spa|1
|-boost|p2a: Jirachi|spd|1
|move|p1a: Jirachi|U-turn|p2a: Jirachi
|-activate|p2a: Jirachi|Substitute|[damage]
|
|switch|p1a: Forretress|Forretress, M|332\/354
|-damage|p1a: Forretress|288\/354|[from] Stealth Rock
|
|-heal|p2a: Jirachi|327\/404|[from] item: Leftovers
|-heal|p1a: Forretress|310\/354|[from] item: Leftovers
|turn|20
|
|move|p2a: Jirachi|Calm Mind|p2a: Jirachi
|-boost|p2a: Jirachi|spa|1
|-boost|p2a: Jirachi|spd|1
|move|p1a: Forretress|Volt Switch|p2a: Jirachi
|-activate|p2a: Jirachi|Substitute|[damage]
|
|switch|p1a: Jirachi|Jirachi|403\/403
|-damage|p1a: Jirachi|378\/403|[from] Stealth Rock
|
|-heal|p2a: Jirachi|352\/404|[from] item: Leftovers
|-heal|p1a: Jirachi|403\/403|[from] item: Leftovers
|turn|21
|
|move|p2a: Jirachi|Calm Mind|p2a: Jirachi
|-boost|p2a: Jirachi|spa|1
|-boost|p2a: Jirachi|spd|1
|move|p1a: Jirachi|Body Slam|p2a: Jirachi
|-resisted|p2a: Jirachi
|-activate|p2a: Jirachi|Substitute|[damage]
|
|-heal|p2a: Jirachi|377\/404|[from] item: Leftovers
|turn|22
|
|move|p2a: Jirachi|Moonblast|p1a: Jirachi
|-resisted|p1a: Jirachi
|-damage|p1a: Jirachi|305\/403
|-unboost|p1a: Jirachi|spa|1
|move|p1a: Jirachi|U-turn|p2a: Jirachi
|-end|p2a: Jirachi|Substitute
|
|switch|p1a: Beedrill|Beedrill-Mega, M|271\/271
|-damage|p1a: Beedrill|204\/271|[from] Stealth Rock
|
|-heal|p2a: Jirachi|402\/404|[from] item: Leftovers
|turn|23
|
|move|p1a: Beedrill|U-turn|p2a: Jirachi
|-damage|p2a: Jirachi|206\/404
|
|switch|p1a: Jirachi|Jirachi|305\/403
|-damage|p1a: Jirachi|280\/403|[from] Stealth Rock
|move|p2a: Jirachi|Psyshock|p1a: Jirachi
|-resisted|p1a: Jirachi
|-damage|p1a: Jirachi|202\/403
|
|-heal|p2a: Jirachi|231\/404|[from] item: Leftovers
|-heal|p1a: Jirachi|227\/403|[from] item: Leftovers
|turn|24
|
|move|p2a: Jirachi|Substitute|p2a: Jirachi
|-start|p2a: Jirachi|Substitute
|-damage|p2a: Jirachi|130\/404
|move|p1a: Jirachi|U-turn|p2a: Jirachi
|-crit|p2a: Jirachi
|-activate|p2a: Jirachi|Substitute|[damage]
|join|Tipsy Russian
|
|switch|p1a: Forretress|Forretress, M|310\/354
|-damage|p1a: Forretress|266\/354|[from] Stealth Rock
|
|-heal|p2a: Jirachi|155\/404|[from] item: Leftovers
|-heal|p1a: Forretress|288\/354|[from] item: Leftovers
|turn|25
|
|move|p2a: Jirachi|Moonblast|p1a: Forretress
|-resisted|p1a: Forretress
|-damage|p1a: Forretress|81\/354
|-unboost|p1a: Forretress|spa|1
|move|p1a: Forretress|Gyro Ball|p2a: Jirachi
|-resisted|p2a: Jirachi
|-end|p2a: Jirachi|Substitute
|
|-heal|p2a: Jirachi|180\/404|[from] item: Leftovers
|-heal|p1a: Forretress|103\/354|[from] item: Leftovers
|turn|26
|
|move|p2a: Jirachi|Substitute|p2a: Jirachi
|-start|p2a: Jirachi|Substitute
|-damage|p2a: Jirachi|79\/404
|move|p1a: Forretress|Gyro Ball|p2a: Jirachi
|-resisted|p2a: Jirachi
|-activate|p2a: Jirachi|Substitute|[damage]
|
|-heal|p2a: Jirachi|104\/404|[from] item: Leftovers
|-heal|p1a: Forretress|125\/354|[from] item: Leftovers
|turn|27
|
|move|p2a: Jirachi|Moonblast|p1a: Forretress
|-resisted|p1a: Forretress
|-damage|p1a: Forretress|0 fnt
|faint|p1a: Forretress
|
|-heal|p2a: Jirachi|129\/404|[from] item: Leftovers
|
|switch|p1a: Jirachi|Jirachi|227\/403
|-damage|p1a: Jirachi|202\/403|[from] Stealth Rock
|turn|28
|
|move|p2a: Jirachi|Moonblast|p1a: Jirachi
|-resisted|p1a: Jirachi
|-damage|p1a: Jirachi|107\/403
|-unboost|p1a: Jirachi|spa|1
|move|p1a: Jirachi|U-turn|p2a: Jirachi
|-end|p2a: Jirachi|Substitute
|
|switch|p1a: Beedrill|Beedrill-Mega, M|204\/271
|-damage|p1a: Beedrill|137\/271|[from] Stealth Rock
|
|-heal|p2a: Jirachi|154\/404|[from] item: Leftovers
|turn|29
|
|switch|p2a: Flygon|Flygon, M, shiny|301\/301
|move|p1a: Beedrill|Knock Off|p2a: Flygon
|-damage|p2a: Flygon|145\/301
|-enditem|p2a: Flygon|Leftovers|[from] move: Knock Off|[of] p1a: Beedrill
|
|turn|30
|
|move|p1a: Beedrill|U-turn|p2a: Flygon
|-damage|p2a: Flygon|0 fnt
|faint|p2a: Flygon
|
|switch|p1a: Vaporeon|Vaporeon, F|430\/464
|-damage|p1a: Vaporeon|372\/464|[from] Stealth Rock
|
|-heal|p1a: Vaporeon|401\/464|[from] item: Leftovers
|
|switch|p2a: Jirachi|Jirachi, shiny|154\/404
|turn|31
|
|move|p2a: Jirachi|Calm Mind|p2a: Jirachi
|-boost|p2a: Jirachi|spa|1
|-boost|p2a: Jirachi|spd|1
|move|p1a: Vaporeon|Scald|p2a: Jirachi
|-damage|p2a: Jirachi|90\/404
|
|-heal|p2a: Jirachi|115\/404|[from] item: Leftovers
|-heal|p1a: Vaporeon|430\/464|[from] item: Leftovers
|turn|32
|
|move|p2a: Jirachi|Substitute|p2a: Jirachi
|-start|p2a: Jirachi|Substitute
|-damage|p2a: Jirachi|14\/404
|move|p1a: Vaporeon|Wish|p1a: Vaporeon
|
|-heal|p2a: Jirachi|39\/404|[from] item: Leftovers
|-heal|p1a: Vaporeon|459\/464|[from] item: Leftovers
|turn|33
|
|switch|p1a: Jirachi|Jirachi|107\/403
|-damage|p1a: Jirachi|82\/403|[from] Stealth Rock
|move|p2a: Jirachi|Psyshock|p1a: Jirachi
|-resisted|p1a: Jirachi
|-damage|p1a: Jirachi|49\/403
|
|-heal|p1a: Jirachi|281\/403|[from] move: Wish|[wisher] Vaporeon
|-heal|p2a: Jirachi|64\/404|[from] item: Leftovers
|-heal|p1a: Jirachi|306\/403|[from] item: Leftovers
|turn|34
|
|move|p2a: Jirachi|Calm Mind|p2a: Jirachi
|-boost|p2a: Jirachi|spa|1
|-boost|p2a: Jirachi|spd|1
|move|p1a: Jirachi|U-turn|p2a: Jirachi
|-activate|p2a: Jirachi|Substitute|[damage]
|
|switch|p1a: Vaporeon|Vaporeon, F|459\/464
|-damage|p1a: Vaporeon|401\/464|[from] Stealth Rock
|
|-heal|p2a: Jirachi|89\/404|[from] item: Leftovers
|-heal|p1a: Vaporeon|430\/464|[from] item: Leftovers
|turn|35
|
|move|p2a: Jirachi|Moonblast|p1a: Vaporeon
|-damage|p1a: Vaporeon|273\/464
|move|p1a: Vaporeon|Wish|p1a: Vaporeon
|
|-heal|p2a: Jirachi|114\/404|[from] item: Leftovers
|-heal|p1a: Vaporeon|302\/464|[from] item: Leftovers
|turn|36
|
|move|p2a: Jirachi|Calm Mind|p2a: Jirachi
|-boost|p2a: Jirachi|spa|1
|-boost|p2a: Jirachi|spd|1
|move|p1a: Vaporeon|Scald|p2a: Jirachi
|-activate|p2a: Jirachi|Substitute|[damage]
|
|-heal|p1a: Vaporeon|464\/464|[from] move: Wish|[wisher] Vaporeon
|-heal|p2a: Jirachi|139\/404|[from] item: Leftovers
|turn|37
|
|switch|p1a: Jirachi|Jirachi|306\/403
|-damage|p1a: Jirachi|281\/403|[from] Stealth Rock
|move|p2a: Jirachi|Calm Mind|p2a: Jirachi
|-boost|p2a: Jirachi|spa|1
|-boost|p2a: Jirachi|spd|1
|
|-heal|p2a: Jirachi|164\/404|[from] item: Leftovers
|-heal|p1a: Jirachi|306\/403|[from] item: Leftovers
|turn|38
|
|move|p2a: Jirachi|Moonblast|p1a: Jirachi
|-resisted|p1a: Jirachi
|-damage|p1a: Jirachi|228\/403
|-unboost|p1a: Jirachi|spa|1
|move|p1a: Jirachi|U-turn|p2a: Jirachi
|-end|p2a: Jirachi|Substitute
|
|switch|p1a: Beedrill|Beedrill-Mega, M|137\/271
|-damage|p1a: Beedrill|70\/271|[from] Stealth Rock
|
|-heal|p2a: Jirachi|189\/404|[from] item: Leftovers
|turn|39
|
|switch|p2a: Beedrill|Beedrill-Mega, F|111\/271
|move|p1a: Beedrill|Knock Off|p2a: Beedrill
|-damage|p2a: Beedrill|0 fnt
|faint|p2a: Beedrill
|
|
|switch|p2a: Darmanitan|Darmanitan, M|351\/351
|turn|40
|
|switch|p1a: Jirachi|Jirachi|228\/403
|-damage|p1a: Jirachi|203\/403|[from] Stealth Rock
|move|p2a: Darmanitan|U-turn|p1a: Jirachi
|-damage|p1a: Jirachi|118\/403
|
|switch|p2a: Jirachi|Jirachi, shiny|189\/404
|
|-heal|p2a: Jirachi|214\/404|[from] item: Leftovers
|-heal|p1a: Jirachi|143\/403|[from] item: Leftovers
|turn|41
|
|move|p2a: Jirachi|Substitute|p2a: Jirachi
|-start|p2a: Jirachi|Substitute
|-damage|p2a: Jirachi|113\/404
|move|p1a: Jirachi|U-turn|p2a: Jirachi
|-activate|p2a: Jirachi|Substitute|[damage]
|
|switch|p1a: Vaporeon|Vaporeon, F|464\/464
|-damage|p1a: Vaporeon|406\/464|[from] Stealth Rock
|
|-heal|p2a: Jirachi|138\/404|[from] item: Leftovers
|-heal|p1a: Vaporeon|435\/464|[from] item: Leftovers
|turn|42
|
|move|p2a: Jirachi|Calm Mind|p2a: Jirachi
|-boost|p2a: Jirachi|spa|1
|-boost|p2a: Jirachi|spd|1
|move|p1a: Vaporeon|Wish|p1a: Vaporeon
|
|-heal|p2a: Jirachi|163\/404|[from] item: Leftovers
|-heal|p1a: Vaporeon|464\/464|[from] item: Leftovers
|turn|43
|
|switch|p1a: Jirachi|Jirachi|143\/403
|-damage|p1a: Jirachi|118\/403|[from] Stealth Rock
|move|p2a: Jirachi|Calm Mind|p2a: Jirachi
|-boost|p2a: Jirachi|spa|1
|-boost|p2a: Jirachi|spd|1
|
|-heal|p1a: Jirachi|350\/403|[from] move: Wish|[wisher] Vaporeon
|-heal|p2a: Jirachi|188\/404|[from] item: Leftovers
|-heal|p1a: Jirachi|375\/403|[from] item: Leftovers
|turn|44
|
|move|p2a: Jirachi|Calm Mind|p2a: Jirachi
|-boost|p2a: Jirachi|spa|1
|-boost|p2a: Jirachi|spd|1
|move|p1a: Jirachi|Iron Head|p2a: Jirachi
|-resisted|p2a: Jirachi
|-end|p2a: Jirachi|Substitute
|
|-heal|p2a: Jirachi|213\/404|[from] item: Leftovers
|-heal|p1a: Jirachi|400\/403|[from] item: Leftovers
|turn|45
|
|move|p2a: Jirachi|Substitute|p2a: Jirachi
|-start|p2a: Jirachi|Substitute
|-damage|p2a: Jirachi|112\/404
|move|p1a: Jirachi|Iron Head|p2a: Jirachi
|-resisted|p2a: Jirachi
|-activate|p2a: Jirachi|Substitute|[damage]
|
|-heal|p2a: Jirachi|137\/404|[from] item: Leftovers
|-heal|p1a: Jirachi|403\/403|[from] item: Leftovers
|turn|46
|
|move|p2a: Jirachi|Calm Mind|p2a: Jirachi
|-boost|p2a: Jirachi|spa|1
|-boost|p2a: Jirachi|spd|1
|move|p1a: Jirachi|Body Slam|p2a: Jirachi
|-resisted|p2a: Jirachi
|-activate|p2a: Jirachi|Substitute|[damage]
|
|-heal|p2a: Jirachi|162\/404|[from] item: Leftovers
|turn|47
|
|move|p2a: Jirachi|Calm Mind|p2a: Jirachi
|-boost|p2a: Jirachi|spa|1
|-boost|p2a: Jirachi|spd|1
|move|p1a: Jirachi|U-turn|p2a: Jirachi
|-end|p2a: Jirachi|Substitute
|
|switch|p1a: Beedrill|Beedrill-Mega, M|70\/271
|-damage|p1a: Beedrill|3\/271|[from] Stealth Rock
|
|-heal|p2a: Jirachi|187\/404|[from] item: Leftovers
|turn|48
|c| Tipsy Russian|donphan
|-message|Wruce Bayne forfeited.
|leave|Wruce Bayne
|
|win|Donphantastic
|raw|Ladder updating...
|c| Tipsy Russian|making plays
|player|p2
|c|★Donphantastic|subcm
|c|★Donphantastic|weak
|raw|Donphantastic's rating: 1573 &rarr; <strong>1586<\/strong><br \/>(+13 for winning)
|raw|Wruce Bayne's rating: 1448 &rarr; <strong>1435<\/strong><br \/>(-13 for losing)
|c|★Donphantastic|also
|c|★Donphantastic|dat rating doe