|join|Adil >:U
|join|Donphantastic
|player|p1|Adil >:U|269
|player|p2|Donphantastic|101
|gametype|singles
|gen|6
|tier|UU
|rated
|rule|Sleep Clause Mod: Limit one foe put to sleep
|rule|Species Clause: Limit one of each Pokémon
|rule|OHKO Clause: OHKO moves are banned
|rule|Moody Clause: Moody is banned
|rule|Evasion Moves Clause: Evasion moves are banned
|rule|Endless Battle Clause: Forcing endless battles is banned
|rule|HP Percentage Mod: HP is shown in percentages
|clearpoke
|poke|p1|Blissey, F
|poke|p1|Suicune
|poke|p1|Blastoise, F
|poke|p1|Darmanitan, F
|poke|p1|Chesnaught, M
|poke|p1|Victini
|poke|p2|Togekiss, M
|poke|p2|Raikou
|poke|p2|Dugtrio, F
|poke|p2|Nidoqueen, F
|poke|p2|Hydreigon, F
|poke|p2|Lucario, M
|rule|Swagger Clause: Swagger is banned
|rule|Baton Pass Clause: Limit one Pokémon knowing Baton Pass
|teampreview
|c|★Donphantastic|hows the double fire death working for ya
|c|★Adil >:U|pretty good, got to #2 on the ladder with it, unfortuantely I lost two matches ;-;
|
|start
|switch|p1a: Chesnaught|Chesnaught, M|380\/380
|switch|p2a: Nidoqueen|Nidoqueen, F|350\/350
|turn|1
|c|★Donphantastic|o nb
|c|★Donphantastic|:]
|
|switch|p1a: Blastoise|Blastoise, F|356\/356
|move|p2a: Nidoqueen|Stealth Rock|p1a: Blastoise
|-sidestart|p1: Adil >:U|move: Stealth Rock
|
|turn|2
|c|★Adil >:U|:]
|
|detailschange|p1a: Blastoise|Blastoise-Mega, F
|message|Blastoise has Mega Evolved into Mega Blastoise!
|move|p2a: Nidoqueen|Thunderbolt|p1a: Blastoise
|-supereffective|p1a: Blastoise
|-damage|p1a: Blastoise|101\/356
|move|p1a: Blastoise|Rapid Spin|p2a: Nidoqueen
|-damage|p2a: Nidoqueen|336\/350
|-sideend|p1: Adil >:U|Stealth Rock|[from] move: Rapid Spin|[of] p1a: Blastoise
|
|turn|3
|
|move|p2a: Nidoqueen|Stealth Rock|p1a: Blastoise
|-sidestart|p1: Adil >:U|move: Stealth Rock
|move|p1a: Blastoise|Water Pulse|p2a: Nidoqueen
|-supereffective|p2a: Nidoqueen
|-damage|p2a: Nidoqueen|0 fnt
|faint|p2a: Nidoqueen
|
|c|★Adil >:U|god damn rocks ;-;
|
|switch|p2a: Dugtrio|Dugtrio, F|211\/211
|turn|4
|
|move|p2a: Dugtrio|Earthquake|p1a: Blastoise
|-damage|p1a: Blastoise|0 fnt
|faint|p1a: Blastoise
|
|
|switch|p1a: Suicune|Suicune|404\/404
|-damage|p1a: Suicune|354\/404|[from] Stealth Rock
|-ability|p1a: Suicune|Pressure
|turn|5
|
|switch|p2a: Raikou|Raikou|321\/321
|-ability|p2a: Raikou|Pressure
|move|p1a: Suicune|Scald|p2a: Raikou
|-damage|p2a: Raikou|234\/321
|-status|p2a: Raikou|brn
|
|-heal|p2a: Raikou|254\/321 brn|[from] item: Leftovers
|-heal|p1a: Suicune|379\/404|[from] item: Leftovers
|-damage|p2a: Raikou|214\/321 brn|[from] brn
|turn|6
|
|switch|p2a: Lucario|Lucario, M|281\/281
|move|p1a: Suicune|Rest|p1a: Suicune
|-status|p1a: Suicune|slp
|-heal|p1a: Suicune|404\/404 slp|[silent]
|-status|p1a: Suicune|slp|[from] move: Rest
|
|turn|7
|
|switch|p1a: Victini|Victini|341\/341
|-damage|p1a: Victini|256\/341|[from] Stealth Rock
|move|p2a: Lucario|Swords Dance|p2a: Lucario
|-boost|p2a: Lucario|atk|2
|
|turn|8
|c|★Adil >:U|Who ya sacing?
|
|switch|p2a: Hydreigon|Hydreigon, F|325\/325
|move|p1a: Victini|V-create|p2a: Hydreigon
|-resisted|p2a: Hydreigon
|-damage|p2a: Hydreigon|70\/325
|-unboost|p1a: Victini|def|1
|-unboost|p1a: Victini|spd|1
|-unboost|p1a: Victini|spe|1
|
|turn|9
|c|★Adil >:U|THE DAMAGE
|
|switch|p1a: Chesnaught|Chesnaught, M|380\/380
|-damage|p1a: Chesnaught|357\/380|[from] Stealth Rock
|move|p2a: Hydreigon|Roost|p2a: Hydreigon
|-heal|p2a: Hydreigon|233\/325
|
|-heal|p1a: Chesnaught|380\/380|[from] item: Leftovers
|turn|10
|
|switch|p2a: Togekiss|Togekiss, M|373\/373
|move|p1a: Chesnaught|Hammer Arm|p2a: Togekiss
|-crit|p2a: Togekiss
|-resisted|p2a: Togekiss
|-damage|p2a: Togekiss|324\/373
|-unboost|p1a: Chesnaught|spe|1
|
|-heal|p2a: Togekiss|347\/373|[from] item: Leftovers
|turn|11
|
|switch|p1a: Blissey|Blissey, F|714\/714
|-damage|p1a: Blissey|625\/714|[from] Stealth Rock
|move|p2a: Togekiss|Thunder Wave|p1a: Blissey
|-status|p1a: Blissey|par
|
|-heal|p2a: Togekiss|370\/373|[from] item: Leftovers
|-heal|p1a: Blissey|669\/714 par|[from] item: Leftovers
|turn|12
|
|switch|p1a: Victini|Victini|256\/341
|-damage|p1a: Victini|171\/341|[from] Stealth Rock
|move|p2a: Togekiss|Air Slash|p1a: Victini
|-damage|p1a: Victini|75\/341
|
|-heal|p2a: Togekiss|373\/373|[from] item: Leftovers
|turn|13
|
|switch|p2a: Hydreigon|Hydreigon, F|233\/325
|move|p1a: Victini|V-create|p2a: Hydreigon
|-resisted|p2a: Hydreigon
|-damage|p2a: Hydreigon|0 fnt
|-unboost|p1a: Victini|def|1
|-unboost|p1a: Victini|spd|1
|-unboost|p1a: Victini|spe|1
|faint|p2a: Hydreigon
|
|
|switch|p2a: Dugtrio|Dugtrio, F|211\/211
|turn|14
|
|move|p2a: Dugtrio|Earthquake|p1a: Victini
|-supereffective|p1a: Victini
|-damage|p1a: Victini|0 fnt
|faint|p1a: Victini
|
|
|switch|p1a: Chesnaught|Chesnaught, M|380\/380
|-damage|p1a: Chesnaught|357\/380|[from] Stealth Rock
|turn|15
|
|switch|p2a: Togekiss|Togekiss, M|373\/373
|move|p1a: Chesnaught|Leech Seed|p2a: Togekiss
|-start|p2a: Togekiss|move: Leech Seed
|
|-heal|p1a: Chesnaught|380\/380|[from] item: Leftovers
|-damage|p2a: Togekiss|327\/373|[from] Leech Seed|[of] p1a: Chesnaught
|turn|16
|
|switch|p1a: Suicune|Suicune|404\/404 slp
|-damage|p1a: Suicune|354\/404 slp|[from] Stealth Rock
|-ability|p1a: Suicune|Pressure
|move|p2a: Togekiss|Air Slash|p1a: Suicune
|-damage|p1a: Suicune|269\/404 slp
|
|-heal|p1a: Suicune|294\/404 slp|[from] item: Leftovers
|-heal|p2a: Togekiss|350\/373|[from] item: Leftovers
|-damage|p2a: Togekiss|304\/373|[from] Leech Seed|[of] p1a: Suicune
|-heal|p1a: Suicune|340\/404 slp|[silent]
|turn|17
|
|switch|p2a: Raikou|Raikou|214\/321 brn
|-ability|p2a: Raikou|Pressure
|cant|p1a: Suicune|slp
|move|p1a: Suicune|Sleep Talk|p1a: Suicune
|move|p1a: Suicune|Rest|p1a: Suicune|[from]Sleep Talk
|-fail|p1a: Suicune
|
|-heal|p2a: Raikou|234\/321 brn|[from] item: Leftovers
|-heal|p1a: Suicune|365\/404 slp|[from] item: Leftovers
|-damage|p2a: Raikou|194\/321 brn|[from] brn
|turn|18
|
|switch|p1a: Chesnaught|Chesnaught, M|380\/380
|-damage|p1a: Chesnaught|357\/380|[from] Stealth Rock
|move|p2a: Raikou|Calm Mind|p2a: Raikou
|-boost|p2a: Raikou|spa|1
|-boost|p2a: Raikou|spd|1
|
|-heal|p2a: Raikou|214\/321 brn|[from] item: Leftovers
|-heal|p1a: Chesnaught|380\/380|[from] item: Leftovers
|-damage|p2a: Raikou|174\/321 brn|[from] brn
|turn|19
|
|switch|p1a: Blissey|Blissey, F|669\/714
|-damage|p1a: Blissey|580\/714|[from] Stealth Rock
|move|p2a: Raikou|Hidden Power|p1a: Blissey
|-damage|p1a: Blissey|502\/714
|
|-heal|p2a: Raikou|194\/321 brn|[from] item: Leftovers
|-heal|p1a: Blissey|546\/714|[from] item: Leftovers
|-damage|p2a: Raikou|154\/321 brn|[from] brn
|turn|20
|
|switch|p2a: Lucario|Lucario, M|281\/281
|move|p1a: Blissey|Soft-Boiled|p1a: Blissey
|-heal|p1a: Blissey|714\/714
|
|turn|21
|
|switch|p1a: Chesnaught|Chesnaught, M|380\/380
|-damage|p1a: Chesnaught|357\/380|[from] Stealth Rock
|move|p2a: Lucario|Close Combat|p1a: Chesnaught
|-damage|p1a: Chesnaught|184\/380
|-unboost|p2a: Lucario|def|1
|-unboost|p2a: Lucario|spd|1
|-damage|p2a: Lucario|253\/281|[from] item: Life Orb
|
|-heal|p1a: Chesnaught|207\/380|[from] item: Leftovers
|turn|22
|
|switch|p2a: Togekiss|Togekiss, M|304\/373
|move|p1a: Chesnaught|Leech Seed|p2a: Togekiss
|-start|p2a: Togekiss|move: Leech Seed
|
|-heal|p2a: Togekiss|327\/373|[from] item: Leftovers
|-heal|p1a: Chesnaught|230\/380|[from] item: Leftovers
|-damage|p2a: Togekiss|281\/373|[from] Leech Seed|[of] p1a: Chesnaught
|-heal|p1a: Chesnaught|276\/380|[silent]
|turn|23
|
|switch|p2a: Dugtrio|Dugtrio, F|211\/211
|move|p1a: Chesnaught|Spiky Shield|p1a: Chesnaught
|-fail|p1a: Chesnaught
|
|-heal|p1a: Chesnaught|299\/380|[from] item: Leftovers
|turn|24
|
|move|p2a: Dugtrio|Aerial Ace|p1a: Chesnaught
|-supereffective|p1a: Chesnaught
|-damage|p1a: Chesnaught|115\/380
|move|p1a: Chesnaught|Leech Seed|p2a: Dugtrio
|-start|p2a: Dugtrio|move: Leech Seed
|
|-heal|p1a: Chesnaught|138\/380|[from] item: Leftovers
|-damage|p2a: Dugtrio|185\/211|[from] Leech Seed|[of] p1a: Chesnaught
|-heal|p1a: Chesnaught|164\/380|[silent]
|turn|25
|
|switch|p2a: Togekiss|Togekiss, M|281\/373
|move|p1a: Chesnaught|Leech Seed|p2a: Togekiss
|-start|p2a: Togekiss|move: Leech Seed
|
|-heal|p2a: Togekiss|304\/373|[from] item: Leftovers
|-heal|p1a: Chesnaught|187\/380|[from] item: Leftovers
|-damage|p2a: Togekiss|258\/373|[from] Leech Seed|[of] p1a: Chesnaught
|-heal|p1a: Chesnaught|233\/380|[silent]
|turn|26
|
|move|p1a: Chesnaught|Spiky Shield|p1a: Chesnaught
|-singleturn|p1a: Chesnaught|move: Protect
|move|p2a: Togekiss|Thunder Wave|p1a: Chesnaught
|-activate|p1a: Chesnaught|move: Protect
|
|-heal|p2a: Togekiss|281\/373|[from] item: Leftovers
|-heal|p1a: Chesnaught|256\/380|[from] item: Leftovers
|-damage|p2a: Togekiss|235\/373|[from] Leech Seed|[of] p1a: Chesnaught
|-heal|p1a: Chesnaught|302\/380|[silent]
|turn|27
|
|switch|p1a: Suicune|Suicune|365\/404 slp
|-damage|p1a: Suicune|315\/404 slp|[from] Stealth Rock
|-ability|p1a: Suicune|Pressure
|move|p2a: Togekiss|Air Slash|p1a: Suicune
|-damage|p1a: Suicune|219\/404 slp
|
|-heal|p1a: Suicune|244\/404 slp|[from] item: Leftovers
|-heal|p2a: Togekiss|258\/373|[from] item: Leftovers
|-damage|p2a: Togekiss|212\/373|[from] Leech Seed|[of] p1a: Suicune
|-heal|p1a: Suicune|290\/404 slp|[silent]
|turn|28
|
|switch|p2a: Raikou|Raikou|154\/321 brn
|-ability|p2a: Raikou|Pressure
|cant|p1a: Suicune|slp
|move|p1a: Suicune|Sleep Talk|p1a: Suicune
|move|p1a: Suicune|Rest|p1a: Suicune|[from]Sleep Talk
|-fail|p1a: Suicune
|
|-heal|p2a: Raikou|174\/321 brn|[from] item: Leftovers
|-heal|p1a: Suicune|315\/404 slp|[from] item: Leftovers
|-damage|p2a: Raikou|134\/321 brn|[from] brn
|turn|29
|
|move|p2a: Raikou|Thunderbolt|p1a: Suicune
|-supereffective|p1a: Suicune
|-damage|p1a: Suicune|55\/404 slp
|-curestatus|p1a: Suicune|slp
|move|p1a: Suicune|Calm Mind|p1a: Suicune
|-boost|p1a: Suicune|spa|1
|-boost|p1a: Suicune|spd|1
|
|-heal|p2a: Raikou|154\/321 brn|[from] item: Leftovers
|-heal|p1a: Suicune|80\/404|[from] item: Leftovers
|-damage|p2a: Raikou|114\/321 brn|[from] brn
|turn|30
|c|★Adil >:U|fack
|
|move|p2a: Raikou|Thunderbolt|p1a: Suicune
|-supereffective|p1a: Suicune
|-damage|p1a: Suicune|0 fnt
|faint|p1a: Suicune
|
|-heal|p2a: Raikou|134\/321 brn|[from] item: Leftovers
|-damage|p2a: Raikou|94\/321 brn|[from] brn
|
|switch|p1a: Blissey|Blissey, F|714\/714
|-damage|p1a: Blissey|625\/714|[from] Stealth Rock
|turn|31
|
|move|p2a: Raikou|Thunderbolt|p1a: Blissey
|-damage|p1a: Blissey|514\/714
|-status|p1a: Blissey|par
|move|p1a: Blissey|Seismic Toss|p2a: Raikou
|-damage|p2a: Raikou|0 fnt
|faint|p2a: Raikou
|
|-heal|p1a: Blissey|558\/714 par|[from] item: Leftovers
|
|switch|p2a: Lucario|Lucario, M|253\/281
|turn|32
|
|switch|p1a: Chesnaught|Chesnaught, M|302\/380
|-damage|p1a: Chesnaught|279\/380|[from] Stealth Rock
|move|p2a: Lucario|Swords Dance|p2a: Lucario
|-boost|p2a: Lucario|atk|2
|
|-heal|p1a: Chesnaught|302\/380|[from] item: Leftovers
|turn|33
|
|move|p1a: Chesnaught|Spiky Shield|p1a: Chesnaught
|-singleturn|p1a: Chesnaught|move: Protect
|move|p2a: Lucario|Close Combat|p1a: Chesnaught
|-activate|p1a: Chesnaught|move: Protect
|-damage|p2a: Lucario|218\/281|[from] Spiky Shield|[of] p1a: Chesnaught
|
|-heal|p1a: Chesnaught|325\/380|[from] item: Leftovers
|turn|34
|
|move|p2a: Lucario|Close Combat|p1a: Chesnaught
|-damage|p1a: Chesnaught|0 fnt
|-unboost|p2a: Lucario|def|1
|-unboost|p2a: Lucario|spd|1
|-damage|p2a: Lucario|190\/281|[from] item: Life Orb
|faint|p1a: Chesnaught
|
|
|switch|p1a: Darmanitan|Darmanitan, F|351\/351
|-damage|p1a: Darmanitan|264\/351|[from] Stealth Rock
|turn|35
|
|move|p2a: Lucario|Extreme Speed|p1a: Darmanitan
|-damage|p1a: Darmanitan|0 fnt
|-damage|p2a: Lucario|162\/281|[from] item: Life Orb
|faint|p1a: Darmanitan
|
|
|switch|p1a: Blissey|Blissey, F|558\/714
|-damage|p1a: Blissey|469\/714|[from] Stealth Rock
|turn|36
|c|★Donphantastic|gg
|c|★Adil >:U|gg
|
|move|p2a: Lucario|Close Combat|p1a: Blissey
|-supereffective|p1a: Blissey
|-damage|p1a: Blissey|0 fnt
|-unboost|p2a: Lucario|def|1
|-unboost|p2a: Lucario|spd|1
|-damage|p2a: Lucario|134\/281|[from] item: Life Orb
|faint|p1a: Blissey
|
|win|Donphantastic
|raw|Ladder updating...
|raw|Adil &gt;:U's rating: 1686 &rarr; <strong>1660<\/strong><br \/>(-26 for losing)
|raw|Donphantastic's rating: 1587 &rarr; <strong>1613<\/strong><br \/>(+26 for winning)
|leave|Adil >:U
|player|p1