|join|uunubnub
|join|Donphantastic
|player|p1|uunubnub|184
|player|p2|Donphantastic|290
|gametype|singles
|gen|6
|tier|UU
|rated
|rule|Sleep Clause Mod: Limit one foe put to sleep
|rule|Species Clause: Limit one of each Pokémon
|rule|OHKO Clause: OHKO moves are banned
|rule|Moody Clause: Moody is banned
|rule|Evasion Moves Clause: Evasion moves are banned
|rule|Endless Battle Clause: Forcing endless battles is banned
|rule|HP Percentage Mod: HP is shown in percentages
|clearpoke
|poke|p1|Machamp, M
|poke|p1|Snorlax, M
|poke|p1|Cresselia, F
|poke|p1|Nidoqueen, F
|poke|p1|Blastoise, F
|poke|p1|Arcanine, M
|poke|p2|Pidgeot, M
|poke|p2|Swampert, F
|poke|p2|Starmie
|poke|p2|Mienshao, M
|poke|p2|Jirachi
|poke|p2|Fletchinder, F
|rule|Swagger Clause: Swagger is banned
|rule|Baton Pass Clause: Limit one Pokémon knowing Baton Pass
|teampreview
|join|Bassy To
|
|start
|switch|p1a: Machamp|Machamp, M|384\/384
|switch|p2a: Burd 1|Pidgeot, M|307\/307
|turn|1
|
|switch|p1a: Snorlax|Snorlax, M|461\/461
|detailschange|p2a: Burd 1|Pidgeot-Mega, M
|-mega|p2a: Burd 1|Pidgeot|Pidgeotite
|move|p2a: Burd 1|Hurricane|p1a: Snorlax
|-damage|p1a: Snorlax|343\/461
|
|turn|2
|
|move|p1a: Snorlax|Pursuit|p2a: Burd 1|[from]Pursuit
|-damage|p2a: Burd 1|198\/307
|switch|p2a: good I swear|Starmie|324\/324
|
|turn|3
|
|move|p2a: good I swear|Scald|p1a: Snorlax
|-damage|p1a: Snorlax|288\/461
|move|p1a: Snorlax|Crunch|p2a: good I swear
|-supereffective|p2a: good I swear
|-damage|p2a: good I swear|196\/324
|-unboost|p2a: good I swear|def|1
|
|-heal|p2a: good I swear|216\/324|[from] item: Leftovers
|turn|4
|leave|Bassy To
|
|switch|p1a: Blastoise|Blastoise, F|362\/362
|move|p2a: good I swear|Scald|p1a: Blastoise
|-resisted|p1a: Blastoise
|-damage|p1a: Blastoise|315\/362
|
|-heal|p2a: good I swear|236\/324|[from] item: Leftovers
|turn|5
|
|detailschange|p1a: Blastoise|Blastoise-Mega, F
|-mega|p1a: Blastoise|Blastoise|Blastoisinite
|move|p2a: good I swear|Toxic|p1a: Blastoise
|-status|p1a: Blastoise|tox
|move|p1a: Blastoise|Water Pulse|p2a: good I swear
|-resisted|p2a: good I swear
|-damage|p2a: good I swear|128\/324
|
|-heal|p2a: good I swear|148\/324|[from] item: Leftovers
|-damage|p1a: Blastoise|293\/362 tox|[from] psn
|turn|6
|
|switch|p2a: 1 move and die|Mienshao, M|271\/271
|move|p1a: Blastoise|Dark Pulse|p2a: 1 move and die
|-resisted|p2a: 1 move and die
|-damage|p2a: 1 move and die|158\/271
|
|-damage|p1a: Blastoise|249\/362 tox|[from] psn
|turn|7
|
|switch|p1a: Arcanine|Arcanine, M|383\/383
|-ability|p1a: Arcanine|Intimidate|[of] p2a: 1 move and die
|-unboost|p2a: 1 move and die|atk|1
|move|p2a: 1 move and die|U-turn|p1a: Arcanine
|-resisted|p1a: Arcanine
|-damage|p1a: Arcanine|333\/383
|join|Meowiekins
|
|switch|p2a: I do enough|Swampert, F|403\/403
|
|turn|8
|
|switch|p1a: Machamp|Machamp, M|384\/384
|move|p2a: I do enough|Stealth Rock|p1a: Machamp
|-sidestart|p1: uunubnub|move: Stealth Rock
|
|turn|9
Meowiekins was promoted to Room Voice by uunubnub.
|
|move|p2a: I do enough|Earthquake|p1a: Machamp
|-damage|p1a: Machamp|236\/384
|move|p1a: Machamp|Knock Off|p2a: I do enough
|-damage|p2a: I do enough|195\/403
|-enditem|p2a: I do enough|Leftovers|[from] move: Knock Off|[of] p1a: Machamp
|
|turn|10
|
|switch|p1a: Cresselia|Cresselia, F|444\/444
|-damage|p1a: Cresselia|389\/444|[from] Stealth Rock
|move|p2a: I do enough|Earthquake|p1a: Cresselia
|-immune|p1a: Cresselia|[msg]
|
|-heal|p1a: Cresselia|416\/444|[from] item: Leftovers
|turn|11
|
|move|p1a: Cresselia|Thunder Wave|p2a: I do enough
|-immune|p2a: I do enough|[msg]
|move|p2a: I do enough|Roar|p1a: Cresselia
|drag|p1a: Arcanine|Arcanine, M|333\/383
|-damage|p1a: Arcanine|238\/383|[from] Stealth Rock
|-ability|p1a: Arcanine|Intimidate|[of] p2a: I do enough
|-unboost|p2a: I do enough|atk|1
|
|turn|12
|
|switch|p1a: Cresselia|Cresselia, F|416\/444
|-damage|p1a: Cresselia|361\/444|[from] Stealth Rock
|move|p2a: I do enough|Scald|p1a: Cresselia
|-damage|p1a: Cresselia|307\/444
|-status|p1a: Cresselia|brn
|
|-heal|p1a: Cresselia|334\/444 brn|[from] item: Leftovers
|-damage|p1a: Cresselia|279\/444 brn|[from] brn
|turn|13
|
|move|p1a: Cresselia|Ice Beam|p2a: I do enough
|-damage|p2a: I do enough|155\/403
|move|p2a: I do enough|Roar|p1a: Cresselia
|drag|p1a: Nidoqueen|Nidoqueen, F|351\/351
|-damage|p1a: Nidoqueen|330\/351|[from] Stealth Rock
|
|turn|14
|
|move|p1a: Nidoqueen|Earth Power|p2a: I do enough
|-damage|p2a: I do enough|0 fnt
|faint|p2a: I do enough
|
|join|watfor
|
|switch|p2a: Not Broken|Jirachi|341\/341
|turn|15
|
|move|p2a: Not Broken|Iron Head|p1a: Nidoqueen
|-damage|p1a: Nidoqueen|194\/351
|move|p1a: Nidoqueen|Stealth Rock|p2a: Not Broken
|-sidestart|p2: Donphantastic|move: Stealth Rock
|
|turn|16
|
|move|p2a: Not Broken|Iron Head|p1a: Nidoqueen
|-damage|p1a: Nidoqueen|49\/351
|move|p1a: Nidoqueen|Earth Power|p2a: Not Broken
|-supereffective|p2a: Not Broken
|-damage|p2a: Not Broken|0 fnt
|faint|p2a: Not Broken
|
|c|★uunubnub|hax
|
|switch|p2a: Burd 1|Pidgeot-Mega, M|198\/307
|-damage|p2a: Burd 1|122\/307|[from] Stealth Rock
|turn|17
|
|move|p2a: Burd 1|Hurricane|p1a: Nidoqueen
|-damage|p1a: Nidoqueen|0 fnt
|faint|p1a: Nidoqueen
|
|
|switch|p1a: Arcanine|Arcanine, M|238\/383
|-damage|p1a: Arcanine|143\/383|[from] Stealth Rock
|-ability|p1a: Arcanine|Intimidate|[of] p2a: Burd 1
|-unboost|p2a: Burd 1|atk|1
|turn|18
|
|move|p1a: Arcanine|Extreme Speed|p2a: Burd 1
|-damage|p2a: Burd 1|0 fnt
|faint|p2a: Burd 1
|
|
|switch|p2a: good I swear|Starmie|148\/324
|-damage|p2a: good I swear|108\/324|[from] Stealth Rock
|turn|19
|
|move|p1a: Arcanine|Extreme Speed|p2a: good I swear
|-damage|p2a: good I swear|0 fnt
|faint|p2a: good I swear
|
|-message|Donphantastic forfeited.
|leave|Donphantastic
|leave|watfor
|
|win|uunubnub
|raw|Ladder updating...
|c|★uunubnub|gg
|player|p2
|raw|uunubnub's rating: 1545 &rarr; <strong>1561<\/strong><br \/>(+16 for winning)
|raw|Donphantastic's rating: 1463 &rarr; <strong>1448<\/strong><br \/>(-15 for losing)
|c|★uunubnub|meowie thx for lax
|c|★uunubnub|:)