|join|Donphantastic
|join|Spiny-Z
|player|p1|Donphantastic|170
|player|p2|Spiny-Z|267
|gametype|singles
|gen|6
|tier|UU
|rated
|rule|Sleep Clause Mod: Limit one foe put to sleep
|rule|Species Clause: Limit one of each Pokémon
|rule|OHKO Clause: OHKO moves are banned
|rule|Moody Clause: Moody is banned
|rule|Evasion Moves Clause: Evasion moves are banned
|rule|Endless Battle Clause: Forcing endless battles is banned
|rule|HP Percentage Mod: HP is shown in percentages
|clearpoke
|poke|p1|Sceptile, F
|poke|p1|Vaporeon, M
|poke|p1|Rhyperior, M
|poke|p1|Fletchinder, M
|poke|p1|Crobat, M
|poke|p1|Mienshao, F
|poke|p2|Krookodile, M
|poke|p2|Rotom-Heat
|poke|p2|Celebi
|poke|p2|Whimsicott, F
|poke|p2|Absol, M
|poke|p2|Cresselia, F
|rule|Swagger Clause: Swagger is banned
|rule|Baton Pass Clause: Limit one Pokémon knowing Baton Pass
|teampreview
|
|start
|switch|p1a: Mienshao|Mienshao, F|271\/271
|switch|p2a: QuiVeutDuPain|Rotom-Heat|303\/303
|turn|1
|
|move|p1a: Mienshao|U-turn|p2a: QuiVeutDuPain
|-resisted|p2a: QuiVeutDuPain
|-damage|p2a: QuiVeutDuPain|276\/303
|
|switch|p1a: Rhyperior|Rhyperior, M|433\/433
|move|p2a: QuiVeutDuPain|Will-O-Wisp|p1a: Rhyperior|[miss]
|-miss|p2a: QuiVeutDuPain|p1a: Rhyperior
|
|-heal|p2a: QuiVeutDuPain|294\/303|[from] item: Leftovers
|turn|2
|c|★Spiny-Z|o my lord
|
|move|p2a: QuiVeutDuPain|Will-O-Wisp|p1a: Rhyperior
|-status|p1a: Rhyperior|brn
|move|p1a: Rhyperior|Stealth Rock|p2a: QuiVeutDuPain
|-sidestart|p2: Spiny-Z|move: Stealth Rock
|
|-heal|p2a: QuiVeutDuPain|303\/303|[from] item: Leftovers
|-damage|p1a: Rhyperior|379\/433 brn|[from] brn
|turn|3
|
|move|p2a: QuiVeutDuPain|Will-O-Wisp|p1a: Rhyperior|[miss]
|-miss|p2a: QuiVeutDuPain|p1a: Rhyperior
|move|p1a: Rhyperior|Roar|p2a: QuiVeutDuPain
|drag|p2a: Serebii.net|Celebi|403\/403
|-damage|p2a: Serebii.net|353\/403|[from] Stealth Rock
|
|-heal|p2a: Serebii.net|378\/403|[from] item: Leftovers
|-heal|p1a: Rhyperior|406\/433 brn|[from] item: Leftovers
|-damage|p1a: Rhyperior|352\/433 brn|[from] brn
|turn|4
|
|switch|p1a: Sceptile|Sceptile, F|281\/281
|move|p2a: Serebii.net|Leech Seed|p1a: Sceptile
|-immune|p1a: Sceptile|[msg]
|
|-heal|p2a: Serebii.net|403\/403|[from] item: Leftovers
|turn|5
|
|detailschange|p1a: Sceptile|Sceptile-Mega, F
|message|Sceptile has Mega Evolved into Mega Sceptile!
|move|p1a: Sceptile|Substitute|p1a: Sceptile
|-start|p1a: Sceptile|Substitute
|-damage|p1a: Sceptile|211\/281
|move|p2a: Serebii.net|U-turn|p1a: Sceptile
|-supereffective|p1a: Sceptile
|-end|p1a: Sceptile|Substitute
|
|switch|p2a: QuiVeutDuPain|Rotom-Heat|303\/303
|-damage|p2a: QuiVeutDuPain|228\/303|[from] Stealth Rock
|
|-heal|p2a: QuiVeutDuPain|246\/303|[from] item: Leftovers
|turn|6
|
|switch|p1a: Rhyperior|Rhyperior, M|352\/433 brn
|move|p2a: QuiVeutDuPain|Will-O-Wisp|p1a: Rhyperior
|-fail|p1a: Rhyperior|brn
|
|-heal|p2a: QuiVeutDuPain|264\/303|[from] item: Leftovers
|-heal|p1a: Rhyperior|379\/433 brn|[from] item: Leftovers
|-damage|p1a: Rhyperior|325\/433 brn|[from] brn
|turn|7
|
|move|p2a: QuiVeutDuPain|Volt Switch|p1a: Rhyperior
|-immune|p1a: Rhyperior|[msg]
|move|p1a: Rhyperior|Roar|p2a: QuiVeutDuPain
|drag|p2a: DinoCroc|Krookodile, M|331\/331
|-damage|p2a: DinoCroc|311\/331|[from] Stealth Rock
|
|-heal|p1a: Rhyperior|352\/433 brn|[from] item: Leftovers
|-damage|p1a: Rhyperior|298\/433 brn|[from] brn
|turn|8
|
|switch|p1a: Crobat|Crobat, M|373\/373
|move|p2a: DinoCroc|Knock Off|p1a: Crobat
|-damage|p1a: Crobat|205\/373
|-damage|p2a: DinoCroc|278\/331|[from] item: Life Orb
|
|turn|9
|
|move|p1a: Crobat|Acrobatics|p2a: DinoCroc
|-damage|p2a: DinoCroc|125\/331
|move|p2a: DinoCroc|Stone Edge|p1a: Crobat
|-supereffective|p1a: Crobat
|-damage|p1a: Crobat|0 fnt
|-damage|p2a: DinoCroc|92\/331|[from] item: Life Orb
|faint|p1a: Crobat
|-boost|p2a: DinoCroc|atk|1|[from] ability: Moxie
|
|
|switch|p1a: Sceptile|Sceptile-Mega, F|211\/281
|turn|10
|
|switch|p2a: Serebii.net|Celebi|403\/403
|-damage|p2a: Serebii.net|353\/403|[from] Stealth Rock
|move|p1a: Sceptile|Giga Drain|p2a: Serebii.net
|-resisted|p2a: Serebii.net
|-damage|p2a: Serebii.net|297\/403
|-heal|p1a: Sceptile|239\/281|[from] drain|[of] p2a: Serebii.net
|
|-heal|p2a: Serebii.net|322\/403|[from] item: Leftovers
|turn|11
|
|move|p1a: Sceptile|Dragon Pulse|p2a: Serebii.net
|-damage|p2a: Serebii.net|205\/403
|move|p2a: Serebii.net|Toxic|p1a: Sceptile
|-status|p1a: Sceptile|tox
|
|-heal|p2a: Serebii.net|230\/403|[from] item: Leftovers
|-damage|p1a: Sceptile|222\/281 tox|[from] psn
|turn|12
|
|switch|p1a: Fletchinder|Fletchinder, M|291\/291
|move|p2a: Serebii.net|Recover|p2a: Serebii.net
|-heal|p2a: Serebii.net|403\/403
|
|turn|13
|
|switch|p2a: QuiVeutDuPain|Rotom-Heat|264\/303
|-damage|p2a: QuiVeutDuPain|189\/303|[from] Stealth Rock
|move|p1a: Fletchinder|Acrobatics|p2a: QuiVeutDuPain
|-resisted|p2a: QuiVeutDuPain
|-damage|p2a: QuiVeutDuPain|139\/303
|
|-heal|p2a: QuiVeutDuPain|157\/303|[from] item: Leftovers
|turn|14
|
|switch|p1a: Rhyperior|Rhyperior, M|298\/433 brn
|move|p2a: QuiVeutDuPain|Pain Split|p1a: Rhyperior
|-sethp|p1a: Rhyperior|227\/433 brn|p2a: QuiVeutDuPain|227\/303|[from] move: Pain Split
|
|-heal|p2a: QuiVeutDuPain|245\/303|[from] item: Leftovers
|-heal|p1a: Rhyperior|254\/433 brn|[from] item: Leftovers
|-damage|p1a: Rhyperior|200\/433 brn|[from] brn
|turn|15
|
|move|p2a: QuiVeutDuPain|Overheat|p1a: Rhyperior
|-resisted|p1a: Rhyperior
|-damage|p1a: Rhyperior|113\/433 brn
|-unboost|p2a: QuiVeutDuPain|spa|2
|move|p1a: Rhyperior|Stealth Rock|p2a: QuiVeutDuPain
|-fail|p2a: QuiVeutDuPain
|
|-heal|p2a: QuiVeutDuPain|263\/303|[from] item: Leftovers
|-heal|p1a: Rhyperior|140\/433 brn|[from] item: Leftovers
|-damage|p1a: Rhyperior|86\/433 brn|[from] brn
|turn|16
|
|move|p2a: QuiVeutDuPain|Overheat|p1a: Rhyperior
|-resisted|p1a: Rhyperior
|-damage|p1a: Rhyperior|45\/433 brn
|-unboost|p2a: QuiVeutDuPain|spa|2
|move|p1a: Rhyperior|Roar|p2a: QuiVeutDuPain
|drag|p2a: Celia|Cresselia, F|421\/421
|-damage|p2a: Celia|369\/421|[from] Stealth Rock
|
|-heal|p2a: Celia|395\/421|[from] item: Leftovers
|-heal|p1a: Rhyperior|72\/433 brn|[from] item: Leftovers
|-damage|p1a: Rhyperior|18\/433 brn|[from] brn
|turn|17
|
|move|p2a: Celia|Psyshock|p1a: Rhyperior
|-damage|p1a: Rhyperior|0 fnt
|faint|p1a: Rhyperior
|
|-heal|p2a: Celia|421\/421|[from] item: Leftovers
|
|switch|p1a: Fletchinder|Fletchinder, M|291\/291
|turn|18
|
|move|p1a: Fletchinder|Swords Dance|p1a: Fletchinder
|-boost|p1a: Fletchinder|atk|2
|move|p2a: Celia|Calm Mind|p2a: Celia
|-boost|p2a: Celia|spa|1
|-boost|p2a: Celia|spd|1
|
|turn|19
|
|move|p1a: Fletchinder|Acrobatics|p2a: Celia
|-damage|p2a: Celia|240\/421
|move|p2a: Celia|Calm Mind|p2a: Celia
|-boost|p2a: Celia|spa|1
|-boost|p2a: Celia|spd|1
|
|-heal|p2a: Celia|266\/421|[from] item: Leftovers
|turn|20
|
|move|p1a: Fletchinder|Acrobatics|p2a: Celia
|-damage|p2a: Celia|80\/421
|move|p2a: Celia|Psyshock|p1a: Fletchinder
|-damage|p1a: Fletchinder|45\/291
|
|-heal|p2a: Celia|106\/421|[from] item: Leftovers
|turn|21
|
|move|p1a: Fletchinder|Acrobatics|p2a: Celia
|-damage|p2a: Celia|0 fnt
|faint|p2a: Celia
|
|
|switch|p2a: QuiVeutDuPain|Rotom-Heat|263\/303
|-damage|p2a: QuiVeutDuPain|188\/303|[from] Stealth Rock
|turn|22
|
|move|p1a: Fletchinder|Roost|p1a: Fletchinder
|-heal|p1a: Fletchinder|191\/291
|move|p2a: QuiVeutDuPain|Volt Switch|p1a: Fletchinder
|-damage|p1a: Fletchinder|41\/291
|
|switch|p2a: DouDouillet|Whimsicott, F|266\/266
|-damage|p2a: DouDouillet|233\/266|[from] Stealth Rock
|
|-heal|p2a: DouDouillet|249\/266|[from] item: Leftovers
|turn|23
|
|move|p2a: DouDouillet|Encore|p1a: Fletchinder
|-start|p1a: Fletchinder|Encore
|move|p1a: Fletchinder|Roost|p1a: Fletchinder
|-heal|p1a: Fletchinder|187\/291
|
|-heal|p2a: DouDouillet|265\/266|[from] item: Leftovers
|turn|24
|
|move|p2a: DouDouillet|Leech Seed|p1a: Fletchinder
|-start|p1a: Fletchinder|move: Leech Seed
|move|p1a: Fletchinder|Roost|p1a: Fletchinder
|-heal|p1a: Fletchinder|291\/291
|
|-heal|p2a: DouDouillet|266\/266|[from] item: Leftovers
|-damage|p1a: Fletchinder|255\/291|[from] Leech Seed|[of] p2a: DouDouillet
|turn|25
|
|switch|p1a: Mienshao|Mienshao, F|271\/271
|move|p2a: DouDouillet|Substitute|p2a: DouDouillet
|-start|p2a: DouDouillet|Substitute
|-damage|p2a: DouDouillet|200\/266
|
|-heal|p2a: DouDouillet|216\/266|[from] item: Leftovers
|turn|26
|
|move|p2a: DouDouillet|Leech Seed|p1a: Mienshao
|-start|p1a: Mienshao|move: Leech Seed
|move|p1a: Mienshao|U-turn|p2a: DouDouillet
|-end|p2a: DouDouillet|Substitute
|
|switch|p1a: Fletchinder|Fletchinder, M|255\/291
|
|-heal|p2a: DouDouillet|232\/266|[from] item: Leftovers
|turn|27
|
|switch|p2a: QuiVeutDuPain|Rotom-Heat|188\/303
|-damage|p2a: QuiVeutDuPain|113\/303|[from] Stealth Rock
|move|p1a: Fletchinder|Acrobatics|p2a: QuiVeutDuPain
|-resisted|p2a: QuiVeutDuPain
|-damage|p2a: QuiVeutDuPain|64\/303
|
|-heal|p2a: QuiVeutDuPain|82\/303|[from] item: Leftovers
|turn|28
|
|move|p1a: Fletchinder|Swords Dance|p1a: Fletchinder
|-boost|p1a: Fletchinder|atk|2
|move|p2a: QuiVeutDuPain|Pain Split|p1a: Fletchinder
|-sethp|p1a: Fletchinder|168\/291|p2a: QuiVeutDuPain|168\/303|[from] move: Pain Split
|
|-heal|p2a: QuiVeutDuPain|186\/303|[from] item: Leftovers
|turn|29
|
|switch|p1a: Sceptile|Sceptile-Mega, F|222\/281 tox
|move|p2a: QuiVeutDuPain|Volt Switch|p1a: Sceptile
|-boost|p1a: Sceptile|spa|1|[from] ability: Lightning Rod
|
|-heal|p2a: QuiVeutDuPain|204\/303|[from] item: Leftovers
|-damage|p1a: Sceptile|205\/281 tox|[from] psn
|turn|30
|
|switch|p2a: Serebii.net|Celebi|403\/403
|-damage|p2a: Serebii.net|353\/403|[from] Stealth Rock
|move|p1a: Sceptile|Giga Drain|p2a: Serebii.net
|-resisted|p2a: Serebii.net
|-damage|p2a: Serebii.net|280\/403
|-heal|p1a: Sceptile|242\/281 tox|[from] drain|[of] p2a: Serebii.net
|
|-heal|p2a: Serebii.net|305\/403|[from] item: Leftovers
|-damage|p1a: Sceptile|208\/281 tox|[from] psn
|turn|31
|
|move|p1a: Sceptile|Dragon Pulse|p2a: Serebii.net
|-damage|p2a: Serebii.net|124\/403
|move|p2a: Serebii.net|Recover|p2a: Serebii.net
|-heal|p2a: Serebii.net|326\/403
|
|-heal|p2a: Serebii.net|351\/403|[from] item: Leftovers
|-damage|p1a: Sceptile|157\/281 tox|[from] psn
|turn|32
|
|move|p1a: Sceptile|Dragon Pulse|p2a: Serebii.net
|-damage|p2a: Serebii.net|182\/403
|move|p2a: Serebii.net|U-turn|p1a: Sceptile
|-supereffective|p1a: Sceptile
|-damage|p1a: Sceptile|15\/281 tox
|
|switch|p2a: QuiVeutDuPain|Rotom-Heat|204\/303
|-damage|p2a: QuiVeutDuPain|129\/303|[from] Stealth Rock
|
|-heal|p2a: QuiVeutDuPain|147\/303|[from] item: Leftovers
|-damage|p1a: Sceptile|0 fnt|[from] psn
|faint|p1a: Sceptile
|
|switch|p1a: Mienshao|Mienshao, F|271\/271
|turn|33
|
|move|p1a: Mienshao|U-turn|p2a: QuiVeutDuPain
|-resisted|p2a: QuiVeutDuPain
|-damage|p2a: QuiVeutDuPain|121\/303
|
|switch|p1a: Vaporeon|Vaporeon, M|463\/463
|move|p2a: QuiVeutDuPain|Pain Split|p1a: Vaporeon
|-sethp|p1a: Vaporeon|292\/463|p2a: QuiVeutDuPain|292\/303|[from] move: Pain Split
|
|-heal|p2a: QuiVeutDuPain|303\/303|[from] item: Leftovers
|-heal|p1a: Vaporeon|320\/463|[from] item: Leftovers
|turn|34
|
|move|p2a: QuiVeutDuPain|Volt Switch|p1a: Vaporeon
|-supereffective|p1a: Vaporeon
|-damage|p1a: Vaporeon|132\/463
|
|switch|p2a: Serebii.net|Celebi|182\/403
|-damage|p2a: Serebii.net|132\/403|[from] Stealth Rock
|move|p1a: Vaporeon|Baton Pass|p1a: Vaporeon
|
|switch|p1a: Fletchinder|Fletchinder, M|168\/291
|
|-heal|p2a: Serebii.net|157\/403|[from] item: Leftovers
|turn|35
|
|switch|p1a: Mienshao|Mienshao, F|271\/271
|move|p2a: Serebii.net|U-turn|p1a: Mienshao
|-resisted|p1a: Mienshao
|-damage|p1a: Mienshao|232\/271
|
|switch|p2a: QuiVeutDuPain|Rotom-Heat|303\/303
|-damage|p2a: QuiVeutDuPain|228\/303|[from] Stealth Rock
|
|-heal|p2a: QuiVeutDuPain|246\/303|[from] item: Leftovers
|turn|36
|
|move|p1a: Mienshao|High Jump Kick|p2a: QuiVeutDuPain
|-crit|p2a: QuiVeutDuPain
|-damage|p2a: QuiVeutDuPain|0 fnt
|faint|p2a: QuiVeutDuPain
|
|c|★Spiny-Z|lucker
|
|switch|p2a: DouDouillet|Whimsicott, F|232\/266
|-damage|p2a: DouDouillet|199\/266|[from] Stealth Rock
|turn|37
|
|move|p2a: DouDouillet|Leech Seed|p1a: Mienshao
|-start|p1a: Mienshao|move: Leech Seed
|move|p1a: Mienshao|High Jump Kick|p2a: DouDouillet|[miss]
|-miss|p1a: Mienshao|p2a: DouDouillet
|-damage|p1a: Mienshao|97\/271|[from] highjumpkick
|
|-heal|p2a: DouDouillet|215\/266|[from] item: Leftovers
|-damage|p1a: Mienshao|64\/271|[from] Leech Seed|[of] p2a: DouDouillet
|-heal|p2a: DouDouillet|248\/266|[silent]
|turn|38
|c|★Spiny-Z|HAHA
|c|★Spiny-Z|THAT
|c|★Spiny-Z|WAS FOR THE CRIT
|
|switch|p1a: Fletchinder|Fletchinder, M|168\/291
|move|p2a: DouDouillet|Substitute|p2a: DouDouillet
|-start|p2a: DouDouillet|Substitute
|-damage|p2a: DouDouillet|182\/266
|
|-heal|p2a: DouDouillet|198\/266|[from] item: Leftovers
|turn|39
|
|move|p2a: DouDouillet|Leech Seed|p1a: Fletchinder
|-start|p1a: Fletchinder|move: Leech Seed
|move|p1a: Fletchinder|Acrobatics|p2a: DouDouillet
|-supereffective|p2a: DouDouillet
|-end|p2a: DouDouillet|Substitute
|
|-heal|p2a: DouDouillet|214\/266|[from] item: Leftovers
|-damage|p1a: Fletchinder|132\/291|[from] Leech Seed|[of] p2a: DouDouillet
|-heal|p2a: DouDouillet|250\/266|[silent]
|turn|40
|
|move|p2a: DouDouillet|Substitute|p2a: DouDouillet
|-start|p2a: DouDouillet|Substitute
|-damage|p2a: DouDouillet|184\/266
|move|p1a: Fletchinder|Acrobatics|p2a: DouDouillet
|-supereffective|p2a: DouDouillet
|-end|p2a: DouDouillet|Substitute
|
|-heal|p2a: DouDouillet|200\/266|[from] item: Leftovers
|-damage|p1a: Fletchinder|96\/291|[from] Leech Seed|[of] p2a: DouDouillet
|-heal|p2a: DouDouillet|236\/266|[silent]
|turn|41
|
|switch|p1a: Mienshao|Mienshao, F|64\/271
|move|p2a: DouDouillet|Substitute|p2a: DouDouillet
|-start|p2a: DouDouillet|Substitute
|-damage|p2a: DouDouillet|170\/266
|
|-heal|p2a: DouDouillet|186\/266|[from] item: Leftovers
|turn|42
|
|move|p2a: DouDouillet|Leech Seed|p1a: Mienshao
|-start|p1a: Mienshao|move: Leech Seed
|move|p1a: Mienshao|U-turn|p2a: DouDouillet
|-end|p2a: DouDouillet|Substitute
|
|switch|p1a: Fletchinder|Fletchinder, M|96\/291
|
|-heal|p2a: DouDouillet|202\/266|[from] item: Leftovers
|turn|43
|
|move|p2a: DouDouillet|Leech Seed|p1a: Fletchinder
|-start|p1a: Fletchinder|move: Leech Seed
|move|p1a: Fletchinder|Acrobatics|p2a: DouDouillet
|-supereffective|p2a: DouDouillet
|-damage|p2a: DouDouillet|0 fnt
|faint|p2a: DouDouillet
|
|
|switch|p2a: PredictDestruction|Absol, M|271\/271
|-damage|p2a: PredictDestruction|238\/271|[from] Stealth Rock
|turn|44
|
|detailschange|p2a: PredictDestruction|Absol-Mega, M
|message|Absol has Mega Evolved into Mega Absol!
|move|p1a: Fletchinder|Acrobatics|p2a: PredictDestruction
|-damage|p2a: PredictDestruction|7\/271
|move|p2a: PredictDestruction|Swords Dance|p2a: PredictDestruction
|-boost|p2a: PredictDestruction|atk|2
|
|-damage|p1a: Fletchinder|60\/291|[from] Leech Seed|[of] p2a: PredictDestruction
|-heal|p2a: PredictDestruction|43\/271|[silent]
|turn|45
|
|move|p2a: PredictDestruction|Sucker Punch|p1a: Fletchinder
|-fail|p1a: Fletchinder
|move|p1a: Fletchinder|Roost|p1a: Fletchinder
|-heal|p1a: Fletchinder|206\/291
|
|-damage|p1a: Fletchinder|170\/291|[from] Leech Seed|[of] p2a: PredictDestruction
|-heal|p2a: PredictDestruction|79\/271|[silent]
|turn|46
|
|move|p2a: PredictDestruction|Sucker Punch|p1a: Fletchinder
|-fail|p1a: Fletchinder
|move|p1a: Fletchinder|Roost|p1a: Fletchinder
|-heal|p1a: Fletchinder|291\/291
|
|-damage|p1a: Fletchinder|255\/291|[from] Leech Seed|[of] p2a: PredictDestruction
|-heal|p2a: PredictDestruction|115\/271|[silent]
|turn|47
|
|move|p2a: PredictDestruction|Sucker Punch|p1a: Fletchinder
|-fail|p1a: Fletchinder
|move|p1a: Fletchinder|Swords Dance|p1a: Fletchinder
|-boost|p1a: Fletchinder|atk|2
|
|-damage|p1a: Fletchinder|219\/291|[from] Leech Seed|[of] p2a: PredictDestruction
|-heal|p2a: PredictDestruction|151\/271|[silent]
|turn|48
|c|★Spiny-Z|...
|
|switch|p1a: Vaporeon|Vaporeon, M|132\/463
|move|p2a: PredictDestruction|Sucker Punch|p1a: Vaporeon
|-fail|p1a: Vaporeon
|
|-heal|p1a: Vaporeon|160\/463|[from] item: Leftovers
|turn|49
|
|move|p1a: Vaporeon|Protect|p1a: Vaporeon
|-singleturn|p1a: Vaporeon|Protect
|move|p2a: PredictDestruction|Knock Off|p1a: Vaporeon
|-activate|p1a: Vaporeon|Protect
|
|-heal|p1a: Vaporeon|188\/463|[from] item: Leftovers
|turn|50
|
|move|p2a: PredictDestruction|Knock Off|p1a: Vaporeon
|-damage|p1a: Vaporeon|0 fnt
|-enditem|p1a: Vaporeon|Leftovers|[from] move: Knock Off|[of] p2a: PredictDestruction
|faint|p1a: Vaporeon
|
|
|switch|p1a: Fletchinder|Fletchinder, M|219\/291
|turn|51
|
|move|p2a: PredictDestruction|Sucker Punch|p1a: Fletchinder
|-fail|p1a: Fletchinder
|move|p1a: Fletchinder|Roost|p1a: Fletchinder
|-heal|p1a: Fletchinder|291\/291
|
|turn|52
|
|move|p2a: PredictDestruction|Sucker Punch|p1a: Fletchinder
|-damage|p1a: Fletchinder|0 fnt
|faint|p1a: Fletchinder
|
|
|switch|p1a: Mienshao|Mienshao, F|64\/271
|turn|53
|
|move|p2a: PredictDestruction|Sucker Punch|p1a: Mienshao
|-resisted|p1a: Mienshao
|-damage|p1a: Mienshao|0 fnt
|faint|p1a: Mienshao
|
|win|Spiny-Z
|raw|Ladder updating...
|c|★Spiny-Z|gg