|join|Donphantastic
|join|3are
|player|p1|Donphantastic|290
|player|p2|3are|173
|gametype|singles
|gen|6
|tier|UU
|rated
|rule|Sleep Clause Mod: Limit one foe put to sleep
|rule|Species Clause: Limit one of each Pokémon
|rule|OHKO Clause: OHKO moves are banned
|rule|Moody Clause: Moody is banned
|rule|Evasion Moves Clause: Evasion moves are banned
|rule|Endless Battle Clause: Forcing endless battles is banned
|rule|HP Percentage Mod: HP is shown in percentages
|clearpoke
|poke|p1|Jirachi, shiny
|poke|p1|Hydreigon, F
|poke|p1|Whimsicott, F
|poke|p1|Snorlax, M
|poke|p1|Crobat, F
|poke|p1|Nidoking, M
|poke|p2|Hydreigon, F
|poke|p2|Chandelure, M
|poke|p2|Empoleon, F
|poke|p2|Sableye, F
|poke|p2|Hippowdon, F, shiny
|poke|p2|Crobat, F
|rule|Swagger Clause: Swagger is banned
|rule|Baton Pass Clause: Limit one Pokémon knowing Baton Pass
|teampreview
|
|start
|switch|p1a: Hydreigon|Hydreigon, F|325\/325
|switch|p2a: Crobat|Crobat, F|325\/325
|turn|1
|
|switch|p2a: Empoleon|Empoleon, F|372\/372
|move|p1a: Hydreigon|Dark Pulse|p2a: Empoleon
|-damage|p2a: Empoleon|195\/372
|
|-heal|p2a: Empoleon|218\/372|[from] item: Leftovers
|turn|2
|
|move|p1a: Hydreigon|Dark Pulse|p2a: Empoleon
|-damage|p2a: Empoleon|59\/372
|move|p2a: Empoleon|Knock Off|p1a: Hydreigon
|-resisted|p1a: Hydreigon
|-damage|p1a: Hydreigon|294\/325
|-enditem|p1a: Hydreigon|Choice Specs|[from] move: Knock Off|[of] p2a: Empoleon
|
|-heal|p2a: Empoleon|82\/372|[from] item: Leftovers
|turn|3
|
|switch|p2a: Sableye|Sableye, F|304\/304
|move|p1a: Hydreigon|Dark Pulse|p2a: Sableye
|-damage|p2a: Sableye|160\/304
|
|-heal|p2a: Sableye|179\/304|[from] item: Leftovers
|turn|4
|
|move|p1a: Hydreigon|Dark Pulse|p2a: Sableye
|-damage|p2a: Sableye|44\/304
|move|p2a: Sableye|Knock Off|p1a: Hydreigon
|-resisted|p1a: Hydreigon
|-damage|p1a: Hydreigon|258\/325
|
|-heal|p2a: Sableye|63\/304|[from] item: Leftovers
|turn|5
|
|move|p2a: Sableye|Recover|p2a: Sableye
|-heal|p2a: Sableye|215\/304
|move|p1a: Hydreigon|Draco Meteor|p2a: Sableye
|-damage|p2a: Sableye|0 fnt
|-unboost|p1a: Hydreigon|spa|2
|faint|p2a: Sableye
|
|
|switch|p2a: Hydreigon|Hydreigon, F|325\/325
|turn|6
|
|switch|p2a: Crobat|Crobat, F|325\/325
|switch|p1a: Whimsicott|Whimsicott, F|323\/323
|
|turn|7
|c|★3are|finally
|c|★3are|you did something logical
|
|move|p1a: Whimsicott|Stun Spore|p2a: Crobat|[miss]
|-miss|p1a: Whimsicott|p2a: Crobat
|move|p2a: Crobat|U-turn|p1a: Whimsicott
|-damage|p1a: Whimsicott|266\/323
|
|switch|p2a: Chandelure|Chandelure, M|261\/261
|
|-heal|p1a: Whimsicott|286\/323|[from] item: Leftovers
|turn|8
|c|★Donphantastic|well my illogical plays have been working so far
|
|switch|p2a: Crobat|Crobat, F|325\/325
|switch|p1a: Hydreigon|Hydreigon, F|258\/325
|
|turn|9
|c|★Donphantastic|dont predict against bad players
|c|★3are|are you assuming i'm bad
|c|★3are|?
|join|EyanZ
|c|★Donphantastic|You should assume I am
|c|★Donphantastic|actually by assuming you're good I know to make bad plays
|c|★Donphantastic|cause you expect me to make good ones
|c|★3are|you peaked high 1650's
|join|Shit User
|c|★3are|you've come close to beating me a couple of times
|c|★3are|why wouldnt i assume
|c|★3are|you're at least a farily decent player :)
|c|★Donphantastic|:] ty fren
|
|move|p2a: Crobat|Taunt|p1a: Hydreigon
|-start|p1a: Hydreigon|move: Taunt
|move|p1a: Hydreigon|Dark Pulse|p2a: Crobat
|-damage|p2a: Crobat|150\/325
|
|-heal|p2a: Crobat|170\/325|[from] item: Black Sludge
|turn|10
|c|★3are|lol
|c|★Donphantastic|sorryjust did not like getting called illogical
|c|★Donphantastic|dark pulse is always a good play, hydrei is your only switch in
|
|move|p2a: Crobat|Roost|p2a: Crobat
|-heal|p2a: Crobat|325\/325
|move|p1a: Hydreigon|Dark Pulse|p2a: Crobat
|-damage|p2a: Crobat|148\/325
|
|-heal|p2a: Crobat|168\/325|[from] item: Black Sludge
|turn|11
|
|move|p2a: Crobat|U-turn|p1a: Hydreigon
|-supereffective|p1a: Hydreigon
|-damage|p1a: Hydreigon|110\/325
|
|switch|p2a: Empoleon|Empoleon, F|82\/372
|move|p1a: Hydreigon|Dark Pulse|p2a: Empoleon
|-damage|p2a: Empoleon|0 fnt
|faint|p2a: Empoleon
|
|-end|p1a: Hydreigon|move: Taunt
|
|switch|p2a: Crobat|Crobat, F|168\/325
|turn|12
|
|move|p2a: Crobat|U-turn|p1a: Hydreigon
|-supereffective|p1a: Hydreigon
|-damage|p1a: Hydreigon|0 fnt
|faint|p1a: Hydreigon
|c| Shit User|k
|c|★Donphantastic|ohi shit user
|
|switch|p2a: Hippowdon|Hippowdon, F, shiny|420\/420
|-weather|Sandstorm
|
|-weather|Sandstorm|[upkeep]
|
|switch|p1a: Whimsicott|Whimsicott, F|286\/323
|turn|13
|c| Shit User|ur both shit
|c|★Donphantastic|y
|c|★Donphantastic|I r bad player
|c| Shit User|y
|c|★Donphantastic|pls teach me 
|
|switch|p2a: Chandelure|Chandelure, M|261\/261
|move|p1a: Whimsicott|Taunt|p2a: Chandelure
|-start|p2a: Chandelure|move: Taunt
|
|-weather|Sandstorm|[upkeep]
|-damage|p2a: Chandelure|245\/261|[from] sandstorm
|-damage|p1a: Whimsicott|266\/323|[from] sandstorm
|-heal|p2a: Chandelure|261\/261|[from] item: Leftovers
|-heal|p1a: Whimsicott|286\/323|[from] item: Leftovers
|turn|14
|
|switch|p2a: Hippowdon|Hippowdon, F, shiny|420\/420
|switch|p1a: Snorlax|Snorlax, M|523\/523
|
|-weather|Sandstorm|[upkeep]
|-damage|p1a: Snorlax|491\/523|[from] sandstorm
|turn|15
|
|move|p2a: Hippowdon|Stealth Rock|p1a: Snorlax
|-sidestart|p1: Donphantastic|move: Stealth Rock
|move|p1a: Snorlax|Body Slam|p2a: Hippowdon
|-damage|p2a: Hippowdon|272\/420
|
|-weather|Sandstorm|[upkeep]
|-damage|p1a: Snorlax|459\/523|[from] sandstorm
|-heal|p2a: Hippowdon|298\/420|[from] item: Leftovers
|turn|16
|c| Shit User|see if u were curselax u wudve won this matchup
|c| Shit User|:^)
|c|★Donphantastic|chandy walls
|c|★Donphantastic|so
|c| Shit User|crunch
|c| Shit User|yo
|c|★Donphantastic|n
|c| Shit User|use 5th gen curselax
|c|★Donphantastic|Resttalk is only lax
|c| Shit User|y
|
|move|p2a: Hippowdon|Toxic|p1a: Snorlax
|-status|p1a: Snorlax|tox
|move|p1a: Snorlax|Body Slam|p2a: Hippowdon
|-damage|p2a: Hippowdon|156\/420
|-status|p2a: Hippowdon|par
|
|-weather|none
|-heal|p2a: Hippowdon|182\/420 par|[from] item: Leftovers
|-damage|p1a: Snorlax|427\/523 tox|[from] psn
|turn|17
|
|switch|p1a: Crobat|Crobat, F|373\/373
|-damage|p1a: Crobat|280\/373|[from] Stealth Rock
|move|p2a: Hippowdon|Slack Off|p2a: Hippowdon
|-heal|p2a: Hippowdon|392\/420 par
|
|-heal|p2a: Hippowdon|418\/420 par|[from] item: Leftovers
|turn|18
|c|★Donphantastic|why risk the para chandy walls
|c|★Donphantastic|:[
|c| Shit User|cos
|c|★3are|bec you'd switch
|c| Shit User|you didnt know that
|c| Shit User|you just assumed you wouldnt get para'd
|c|★Donphantastic|from damage he knows its cb
|c| Shit User|from damage he knows its weak af
|c| Shit User|:^)
|c| Shit User|band is for wallbreakers
|leave|EyanZ
|c| Shit User|not shitters like snorlax
|c| Shit User|lel
|
|move|p1a: Crobat|Defog|p2a: Hippowdon
|-unboost|p2a: Hippowdon|evasion|1
|-sideend|p1: Donphantastic|Stealth Rock|[from] move: Defog|[of] p1a: Crobat
|move|p2a: Hippowdon|Slack Off|p2a: Hippowdon
|-heal|p2a: Hippowdon|420\/420 par
|
|turn|19
|
|move|p1a: Crobat|Acrobatics|p2a: Hippowdon
|-damage|p2a: Hippowdon|339\/420 par
|move|p2a: Hippowdon|Stealth Rock|p1a: Crobat
|-sidestart|p1: Donphantastic|move: Stealth Rock
|
|-heal|p2a: Hippowdon|365\/420 par|[from] item: Leftovers
|turn|20
|
|switch|p2a: Hydreigon|Hydreigon, F|325\/325
|move|p1a: Crobat|Defog|p2a: Hydreigon
|-unboost|p2a: Hydreigon|evasion|1
|-sideend|p1: Donphantastic|Stealth Rock|[from] move: Defog|[of] p1a: Crobat
|
|turn|21
|
|switch|p2a: Chandelure|Chandelure, M|261\/261
|move|p1a: Crobat|U-turn|p2a: Chandelure
|-resisted|p2a: Chandelure
|-damage|p2a: Chandelure|247\/261
|
|switch|p1a: Snorlax|Snorlax, M|427\/523 tox
|
|-heal|p2a: Chandelure|261\/261|[from] item: Leftovers
|-damage|p1a: Snorlax|395\/523 tox|[from] psn
|turn|22
|
|move|p1a: Snorlax|Pursuit|p2a: Chandelure|[from]Pursuit
|-supereffective|p2a: Chandelure
|-damage|p2a: Chandelure|0 fnt
|faint|p2a: Chandelure
|
|-damage|p1a: Snorlax|331\/523 tox|[from] psn
|
|switch|p2a: Hydreigon|Hydreigon, F|325\/325
|turn|23
|
|switch|p2a: Crobat|Crobat, F|168\/325
|switch|p1a: Whimsicott|Whimsicott, F|286\/323
|
|-heal|p2a: Crobat|188\/325|[from] item: Black Sludge
|-heal|p1a: Whimsicott|306\/323|[from] item: Leftovers
|turn|24
|
|move|p1a: Whimsicott|Stun Spore|p2a: Crobat|[miss]
|-miss|p1a: Whimsicott|p2a: Crobat
|move|p2a: Crobat|Brave Bird|p1a: Whimsicott
|-supereffective|p1a: Whimsicott
|-damage|p1a: Whimsicott|48\/323
|-damage|p2a: Crobat|103\/325|[from] recoil|[of] p1a: Whimsicott
|
|-heal|p2a: Crobat|123\/325|[from] item: Black Sludge
|-heal|p1a: Whimsicott|68\/323|[from] item: Leftovers
|turn|25
|c| Shit User|kek
|c|★Donphantastic|okay lets try that a third time
|
|move|p1a: Whimsicott|Stun Spore|p2a: Crobat
|-status|p2a: Crobat|par
|cant|p2a: Crobat|par
|
|-heal|p1a: Whimsicott|88\/323|[from] item: Leftovers
|-heal|p2a: Crobat|143\/325 par|[from] item: Black Sludge
|turn|26
|c| Shit User|nb
|
|move|p1a: Whimsicott|U-turn|p2a: Crobat
|-resisted|p2a: Crobat
|-damage|p2a: Crobat|134\/325 par
|
|switch|p1a: Snorlax|Snorlax, M|331\/523 tox
|cant|p2a: Crobat|par
|
|-heal|p2a: Crobat|154\/325 par|[from] item: Black Sludge
|-damage|p1a: Snorlax|299\/523 tox|[from] psn
|turn|27
|c| Shit User|does he still outspeed
|c| Shit User|kek
|
|move|p1a: Snorlax|Body Slam|p2a: Crobat
|-damage|p2a: Crobat|0 fnt
|faint|p2a: Crobat
|
|-damage|p1a: Snorlax|235\/523 tox|[from] psn
|
|switch|p2a: Hippowdon|Hippowdon, F, shiny|365\/420 par
|-weather|Sandstorm
|turn|28
|c|★Donphantastic|if he was max speed yes
|
|move|p1a: Snorlax|Body Slam|p2a: Hippowdon
|-damage|p2a: Hippowdon|215\/420 par
|move|p2a: Hippowdon|Earthquake|p1a: Snorlax
|-damage|p1a: Snorlax|37\/523 tox
|
|-weather|Sandstorm|[upkeep]
|-damage|p1a: Snorlax|5\/523 tox|[from] sandstorm
|-heal|p2a: Hippowdon|241\/420 par|[from] item: Leftovers
|-damage|p1a: Snorlax|0 fnt|[from] psn
|faint|p1a: Snorlax
|c|★3are|fuck max speed
|c|★Donphantastic|agreed
|c|★3are|noivern is enough
|
|switch|p1a: Whimsicott|Whimsicott, F|88\/323
|turn|29
|
|move|p1a: Whimsicott|Leech Seed|p2a: Hippowdon
|-start|p2a: Hippowdon|move: Leech Seed
|move|p2a: Hippowdon|Toxic|p1a: Whimsicott
|-status|p1a: Whimsicott|tox
|
|-weather|Sandstorm|[upkeep]
|-damage|p1a: Whimsicott|68\/323 tox|[from] sandstorm
|-heal|p1a: Whimsicott|88\/323 tox|[from] item: Leftovers
|-heal|p2a: Hippowdon|267\/420 par|[from] item: Leftovers
|-damage|p2a: Hippowdon|215\/420 par|[from] Leech Seed|[of] p1a: Whimsicott
|-heal|p1a: Whimsicott|140\/323 tox|[silent]
|-damage|p1a: Whimsicott|120\/323 tox|[from] psn
|turn|30
|c|★Donphantastic|alakazam
|c|★Donphantastic|is enough
|
|switch|p2a: Hydreigon|Hydreigon, F|325\/325
|move|p1a: Whimsicott|Taunt|p2a: Hydreigon
|-start|p2a: Hydreigon|move: Taunt
|
|-weather|Sandstorm|[upkeep]
|-damage|p2a: Hydreigon|305\/325|[from] sandstorm
|-damage|p1a: Whimsicott|100\/323 tox|[from] sandstorm
|-heal|p1a: Whimsicott|120\/323 tox|[from] item: Leftovers
|-damage|p1a: Whimsicott|80\/323 tox|[from] psn
|turn|31
|
|switch|p2a: Hippowdon|Hippowdon, F, shiny|215\/420 par
|move|p1a: Whimsicott|Stun Spore|p2a: Hippowdon
|-fail|p2a: Hippowdon|par
|
|-weather|Sandstorm|[upkeep]
|-damage|p1a: Whimsicott|60\/323 tox|[from] sandstorm
|-heal|p1a: Whimsicott|80\/323 tox|[from] item: Leftovers
|-heal|p2a: Hippowdon|241\/420 par|[from] item: Leftovers
|-damage|p1a: Whimsicott|20\/323 tox|[from] psn
|turn|32
|c| Shit User|whimsi a shit
|
|switch|p2a: Hydreigon|Hydreigon, F|305\/325
|move|p1a: Whimsicott|Taunt|p2a: Hydreigon
|-start|p2a: Hydreigon|move: Taunt
|
|-weather|none
|-heal|p1a: Whimsicott|40\/323 tox|[from] item: Leftovers
|-damage|p1a: Whimsicott|0 fnt|[from] psn
|faint|p1a: Whimsicott
|c|★Donphantastic|I almost stunned 
|c|★Donphantastic|:[
|c| Shit User|y but ur not real
|
|switch|p1a: Crobat|Crobat, F|280\/373
|turn|33
|
|switch|p2a: Hippowdon|Hippowdon, F, shiny|241\/420 par
|-weather|Sandstorm
|move|p1a: Crobat|U-turn|p2a: Hippowdon
|-damage|p2a: Hippowdon|204\/420 par
|
|switch|p1a: Nidoking|Nidoking, M|303\/303
|
|-weather|Sandstorm|[upkeep]
|-heal|p2a: Hippowdon|230\/420 par|[from] item: Leftovers
|turn|34
|c| Shit User|this is where ice beam
|c|★Donphantastic|this one situation
|c| Shit User|kills
|
|move|p1a: Nidoking|Earth Power|p2a: Hippowdon
|-damage|p2a: Hippowdon|0 fnt
|faint|p2a: Hippowdon
|
|-weather|Sandstorm|[upkeep]
|c| Shit User|just spam it
|
|switch|p2a: Hydreigon|Hydreigon, F|305\/325
|turn|35
|c| Shit User|cos u have it
|c| Shit User|:^)
|
|move|p2a: Hydreigon|Dark Pulse|p1a: Nidoking
|-damage|p1a: Nidoking|69\/303
|-damage|p2a: Hydreigon|273\/325|[from] item: Life Orb
|move|p1a: Nidoking|Sludge Wave|p2a: Hydreigon
|-damage|p2a: Hydreigon|16\/325
|
|-weather|Sandstorm|[upkeep]
|-damage|p2a: Hydreigon|0 fnt|[from] sandstorm
|faint|p2a: Hydreigon
|
|win|Donphantastic
|raw|Ladder updating...
|raw|Donphantastic's rating: 1571 &rarr; <strong>1582<\/strong><br \/>(+11 for winning)
|raw|3are's rating: 1414 &rarr; <strong>1402<\/strong><br \/>(-12 for losing)
|c| Shit User|killed by own sand
|c|★Donphantastic|gg tho
|leave|3are
|player|p2
|c| Shit User|this is why sand is shit when only one mon
|c|★Donphantastic|ty based stun spore
|c| Shit User|on his team
|c| Shit User|benefits