|join|pokeblade101
|join|Sacri'
|player|p1|pokeblade101|163
|player|p2|Sacri'|265
|gametype|singles
|gen|6
|tier|UU
|rated
|rule|Sleep Clause Mod: Limit one foe put to sleep
|rule|Species Clause: Limit one of each Pokémon
|rule|OHKO Clause: OHKO moves are banned
|rule|Moody Clause: Moody is banned
|rule|Evasion Moves Clause: Evasion moves are banned
|rule|Endless Battle Clause: Forcing endless battles is banned
|rule|HP Percentage Mod: HP is shown in percentages
|clearpoke
|poke|p1|Blissey, F
|poke|p1|Toxicroak, M
|poke|p1|Umbreon, F
|poke|p1|Alomomola, M
|poke|p1|Donphan, M
|poke|p1|Raikou, shiny
|poke|p2|Absol, M
|poke|p2|Raikou
|poke|p2|Nidoqueen, F
|poke|p2|Mienshao, M
|poke|p2|Whimsicott, M
|poke|p2|Crobat, M
|rule|Swagger Clause: Swagger is banned
|rule|Baton Pass Clause: Limit one Pokémon knowing Baton Pass
|teampreview
|
|start
|switch|p1a: Donphan|Donphan, M|384\/384
|switch|p2a: Nidoqueen|Nidoqueen, F|384\/384
|turn|1
|
|move|p2a: Nidoqueen|Ice Beam|p1a: Donphan
|-supereffective|p1a: Donphan
|-damage|p1a: Donphan|192\/384
|move|p1a: Donphan|Earthquake|p2a: Nidoqueen
|-supereffective|p2a: Nidoqueen
|-damage|p2a: Nidoqueen|54\/384
|
|turn|2
|
|switch|p2a: Whimsicott|Whimsicott, M|262\/262
|switch|p1a: Blissey|Blissey, F|714\/714
|
|turn|3
|
|move|p2a: Whimsicott|Switcheroo|p1a: Blissey
|-activate|p2a: Whimsicott|move: Trick|[of] p1a: Blissey
|-item|p1a: Blissey|Choice Specs|[from] Trick
|-item|p2a: Whimsicott|Leftovers|[from] Trick
|move|p1a: Blissey|Toxic|p2a: Whimsicott|[miss]
|-miss|p1a: Blissey|p2a: Whimsicott
|
|turn|4
|
|switch|p2a: Nidoqueen|Nidoqueen, F|54\/384
|switch|p1a: Raikou|Raikou, shiny|322\/322
|-ability|p1a: Raikou|Pressure
|
|turn|5
|
|move|p1a: Raikou|Hidden Power|p2a: Nidoqueen
|-damage|p2a: Nidoqueen|0 fnt
|faint|p2a: Nidoqueen
|
|
|switch|p2a: Mienshao|Mienshao, M|271\/271
|turn|6
|
|switch|p1a: Alomomola|Alomomola, M|534\/534
|move|p2a: Mienshao|High Jump Kick|p1a: Alomomola
|-damage|p1a: Alomomola|350\/534
|
|-heal|p1a: Alomomola|383\/534|[from] item: Leftovers
|turn|7
|
|switch|p2a: Raikou|Raikou|322\/322
|-ability|p2a: Raikou|Pressure
|move|p1a: Alomomola|Wish|p1a: Alomomola
|
|-heal|p1a: Alomomola|416\/534|[from] item: Leftovers
|turn|8
|
|switch|p1a: Donphan|Donphan, M|192\/384
|move|p2a: Raikou|Volt Switch|p1a: Donphan
|-immune|p1a: Donphan|[msg]
|
|-heal|p1a: Donphan|384\/384|[from] move: Wish|[wisher] Alomomola
|turn|9
|
|switch|p2a: Whimsicott|Whimsicott, M|262\/262
|move|p1a: Donphan|Knock Off|p2a: Whimsicott
|-resisted|p2a: Whimsicott
|-damage|p2a: Whimsicott|210\/262
|-enditem|p2a: Whimsicott|Leftovers|[from] move: Knock Off|[of] p1a: Donphan
|
|turn|10
|
|switch|p1a: Blissey|Blissey, F|714\/714
|move|p2a: Whimsicott|Switcheroo|p1a: Blissey
|-activate|p2a: Whimsicott|move: Trick|[of] p1a: Blissey
|-item|p2a: Whimsicott|Choice Specs|[from] Trick
|
|turn|11
|
|switch|p1a: Raikou|Raikou, shiny|322\/322
|-ability|p1a: Raikou|Pressure
|move|p2a: Whimsicott|U-turn|p1a: Raikou
|-damage|p1a: Raikou|278\/322
|
|switch|p2a: Mienshao|Mienshao, M|271\/271
|
|turn|12
|
|move|p2a: Mienshao|U-turn|p1a: Raikou
|-damage|p1a: Raikou|181\/322
|
|switch|p2a: Whimsicott|Whimsicott, M|210\/262
|move|p1a: Raikou|Volt Switch|p2a: Whimsicott
|-resisted|p2a: Whimsicott
|-damage|p2a: Whimsicott|133\/262
|
|switch|p1a: Toxicroak|Toxicroak, M|370\/370
|
|turn|13
|
|switch|p2a: Crobat|Crobat, M|373\/373
|switch|p1a: Raikou|Raikou, shiny|181\/322
|-ability|p1a: Raikou|Pressure
|
|turn|14
|
|move|p1a: Raikou|Volt Switch|p2a: Crobat
|-supereffective|p2a: Crobat
|-damage|p2a: Crobat|77\/373
|
|switch|p1a: Alomomola|Alomomola, M|534\/534
|move|p2a: Crobat|U-turn|p1a: Alomomola
|-damage|p1a: Alomomola|488\/534
|
|switch|p2a: Whimsicott|Whimsicott, M|133\/262
|
|-heal|p1a: Alomomola|521\/534|[from] item: Leftovers
|turn|15
|
|switch|p1a: Raikou|Raikou, shiny|181\/322
|-ability|p1a: Raikou|Pressure
|move|p2a: Whimsicott|Energy Ball|p1a: Raikou
|-damage|p1a: Raikou|3\/322
|
|turn|16
|
|move|p1a: Raikou|Volt Switch|p2a: Whimsicott
|-resisted|p2a: Whimsicott
|-damage|p2a: Whimsicott|60\/262
|
|switch|p1a: Toxicroak|Toxicroak, M|370\/370
|move|p2a: Whimsicott|Energy Ball|p1a: Toxicroak
|-resisted|p1a: Toxicroak
|-damage|p1a: Toxicroak|254\/370
|
|turn|17
|
|move|p2a: Whimsicott|Energy Ball|p1a: Toxicroak
|-resisted|p1a: Toxicroak
|-damage|p1a: Toxicroak|135\/370
|move|p1a: Toxicroak|Poison Jab|p2a: Whimsicott
|-crit|p2a: Whimsicott
|-supereffective|p2a: Whimsicott
|-damage|p2a: Whimsicott|0 fnt
|-damage|p1a: Toxicroak|98\/370|[from] item: Life Orb
|faint|p2a: Whimsicott
|
|
|switch|p2a: Crobat|Crobat, M|77\/373
|turn|18
|
|move|p1a: Toxicroak|Sucker Punch|p2a: Crobat
|-fail|p2a: Crobat
|move|p2a: Crobat|Roost|p2a: Crobat
|-heal|p2a: Crobat|264\/373
|
|-heal|p2a: Crobat|287\/373|[from] item: Black Sludge
|turn|19
|
|switch|p1a: Alomomola|Alomomola, M|534\/534
|move|p2a: Crobat|Brave Bird|p1a: Alomomola
|-damage|p1a: Alomomola|413\/534
|-damage|p2a: Crobat|247\/373|[from] recoil|[of] p1a: Alomomola
|
|-heal|p2a: Crobat|270\/373|[from] item: Black Sludge
|-heal|p1a: Alomomola|446\/534|[from] item: Leftovers
|turn|20
|
|move|p2a: Crobat|U-turn|p1a: Alomomola
|-damage|p1a: Alomomola|403\/534
|
|switch|p2a: Raikou|Raikou|322\/322
|-ability|p2a: Raikou|Pressure
|move|p1a: Alomomola|Toxic|p2a: Raikou
|-status|p2a: Raikou|tox
|
|-heal|p1a: Alomomola|436\/534|[from] item: Leftovers
|-damage|p2a: Raikou|302\/322 tox|[from] psn
|turn|21
|
|move|p1a: Alomomola|Protect|p1a: Alomomola
|-singleturn|p1a: Alomomola|Protect
|move|p2a: Raikou|Hidden Power|p1a: Alomomola
|-activate|p1a: Alomomola|Protect
|
|-heal|p1a: Alomomola|469\/534|[from] item: Leftovers
|-damage|p2a: Raikou|262\/322 tox|[from] psn
|turn|22
|
|move|p2a: Raikou|Thunderbolt|p1a: Alomomola
|-supereffective|p1a: Alomomola
|-damage|p1a: Alomomola|0 fnt
|faint|p1a: Alomomola
|
|-damage|p2a: Raikou|202\/322 tox|[from] psn
|
|switch|p1a: Umbreon|Umbreon, F|394\/394
|turn|23
|
|move|p2a: Raikou|Volt Switch|p1a: Umbreon
|-damage|p1a: Umbreon|301\/394
|
|switch|p2a: Absol|Absol, M|271\/271
|move|p1a: Umbreon|Wish|p1a: Umbreon
|
|-heal|p1a: Umbreon|325\/394|[from] item: Leftovers
|turn|24
|
|detailschange|p2a: Absol|Absol-Mega, M
|message|Absol has Mega Evolved into Mega Absol!
|move|p2a: Absol|Swords Dance|p2a: Absol
|-boost|p2a: Absol|atk|2
|move|p1a: Umbreon|Foul Play|p2a: Absol
|-resisted|p2a: Absol
|-damage|p2a: Absol|4\/271
|
|-heal|p1a: Umbreon|394\/394|[from] move: Wish|[wisher] Umbreon
|turn|25
|
|move|p1a: Umbreon|Protect|p1a: Umbreon
|-singleturn|p1a: Umbreon|Protect
|move|p2a: Absol|Play Rough|p1a: Umbreon
|-activate|p1a: Umbreon|Protect
|
|turn|26
|
|switch|p1a: Toxicroak|Toxicroak, M|98\/370
|move|p2a: Absol|Knock Off|p1a: Toxicroak
|-resisted|p1a: Toxicroak
|-damage|p1a: Toxicroak|0 fnt
|-enditem|p1a: Toxicroak|Life Orb|[from] move: Knock Off|[of] p2a: Absol
|faint|p1a: Toxicroak
|
|
|switch|p1a: Donphan|Donphan, M|384\/384
|turn|27
|
|move|p2a: Absol|Sucker Punch|p1a: Donphan
|-damage|p1a: Donphan|144\/384
|move|p1a: Donphan|Knock Off|p2a: Absol
|-resisted|p2a: Absol
|-damage|p2a: Absol|0 fnt
|faint|p2a: Absol
|
|
|switch|p2a: Mienshao|Mienshao, M|271\/271
|turn|28
|
|move|p2a: Mienshao|High Jump Kick|p1a: Donphan
|-damage|p1a: Donphan|0 fnt
|faint|p1a: Donphan
|
|
|switch|p1a: Umbreon|Umbreon, F|394\/394
|turn|29
|
|move|p1a: Umbreon|Protect|p1a: Umbreon
|-singleturn|p1a: Umbreon|Protect
|move|p2a: Mienshao|High Jump Kick|p1a: Umbreon
|-activate|p1a: Umbreon|Protect
|-damage|p2a: Mienshao|136\/271|[from] highjumpkick
|
|turn|30
|
|move|p2a: Mienshao|High Jump Kick|p1a: Umbreon
|-supereffective|p1a: Umbreon
|-damage|p1a: Umbreon|40\/394
|move|p1a: Umbreon|Foul Play|p2a: Mienshao
|-resisted|p2a: Mienshao
|-damage|p2a: Mienshao|4\/271
|
|-heal|p1a: Umbreon|64\/394|[from] item: Leftovers
|turn|31
|
|switch|p2a: Crobat|Crobat, M|270\/373
|switch|p1a: Raikou|Raikou, shiny|3\/322
|-ability|p1a: Raikou|Pressure
|
|-heal|p2a: Crobat|293\/373|[from] item: Black Sludge
|turn|32
|
|move|p1a: Raikou|Volt Switch|p2a: Crobat
|-supereffective|p2a: Crobat
|-damage|p2a: Crobat|0 fnt
|faint|p2a: Crobat
|
|switch|p1a: Blissey|Blissey, F|714\/714
|
|
|switch|p2a: Mienshao|Mienshao, M|94\/271
|turn|33
|
|move|p2a: Mienshao|U-turn|p1a: Blissey
|-damage|p1a: Blissey|573\/714
|
|switch|p2a: Raikou|Raikou|202\/322 tox
|-ability|p2a: Raikou|Pressure
|move|p1a: Blissey|Seismic Toss|p2a: Raikou
|-damage|p2a: Raikou|102\/322 tox
|
|-damage|p2a: Raikou|82\/322 tox|[from] psn
|turn|34
|
|move|p2a: Raikou|Thunderbolt|p1a: Blissey
|-damage|p1a: Blissey|468\/714
|move|p1a: Blissey|Toxic|p2a: Raikou
|-fail|p2a: Raikou|tox
|
|-damage|p2a: Raikou|42\/322 tox|[from] psn
|turn|35
|
|move|p2a: Raikou|Thunderbolt|p1a: Blissey
|-damage|p1a: Blissey|348\/714
|move|p1a: Blissey|Seismic Toss|p2a: Raikou
|-damage|p2a: Raikou|0 fnt
|faint|p2a: Raikou
|
|
|switch|p2a: Mienshao|Mienshao, M|184\/271
|turn|36
|
|move|p2a: Mienshao|High Jump Kick|p1a: Blissey
|-supereffective|p1a: Blissey
|-damage|p1a: Blissey|0 fnt
|faint|p1a: Blissey
|
|
|switch|p1a: Umbreon|Umbreon, F|64\/394
|turn|37
|
|move|p1a: Umbreon|Protect|p1a: Umbreon
|-singleturn|p1a: Umbreon|Protect
|move|p2a: Mienshao|High Jump Kick|p1a: Umbreon
|-activate|p1a: Umbreon|Protect
|-damage|p2a: Mienshao|49\/271|[from] highjumpkick
|
|-heal|p1a: Umbreon|88\/394|[from] item: Leftovers
|turn|38
|
|switch|p1a: Raikou|Raikou, shiny|3\/322
|-ability|p1a: Raikou|Pressure
|move|p2a: Mienshao|High Jump Kick|p1a: Raikou
|-damage|p1a: Raikou|0 fnt
|faint|p1a: Raikou
|
|
|switch|p1a: Umbreon|Umbreon, F|88\/394
|turn|39
|c|★pokeblade101|GG really good battle
|c|★pokeblade101|Was hyped
|
|move|p1a: Umbreon|Protect|p1a: Umbreon
|-singleturn|p1a: Umbreon|Protect
|move|p2a: Mienshao|High Jump Kick|p1a: Umbreon
|-activate|p1a: Umbreon|Protect
|-damage|p2a: Mienshao|0 fnt|[from] highjumpkick
|faint|p2a: Mienshao
|
|win|pokeblade101
|raw|Ladder updating...
|raw|pokeblade101's rating: 1378 &rarr; <strong>1398<\/strong><br \/>(+20 for winning)
|raw|Sacri&apos;'s rating: 1380 &rarr; <strong>1360<\/strong><br \/>(-20 for losing)