|join|pokeblade101
|join|xShiba
|player|p1|pokeblade101|264
|player|p2|xShiba|260
|gametype|singles
|gen|6
|tier|UU
|rated
|rule|Sleep Clause Mod: Limit one foe put to sleep
|rule|Species Clause: Limit one of each Pokémon
|rule|OHKO Clause: OHKO moves are banned
|rule|Moody Clause: Moody is banned
|rule|Evasion Moves Clause: Evasion moves are banned
|rule|Endless Battle Clause: Forcing endless battles is banned
|rule|HP Percentage Mod: HP is shown in percentages
|clearpoke
|poke|p1|Altaria, M, shiny
|poke|p1|Empoleon, M
|poke|p1|Umbreon, F, shiny
|poke|p1|Doublade, F, shiny
|poke|p1|Starmie, shiny
|poke|p1|Mienshao, F
|poke|p2|Aerodactyl, M
|poke|p2|Hydreigon, F, shiny
|poke|p2|Porygon-Z, shiny
|poke|p2|Klefki, M, shiny
|poke|p2|Starmie, shiny
|poke|p2|Mienshao, M
|rule|Swagger Clause: Swagger is banned
|rule|Baton Pass Clause: Limit one Pokémon knowing Baton Pass
|teampreview
|
|start
|switch|p1a: Starmie|Starmie, shiny|261\/261
|switch|p2a: Floppy The God|Mienshao, M|271\/271
|turn|1
|
|move|p1a: Starmie|Psyshock|p2a: Floppy The God
|-supereffective|p2a: Floppy The God
|-damage|p2a: Floppy The God|0 fnt
|faint|p2a: Floppy The God
|
|c|★xShiba|why
|c|★xShiba|scarf starmie
|c|★xShiba|lol
|c|★pokeblade101|WHY what
|
|switch|p2a: Hail Hydra|Hydreigon, F, shiny|325\/325
|turn|2
|c|★pokeblade101|For lopunny
|c|★xShiba|mfw
|
|switch|p1a: Umbreon|Umbreon, F, shiny|394\/394
|move|p2a: Hail Hydra|Dark Pulse|p1a: Umbreon
|-crit|p1a: Umbreon
|-resisted|p1a: Umbreon
|-damage|p1a: Umbreon|291\/394
|-damage|p2a: Hail Hydra|293\/325|[from] item: Life Orb
|
|-heal|p1a: Umbreon|315\/394|[from] item: Leftovers
|turn|3
|
|move|p2a: Hail Hydra|Dark Pulse|p1a: Umbreon
|-resisted|p1a: Umbreon
|-damage|p1a: Umbreon|237\/394
|-damage|p2a: Hail Hydra|261\/325|[from] item: Life Orb
|move|p1a: Umbreon|Toxic|p2a: Hail Hydra
|-status|p2a: Hail Hydra|tox
|
|-heal|p1a: Umbreon|261\/394|[from] item: Leftovers
|-damage|p2a: Hail Hydra|241\/325 tox|[from] psn
|turn|4
|
|move|p1a: Umbreon|Protect|p1a: Umbreon
|-singleturn|p1a: Umbreon|Protect
|move|p2a: Hail Hydra|Superpower|p1a: Umbreon
|-activate|p1a: Umbreon|Protect
|
|-heal|p1a: Umbreon|285\/394|[from] item: Leftovers
|-damage|p2a: Hail Hydra|201\/325 tox|[from] psn
|turn|5
|
|move|p2a: Hail Hydra|Draco Meteor|p1a: Umbreon
|-damage|p1a: Umbreon|71\/394
|-unboost|p2a: Hail Hydra|spa|2
|-damage|p2a: Hail Hydra|169\/325 tox|[from] item: Life Orb
|move|p1a: Umbreon|Wish|p1a: Umbreon
|
|-heal|p1a: Umbreon|95\/394|[from] item: Leftovers
|-damage|p2a: Hail Hydra|109\/325 tox|[from] psn
|turn|6
|
|switch|p2a: Wrecking Face|Porygon-Z, shiny|311\/311
|move|p1a: Umbreon|Protect|p1a: Umbreon
|-fail|p1a: Umbreon
|
|-heal|p1a: Umbreon|292\/394|[from] move: Wish|[wisher] Umbreon
|-heal|p1a: Umbreon|316\/394|[from] item: Leftovers
|turn|7
|
|move|p1a: Umbreon|Protect|p1a: Umbreon
|-singleturn|p1a: Umbreon|Protect
|move|p2a: Wrecking Face|Thunderbolt|p1a: Umbreon
|-activate|p1a: Umbreon|Protect
|
|-heal|p1a: Umbreon|340\/394|[from] item: Leftovers
|turn|8
|
|switch|p2a: Hail Hydra|Hydreigon, F, shiny|109\/325 tox
|move|p1a: Umbreon|Toxic|p2a: Hail Hydra
|-fail|p2a: Hail Hydra|tox
|
|-heal|p1a: Umbreon|364\/394|[from] item: Leftovers
|-damage|p2a: Hail Hydra|89\/325 tox|[from] psn
|turn|9
|
|move|p2a: Hail Hydra|Roost|p2a: Hail Hydra
|-heal|p2a: Hail Hydra|252\/325 tox
|move|p1a: Umbreon|Wish|p1a: Umbreon
|
|-heal|p1a: Umbreon|388\/394|[from] item: Leftovers
|-damage|p2a: Hail Hydra|212\/325 tox|[from] psn
|turn|10
|
|switch|p2a: Wrecking Face|Porygon-Z, shiny|311\/311
|switch|p1a: Doublade|Doublade, F, shiny|322\/322
|
|turn|11
|
|switch|p1a: Umbreon|Umbreon, F, shiny|388\/394
|move|p2a: Wrecking Face|Dark Pulse|p1a: Umbreon
|-resisted|p1a: Umbreon
|-damage|p1a: Umbreon|329\/394
|
|-heal|p1a: Umbreon|353\/394|[from] item: Leftovers
|turn|12
|
|switch|p2a: 5 Star'd|Starmie, shiny|324\/324
|move|p1a: Umbreon|Wish|p1a: Umbreon
|
|-heal|p1a: Umbreon|377\/394|[from] item: Leftovers
|turn|13
|
|switch|p1a: Empoleon|Empoleon, M|372\/372
|move|p2a: 5 Star'd|Scald|p1a: Empoleon
|-crit|p1a: Empoleon
|-resisted|p1a: Empoleon
|-damage|p1a: Empoleon|306\/372
|
|-heal|p1a: Empoleon|372\/372|[from] move: Wish|[wisher] Umbreon
|turn|14
|
|switch|p2a: Wrecking Face|Porygon-Z, shiny|311\/311
|move|p1a: Empoleon|Stealth Rock|p2a: Wrecking Face
|-sidestart|p2: xShiba|move: Stealth Rock
|
|turn|15
|
|move|p2a: Wrecking Face|Thunderbolt|p1a: Empoleon
|-supereffective|p1a: Empoleon
|-damage|p1a: Empoleon|4\/372
|move|p1a: Empoleon|Roar|p2a: Wrecking Face
|drag|p2a: 5 Star'd|Starmie, shiny|324\/324
|-damage|p2a: 5 Star'd|284\/324|[from] Stealth Rock
|
|-heal|p2a: 5 Star'd|304\/324|[from] item: Leftovers
|-heal|p1a: Empoleon|27\/372|[from] item: Leftovers
|turn|16
|
|move|p2a: 5 Star'd|Rapid Spin|p1a: Empoleon
|-resisted|p1a: Empoleon
|-damage|p1a: Empoleon|22\/372
|-sideend|p2: xShiba|Stealth Rock|[from] move: Rapid Spin|[of] p2a: 5 Star'd
|move|p1a: Empoleon|Scald|p2a: 5 Star'd
|-resisted|p2a: 5 Star'd
|-damage|p2a: 5 Star'd|211\/324
|
|-heal|p2a: 5 Star'd|231\/324|[from] item: Leftovers
|-heal|p1a: Empoleon|45\/372|[from] item: Leftovers
|turn|17
|
|move|p2a: 5 Star'd|Scald|p1a: Empoleon
|-resisted|p1a: Empoleon
|-damage|p1a: Empoleon|0 fnt
|faint|p1a: Empoleon
|
|-heal|p2a: 5 Star'd|251\/324|[from] item: Leftovers
|
|switch|p1a: Altaria|Altaria, M, shiny|291\/291
|turn|18
|
|detailschange|p1a: Altaria|Altaria-Mega, M, shiny
|message|Altaria has Mega Evolved into Mega Altaria!
|move|p2a: 5 Star'd|Ice Beam|p1a: Altaria
|-crit|p1a: Altaria
|-supereffective|p1a: Altaria
|-damage|p1a: Altaria|75\/291
|move|p1a: Altaria|Earthquake|p2a: 5 Star'd
|-damage|p2a: 5 Star'd|163\/324
|
|-heal|p2a: 5 Star'd|183\/324|[from] item: Leftovers
|turn|19
|
|switch|p1a: Umbreon|Umbreon, F, shiny|377\/394
|move|p2a: 5 Star'd|Ice Beam|p1a: Umbreon
|-damage|p1a: Umbreon|320\/394
|-status|p1a: Umbreon|frz
|
|-heal|p2a: 5 Star'd|203\/324|[from] item: Leftovers
|-heal|p1a: Umbreon|344\/394 frz|[from] item: Leftovers
|turn|20
|
|switch|p2a: Hail Hydra|Hydreigon, F, shiny|212\/325 tox
|cant|p1a: Umbreon|frz
|
|-heal|p1a: Umbreon|368\/394 frz|[from] item: Leftovers
|-damage|p2a: Hail Hydra|192\/325 tox|[from] psn
|turn|21
|
|switch|p1a: Altaria|Altaria-Mega, M, shiny|75\/291
|move|p2a: Hail Hydra|Superpower|p1a: Altaria
|-resisted|p1a: Altaria
|-damage|p1a: Altaria|11\/291
|-unboost|p2a: Hail Hydra|atk|1
|-unboost|p2a: Hail Hydra|def|1
|-damage|p2a: Hail Hydra|160\/325 tox|[from] item: Life Orb
|
|-damage|p2a: Hail Hydra|120\/325 tox|[from] psn
|turn|22
|
|move|p2a: Hail Hydra|Dark Pulse|p1a: Altaria
|-resisted|p1a: Altaria
|-damage|p1a: Altaria|0 fnt
|-damage|p2a: Hail Hydra|88\/325 tox|[from] item: Life Orb
|faint|p1a: Altaria
|
|-damage|p2a: Hail Hydra|28\/325 tox|[from] psn
|
|switch|p1a: Mienshao|Mienshao, F|271\/271
|turn|23
|
|move|p1a: Mienshao|U-turn|p2a: Hail Hydra
|-supereffective|p2a: Hail Hydra
|-damage|p2a: Hail Hydra|0 fnt
|-damage|p1a: Mienshao|244\/271|[from] item: Life Orb
|faint|p2a: Hail Hydra
|
|switch|p1a: Starmie|Starmie, shiny|261\/261
|
|join|r0ady
|
|switch|p2a: Beat By Car Keys|Klefki, M, shiny|318\/318
|turn|24
|c| r0ady|hi shiba
|
|switch|p1a: Umbreon|Umbreon, F, shiny|368\/394 frz
|move|p2a: Beat By Car Keys|Light Screen|p2a: Beat By Car Keys
|-sidestart|p2: xShiba|move: Light Screen
|
|-heal|p1a: Umbreon|392\/394 frz|[from] item: Leftovers
|turn|25
|c|★xShiba|heya
|
|switch|p2a: Wrecking Face|Porygon-Z, shiny|311\/311
|cant|p1a: Umbreon|frz
|
|-heal|p1a: Umbreon|394\/394 frz|[from] item: Leftovers
|turn|26
|
|switch|p1a: Doublade|Doublade, F, shiny|322\/322
|move|p2a: Wrecking Face|Tri Attack|p1a: Doublade
|-immune|p1a: Doublade|[msg]
|
|turn|27
|c| r0ady|everyones laddering so i could probably get some good games in, but i cant be  othered lmao
|c|★xShiba|kek
|
|switch|p2a: 5 Star'd|Starmie, shiny|203\/324
|move|p1a: Doublade|Swords Dance|p1a: Doublade
|-boost|p1a: Doublade|atk|2
|
|-heal|p2a: 5 Star'd|223\/324|[from] item: Leftovers
|turn|28
|c| r0ady|please tell me thats color change
|c| r0ady|:p
|
|move|p1a: Doublade|Shadow Sneak|p2a: 5 Star'd
|-supereffective|p2a: 5 Star'd
|-damage|p2a: 5 Star'd|0 fnt
|faint|p2a: 5 Star'd
|
|
|switch|p2a: Wrecking Face|Porygon-Z, shiny|311\/311
|turn|29
|
|switch|p1a: Umbreon|Umbreon, F, shiny|394\/394 frz
|move|p2a: Wrecking Face|Tri Attack|p1a: Umbreon
|-damage|p1a: Umbreon|144\/394 frz
|
|-heal|p1a: Umbreon|168\/394 frz|[from] item: Leftovers
|turn|30
|
|switch|p2a: Beat By Car Keys|Klefki, M, shiny|318\/318
|switch|p1a: Doublade|Doublade, F, shiny|322\/322
|
|turn|31
|
|move|p2a: Beat By Car Keys|Reflect|p2a: Beat By Car Keys
|-sidestart|p2: xShiba|Reflect
|move|p1a: Doublade|Iron Head|p2a: Beat By Car Keys
|-damage|p2a: Beat By Car Keys|266\/318
|
|-sideend|p2: xShiba|move: Light Screen
|turn|32
|
|move|p2a: Beat By Car Keys|Thunder Wave|p1a: Doublade
|-status|p1a: Doublade|par
|move|p1a: Doublade|Swords Dance|p1a: Doublade
|-boost|p1a: Doublade|atk|2
|
|turn|33
|
|move|p2a: Beat By Car Keys|Light Screen|p2a: Beat By Car Keys
|-sidestart|p2: xShiba|move: Light Screen
|move|p1a: Doublade|Sacred Sword|p2a: Beat By Car Keys
|-damage|p2a: Beat By Car Keys|182\/318
|
|turn|34
|
|move|p2a: Beat By Car Keys|Spikes|p1a: Doublade
|-sidestart|p1: pokeblade101|Spikes
|move|p1a: Doublade|Sacred Sword|p2a: Beat By Car Keys
|-damage|p2a: Beat By Car Keys|106\/318
|
|turn|35
|c| r0ady|oh
|c| r0ady|no foul play
|
|move|p2a: Beat By Car Keys|Spikes|p1a: Doublade
|-sidestart|p1: pokeblade101|Spikes
|cant|p1a: Doublade|par
|
|turn|36
|c|★xShiba|nopee
|
|move|p2a: Beat By Car Keys|Spikes|p1a: Doublade
|-sidestart|p1: pokeblade101|Spikes
|move|p1a: Doublade|Sacred Sword|p2a: Beat By Car Keys
|-damage|p2a: Beat By Car Keys|31\/318
|
|turn|37
|
|move|p2a: Beat By Car Keys|Reflect|p2a: Beat By Car Keys
|-fail|p2a: Beat By Car Keys
|move|p1a: Doublade|Sacred Sword|p2a: Beat By Car Keys
|-damage|p2a: Beat By Car Keys|0 fnt
|faint|p2a: Beat By Car Keys
|
|
|switch|p2a: Wrecking Face|Porygon-Z, shiny|311\/311
|turn|38
|
|move|p2a: Wrecking Face|Dark Pulse|p1a: Doublade
|-supereffective|p1a: Doublade
|-damage|p1a: Doublade|0 fnt
|faint|p1a: Doublade
|
|-sideend|p2: xShiba|Reflect
|
|switch|p1a: Mienshao|Mienshao, F|271\/271
|-damage|p1a: Mienshao|204\/271|[from] Spikes
|turn|39
|
|move|p1a: Mienshao|High Jump Kick|p2a: Wrecking Face
|-supereffective|p2a: Wrecking Face
|-damage|p2a: Wrecking Face|0 fnt
|-damage|p1a: Mienshao|177\/271|[from] item: Life Orb
|faint|p2a: Wrecking Face
|
|
|switch|p2a: Ultimate Terror|Aerodactyl, M|301\/301
|-ability|p2a: Ultimate Terror|Unnerve|p1: pokeblade101
|turn|40
|c| r0ady|ah
|join|DrReuniclus99
|
|switch|p1a: Umbreon|Umbreon, F, shiny|168\/394 frz
|-damage|p1a: Umbreon|70\/394 frz|[from] Spikes
|detailschange|p2a: Ultimate Terror|Aerodactyl-Mega, M
|message|Aerodactyl has Mega Evolved into Mega Aerodactyl!
|move|p2a: Ultimate Terror|Aerial Ace|p1a: Umbreon
|-damage|p1a: Umbreon|0 fnt
|faint|p1a: Umbreon
|
|-sideend|p2: xShiba|move: Light Screen
|
|switch|p1a: Starmie|Starmie, shiny|261\/261
|-damage|p1a: Starmie|196\/261|[from] Spikes
|turn|41
|join|I3Magikarp
|
|move|p1a: Starmie|Scald|p2a: Ultimate Terror
|-supereffective|p2a: Ultimate Terror
|-damage|p2a: Ultimate Terror|67\/301
|move|p2a: Ultimate Terror|Aerial Ace|p1a: Starmie
|-damage|p1a: Starmie|27\/261
|
|turn|42
|c|★xShiba|scarfed starmie
|c| r0ady|what
|c| DrReuniclus99|stone edge where? :((((
|c| r0ady|the
|c|★xShiba|theres so much better options
|c| I3Magikarp|is this what i think it is
|c| r0ady|fcuk
|
|move|p1a: Starmie|Scald|p2a: Ultimate Terror
|-supereffective|p2a: Ultimate Terror
|-damage|p2a: Ultimate Terror|0 fnt
|faint|p2a: Ultimate Terror
|
|win|pokeblade101
|raw|Ladder updating...
|raw|pokeblade101's rating: 1377 &rarr; <strong>1399<\/strong><br \/>(+22 for winning)
|raw|xShiba's rating: 1412 &rarr; <strong>1390<\/strong><br \/>(-22 for losing)
|leave|r0ady
|leave|I3Magikarp
|leave|DrReuniclus99
|leave|xShiba
|player|p2
|join|The showdown fan
|leave|The showdown fan