|join|Ayushinator
|join|GamerGal
|player|p1|Ayushinator|170
|player|p2|GamerGal|4
|gametype|singles
|gen|6
|tier|OU
|rated
|clearpoke
|poke|p1|Heatran, F
|poke|p1|Dragonite, M
|poke|p1|Medicham, M
|poke|p1|Latios, M
|poke|p1|Ferrothorn, F
|poke|p1|Greninja, F
|poke|p2|Charizard, F
|poke|p2|Latios, M
|poke|p2|Azumarill, M
|poke|p2|Bisharp, M
|poke|p2|Landorus, M
|poke|p2|Slowbro, F
|rule|Swagger Clause: Swagger is banned
|rule|Baton Pass Clause: Limit one Pokémon knowing Baton Pass
|rule|Sleep Clause Mod: Limit one foe put to sleep
|rule|Species Clause: Limit one of each Pokémon
|rule|OHKO Clause: OHKO moves are banned
|rule|Moody Clause: Moody is banned
|rule|Evasion Moves Clause: Evasion moves are banned
|rule|Endless Battle Clause: Forcing endless battles is banned
|rule|HP Percentage Mod: HP is shown in percentages
|teampreview
|
|start
|switch|p1a: Greninja|Greninja, F|285\/285
|switch|p2a: Slowbro|Slowbro, F|394\/394
|turn|1
|
|move|p1a: Greninja|Grass Knot|p2a: Slowbro
|-start|p1a: Greninja|typechange|Grass|[from] Protean
|-supereffective|p2a: Slowbro
|-damage|p2a: Slowbro|150\/394
|-damage|p1a: Greninja|257\/285|[from] item: Life Orb
|move|p2a: Slowbro|Fire Blast|p1a: Greninja
|-supereffective|p1a: Greninja
|-damage|p1a: Greninja|0 fnt
|faint|p1a: Greninja
|
|
|switch|p1a: Medicham|Medicham, M|262\/262
|turn|2
|
|switch|p2a: Latios|Latios, M|301\/301
|detailschange|p1a: Medicham|Medicham-Mega, M
|message|Medicham has Mega Evolved into Mega Medicham!
|move|p1a: Medicham|High Jump Kick|p2a: Latios
|-resisted|p2a: Latios
|-damage|p2a: Latios|74\/301
|
|turn|3
|
|switch|p2a: Slowbro|Slowbro, F|281\/394
|move|p1a: Medicham|Bullet Punch|p2a: Slowbro
|-resisted|p2a: Slowbro
|-damage|p2a: Slowbro|249\/394
|
|turn|4
|
|move|p1a: Medicham|High Jump Kick|p2a: Slowbro
|-crit|p2a: Slowbro
|-resisted|p2a: Slowbro
|-damage|p2a: Slowbro|1\/394
|move|p2a: Slowbro|Future Sight|p1a: Medicham
|-start|p2a: Slowbro|move: Future Sight
|
|turn|5
|
|switch|p2a: Azumarill|Azumarill, M|384\/384
|move|p1a: Medicham|Zen Headbutt|p2a: Azumarill
|-damage|p2a: Azumarill|90\/384
|
|turn|6
|
|switch|p1a: Ferrothorn|Ferrothorn, F|352\/352
|move|p2a: Azumarill|Aqua Jet|p1a: Ferrothorn
|-resisted|p1a: Ferrothorn
|-damage|p1a: Ferrothorn|327\/352
|-damage|p2a: Azumarill|42\/384|[from] ability: Iron Barbs|[of] p1a: Ferrothorn
|-damage|p2a: Azumarill|0 fnt|[from] item: Rocky Helmet|[of] p1a: Ferrothorn
|faint|p2a: Azumarill
|
|-message|Future Sight hit! (placeholder)
|-resisted|p1a: Ferrothorn
|-damage|p1a: Ferrothorn|252\/352
|
|switch|p2a: Slowbro|Slowbro, F|132\/394
|turn|7
|
|move|p2a: Slowbro|Fire Blast|p1a: Ferrothorn|[miss]
|-miss|p2a: Slowbro|p1a: Ferrothorn
|move|p1a: Ferrothorn|Stealth Rock|p2a: Slowbro
|-sidestart|p2: GamerGal|move: Stealth Rock
|
|turn|8
|
|switch|p1a: Latios|Latios, M|301\/301
|move|p2a: Slowbro|Fire Blast|p1a: Latios
|-resisted|p1a: Latios
|-damage|p1a: Latios|255\/301
|
|turn|9
|
|switch|p2a: Bisharp|Bisharp, M|271\/271
|-damage|p2a: Bisharp|255\/271|[from] Stealth Rock
|move|p1a: Latios|Thunderbolt|p2a: Bisharp
|-damage|p2a: Bisharp|115\/271
|
|turn|10
|c|★Ayushinator|lol 2hko
|
|move|p2a: Bisharp|Pursuit|p1a: Latios|[from]Pursuit
|-supereffective|p1a: Latios
|-damage|p1a: Latios|0 fnt
|faint|p1a: Latios
|
|c|★Ayushinator|ah fuck
|c|★Ayushinator|you got me
|c|★GamerGal|so much hax though
|
|switch|p1a: Medicham|Medicham-Mega, M|262\/262
|turn|11
|
|move|p2a: Bisharp|Sucker Punch|p1a: Medicham
|-damage|p1a: Medicham|70\/262
|move|p1a: Medicham|High Jump Kick|p2a: Bisharp
|-supereffective|p2a: Bisharp
|-damage|p2a: Bisharp|0 fnt
|faint|p2a: Bisharp
|
|
|switch|p2a: Slowbro|Slowbro, F|263\/394
|-damage|p2a: Slowbro|214\/394|[from] Stealth Rock
|turn|12
|
|switch|p1a: Ferrothorn|Ferrothorn, F|252\/352
|move|p2a: Slowbro|Scald|p1a: Ferrothorn
|-resisted|p1a: Ferrothorn
|-damage|p1a: Ferrothorn|195\/352
|
|turn|13
|
|move|p2a: Slowbro|Fire Blast|p1a: Ferrothorn|[miss]
|-miss|p2a: Slowbro|p1a: Ferrothorn
|move|p1a: Ferrothorn|Toxic|p2a: Slowbro
|-status|p2a: Slowbro|tox
|
|-damage|p2a: Slowbro|190\/394 tox|[from] psn
|turn|14
|c|★GamerGal|are fucking me?
|
|switch|p1a: Heatran|Heatran, F|386\/386
|-item|p1a: Heatran|Air Balloon
|move|p2a: Slowbro|Scald|p1a: Heatran
|-supereffective|p1a: Heatran
|-damage|p1a: Heatran|176\/386
|-enditem|p1a: Heatran|Air Balloon
|
|-damage|p2a: Slowbro|142\/394 tox|[from] psn
|turn|15
|
|switch|p2a: Latios|Latios, M|74\/301
|-damage|p2a: Latios|37\/301|[from] Stealth Rock
|move|p1a: Heatran|Ancient Power|p2a: Latios
|-damage|p2a: Latios|0 fnt
|faint|p2a: Latios
|
|
|switch|p2a: Landorus|Landorus, M|319\/319
|-damage|p2a: Landorus|280\/319|[from] Stealth Rock
|turn|16
|
|move|p2a: Landorus|Stealth Rock|p1a: Heatran
|-sidestart|p1: Ayushinator|move: Stealth Rock
|move|p1a: Heatran|Flash Cannon|p2a: Landorus
|-damage|p2a: Landorus|94\/319
|
|turn|17
|
|move|p2a: Landorus|Earth Power|p1a: Heatran
|-supereffective|p1a: Heatran
|-damage|p1a: Heatran|0 fnt
|faint|p1a: Heatran
|
|
|switch|p1a: Medicham|Medicham-Mega, M|70\/262
|-damage|p1a: Medicham|54\/262|[from] Stealth Rock
|turn|18
|
|move|p1a: Medicham|Bullet Punch|p2a: Landorus
|-damage|p2a: Landorus|8\/319
|move|p2a: Landorus|Earth Power|p1a: Medicham
|-damage|p1a: Medicham|0 fnt
|faint|p1a: Medicham
|
|
|switch|p1a: Dragonite|Dragonite, M|336\/336
|-damage|p1a: Dragonite|252\/336|[from] Stealth Rock
|turn|19
|
|move|p2a: Landorus|Psychic|p1a: Dragonite
|-damage|p1a: Dragonite|92\/336
|move|p1a: Dragonite|Dragon Dance|p1a: Dragonite
|-boost|p1a: Dragonite|atk|1
|-boost|p1a: Dragonite|spe|1
|
|turn|20
|
|move|p1a: Dragonite|Dragon Claw|p2a: Landorus
|-damage|p2a: Landorus|0 fnt
|faint|p2a: Landorus
|
|
|switch|p2a: Slowbro|Slowbro, F|273\/394 tox
|-damage|p2a: Slowbro|224\/394 tox|[from] Stealth Rock
|turn|21
|
|move|p1a: Dragonite|Dragon Claw|p2a: Slowbro
|-damage|p2a: Slowbro|44\/394 tox
|move|p2a: Slowbro|Ice Beam|p1a: Dragonite
|-supereffective|p1a: Dragonite
|-damage|p1a: Dragonite|0 fnt
|faint|p1a: Dragonite
|
|-damage|p2a: Slowbro|20\/394 tox|[from] psn
|
|switch|p1a: Ferrothorn|Ferrothorn, F|195\/352
|-damage|p1a: Ferrothorn|173\/352|[from] Stealth Rock
|turn|22
|c|★GamerGal|gg hacker
|
|move|p2a: Slowbro|Fire Blast|p1a: Ferrothorn
|-supereffective|p1a: Ferrothorn
|-damage|p1a: Ferrothorn|0 fnt
|faint|p1a: Ferrothorn
|
|win|GamerGal
|raw|Ladder updating...
|raw|Ayushinator's rating: 1608 &rarr; <strong>1586<\/strong><br \/>(-22 for losing)
|raw|GamerGal's rating: 1569 &rarr; <strong>1591<\/strong><br \/>(+22 for winning)
|c|★Ayushinator|haha piss off
|c|★GamerGal|git gud
|c|★Ayushinator|you use slowbro