|join|BurgerTeamTesting
|join|GamerGal
|player|p1|BurgerTeamTesting|115
|player|p2|GamerGal|37
|gametype|singles
|gen|6
|tier|OU
|rated
|clearpoke
|poke|p1|Raikou, shiny
|poke|p1|Landorus-Therian, M
|poke|p1|Suicune, shiny
|poke|p1|Entei, shiny
|poke|p1|Sableye, M
|poke|p1|Forretress, F
|poke|p2|Alakazam, M
|poke|p2|Bisharp, M
|poke|p2|Rotom-Wash
|poke|p2|Talonflame, M
|poke|p2|Starmie
|poke|p2|Ferrothorn, M
|rule|Swagger Clause: Swagger is banned
|rule|Baton Pass Clause: Limit one Pokémon knowing Baton Pass
|rule|Sleep Clause Mod: Limit one foe put to sleep
|rule|Species Clause: Limit one of each Pokémon
|rule|OHKO Clause: OHKO moves are banned
|rule|Moody Clause: Moody is banned
|rule|Evasion Moves Clause: Evasion moves are banned
|rule|Endless Battle Clause: Forcing endless battles is banned
|rule|HP Percentage Mod: HP is shown in percentages
|teampreview
|
|start
|switch|p1a: Sableye|Sableye, M|304\/304
|switch|p2a: Starmie|Starmie|323\/323
|turn|1
|
|switch|p2a: Talonflame|Talonflame, M|359\/359
|detailschange|p1a: Sableye|Sableye-Mega, M
|message|Sableye has Mega Evolved into Mega Sableye!
|move|p1a: Sableye|Knock Off|p2a: Talonflame
|-damage|p2a: Talonflame|239\/359
|-enditem|p2a: Talonflame|Leftovers|[from] move: Knock Off|[of] p1a: Sableye
|
|turn|2
|
|move|p2a: Talonflame|Bulk Up|p2a: Talonflame
|-boost|p2a: Talonflame|atk|1
|-boost|p2a: Talonflame|def|1
|move|p1a: Sableye|Foul Play|p2a: Talonflame
|-damage|p2a: Talonflame|106\/359
|
|turn|3
|
|switch|p1a: Raikou|Raikou, shiny|321\/321
|-ability|p1a: Raikou|Pressure
|move|p2a: Talonflame|Roost|p2a: Talonflame
|-heal|p2a: Talonflame|286\/359
|
|turn|4
|
|switch|p2a: Ferrothorn|Ferrothorn, M|351\/351
|move|p1a: Raikou|Thunderbolt|p2a: Ferrothorn
|-resisted|p2a: Ferrothorn
|-damage|p2a: Ferrothorn|291\/351
|
|-heal|p2a: Ferrothorn|312\/351|[from] item: Leftovers
|turn|5
|
|switch|p1a: Sableye|Sableye-Mega, M|304\/304
|switch|p2a: Starmie|Starmie|323\/323
|
|turn|6
|
|move|p2a: Starmie|Scald|p1a: Sableye
|-damage|p1a: Sableye|235\/304
|move|p1a: Sableye|Foul Play|p2a: Starmie
|-supereffective|p2a: Starmie
|-damage|p2a: Starmie|167\/323
|
|-heal|p2a: Starmie|187\/323|[from] item: Leftovers
|turn|7
|
|switch|p1a: Raikou|Raikou, shiny|321\/321
|-ability|p1a: Raikou|Pressure
|move|p2a: Starmie|Scald|p1a: Raikou
|-damage|p1a: Raikou|257\/321
|
|-heal|p2a: Starmie|207\/323|[from] item: Leftovers
|turn|8
|
|switch|p2a: Ferrothorn|Ferrothorn, M|312\/351
|move|p1a: Raikou|Volt Switch|p2a: Ferrothorn
|-resisted|p2a: Ferrothorn
|-damage|p2a: Ferrothorn|264\/351
|
|switch|p1a: Sableye|Sableye-Mega, M|235\/304
|
|-heal|p2a: Ferrothorn|285\/351|[from] item: Leftovers
|turn|9
|
|move|p1a: Sableye|Knock Off|p2a: Ferrothorn
|-damage|p2a: Ferrothorn|227\/351
|-damage|p1a: Sableye|197\/304|[from] ability: Iron Barbs|[of] p2a: Ferrothorn
|-enditem|p2a: Ferrothorn|Leftovers|[from] move: Knock Off|[of] p1a: Sableye
|move|p2a: Ferrothorn|Power Whip|p1a: Sableye
|-damage|p1a: Sableye|95\/304
|
|turn|10
|
|switch|p2a: Starmie|Starmie|207\/323
|move|p1a: Sableye|Will-O-Wisp|p2a: Starmie
|-status|p2a: Starmie|brn
|
|-heal|p2a: Starmie|227\/323 brn|[from] item: Leftovers
|-damage|p2a: Starmie|187\/323 brn|[from] brn
|turn|11
|
|switch|p1a: Raikou|Raikou, shiny|257\/321
|-ability|p1a: Raikou|Pressure
|move|p2a: Starmie|Scald|p1a: Raikou
|-damage|p1a: Raikou|190\/321
|-status|p1a: Raikou|brn
|
|-heal|p2a: Starmie|207\/323 brn|[from] item: Leftovers
|-damage|p1a: Raikou|150\/321 brn|[from] brn
|-damage|p2a: Starmie|167\/323 brn|[from] brn
|turn|12
|
|switch|p2a: Bisharp|Bisharp, M|272\/272
|move|p1a: Raikou|Volt Switch|p2a: Bisharp
|-damage|p2a: Bisharp|125\/272
|
|switch|p1a: Entei|Entei, shiny|372\/372
|-ability|p1a: Entei|Pressure
|
|turn|13
|
|move|p2a: Bisharp|Sucker Punch|p1a: Entei
|-damage|p1a: Entei|134\/372
|-damage|p2a: Bisharp|98\/272|[from] item: Life Orb
|move|p1a: Entei|Sacred Fire|p2a: Bisharp
|-supereffective|p2a: Bisharp
|-damage|p2a: Bisharp|0 fnt
|faint|p2a: Bisharp
|
|
|switch|p2a: Rotom-Wash|Rotom-Wash|303\/303
|turn|14
|
|switch|p1a: Raikou|Raikou, shiny|150\/321 brn
|-ability|p1a: Raikou|Pressure
|move|p2a: Rotom-Wash|Volt Switch|p1a: Raikou
|-resisted|p1a: Raikou
|-damage|p1a: Raikou|122\/321 brn
|
|switch|p2a: Alakazam|Alakazam, M|252\/252
|
|-damage|p1a: Raikou|82\/321 brn|[from] brn
|turn|15
|
|switch|p1a: Landorus-Therian|Landorus-Therian, M|319\/319
|-ability|p1a: Landorus-Therian|Intimidate|[of] p2a: Alakazam
|-unboost|p2a: Alakazam|atk|1
|detailschange|p2a: Alakazam|Alakazam-Mega, M
|message|Alakazam has Mega Evolved into Mega Alakazam!
|-ability|p2a: Alakazam|Intimidate|[from] ability: Trace|[of] p1a: Landorus-Therian
|-ability|p2a: Alakazam|Intimidate|[of] p1a: Landorus-Therian
|-unboost|p1a: Landorus-Therian|atk|1
|move|p2a: Alakazam|Protect|p2a: Alakazam
|-fail|p2a: Alakazam
|
|turn|16
|
|switch|p2a: Rotom-Wash|Rotom-Wash|303\/303
|move|p1a: Landorus-Therian|U-turn|p2a: Rotom-Wash
|-damage|p2a: Rotom-Wash|262\/303
|
|switch|p1a: Sableye|Sableye-Mega, M|95\/304
|
|-heal|p2a: Rotom-Wash|280\/303|[from] item: Leftovers
|turn|17
|
|move|p2a: Rotom-Wash|Hydro Pump|p1a: Sableye
|-damage|p1a: Sableye|0 fnt
|faint|p1a: Sableye
|
|-heal|p2a: Rotom-Wash|298\/303|[from] item: Leftovers
|
|switch|p1a: Forretress|Forretress, F|353\/353
|turn|18
|
|move|p2a: Rotom-Wash|Volt Switch|p1a: Forretress
|-damage|p1a: Forretress|256\/353
|
|switch|p2a: Talonflame|Talonflame, M|286\/359
|move|p1a: Forretress|Stealth Rock|p2a: Talonflame
|-sidestart|p2: GamerGal|move: Stealth Rock
|
|turn|19
|
|switch|p1a: Suicune|Suicune, shiny|404\/404
|-ability|p1a: Suicune|Pressure
|move|p2a: Talonflame|Bulk Up|p2a: Talonflame
|-boost|p2a: Talonflame|atk|1
|-boost|p2a: Talonflame|def|1
|
|turn|20
|
|move|p2a: Talonflame|Will-O-Wisp|p1a: Suicune
|-status|p1a: Suicune|brn
|move|p1a: Suicune|Scald|p2a: Talonflame
|-supereffective|p2a: Talonflame
|-damage|p2a: Talonflame|122\/359
|
|-damage|p1a: Suicune|354\/404 brn|[from] brn
|turn|21
|
|move|p2a: Talonflame|Bulk Up|p2a: Talonflame
|-boost|p2a: Talonflame|atk|1
|-boost|p2a: Talonflame|def|1
|move|p1a: Suicune|Calm Mind|p1a: Suicune
|-boost|p1a: Suicune|spa|1
|-boost|p1a: Suicune|spd|1
|
|-heal|p1a: Suicune|379\/404 brn|[from] item: Leftovers
|-damage|p1a: Suicune|329\/404 brn|[from] brn
|turn|22
|
|move|p2a: Talonflame|Brave Bird|p1a: Suicune
|-damage|p1a: Suicune|178\/404 brn
|-damage|p2a: Talonflame|72\/359|[from] recoil|[of] p1a: Suicune
|move|p1a: Suicune|Scald|p2a: Talonflame
|-supereffective|p2a: Talonflame
|-damage|p2a: Talonflame|0 fnt
|faint|p2a: Talonflame
|
|-heal|p1a: Suicune|203\/404 brn|[from] item: Leftovers
|-damage|p1a: Suicune|153\/404 brn|[from] brn
|
|switch|p2a: Ferrothorn|Ferrothorn, M|227\/351
|-damage|p2a: Ferrothorn|206\/351|[from] Stealth Rock
|turn|23
|
|move|p1a: Suicune|Rest|p1a: Suicune
|-status|p1a: Suicune|slp
|-heal|p1a: Suicune|404\/404 slp|[silent]
|-status|p1a: Suicune|slp|[from] move: Rest
|move|p2a: Ferrothorn|Leech Seed|p1a: Suicune|[miss]
|-miss|p2a: Ferrothorn|p1a: Suicune
|
|turn|24
|
|cant|p1a: Suicune|slp
|move|p1a: Suicune|Sleep Talk|p1a: Suicune
|move|p1a: Suicune|Calm Mind|p1a: Suicune|[from]Sleep Talk
|-boost|p1a: Suicune|spa|1
|-boost|p1a: Suicune|spd|1
|move|p2a: Ferrothorn|Leech Seed|p1a: Suicune
|-start|p1a: Suicune|move: Leech Seed
|
|-damage|p1a: Suicune|354\/404 slp|[from] Leech Seed|[of] p2a: Ferrothorn
|-heal|p2a: Ferrothorn|256\/351|[silent]
|turn|25
|
|cant|p1a: Suicune|slp
|move|p1a: Suicune|Sleep Talk|p1a: Suicune
|move|p1a: Suicune|Rest|p1a: Suicune|[from]Sleep Talk
|-fail|p1a: Suicune
|move|p2a: Ferrothorn|Power Whip|p1a: Suicune|[miss]
|-miss|p2a: Ferrothorn|p1a: Suicune
|
|-heal|p1a: Suicune|379\/404 slp|[from] item: Leftovers
|-damage|p1a: Suicune|329\/404 slp|[from] Leech Seed|[of] p2a: Ferrothorn
|-heal|p2a: Ferrothorn|306\/351|[silent]
|turn|26
|
|-curestatus|p1a: Suicune|slp
|move|p1a: Suicune|Scald|p2a: Ferrothorn
|-resisted|p2a: Ferrothorn
|-damage|p2a: Ferrothorn|240\/351
|move|p2a: Ferrothorn|Power Whip|p1a: Suicune
|-supereffective|p1a: Suicune
|-damage|p1a: Suicune|161\/404
|
|-heal|p1a: Suicune|186\/404|[from] item: Leftovers
|-damage|p1a: Suicune|136\/404|[from] Leech Seed|[of] p2a: Ferrothorn
|-heal|p2a: Ferrothorn|290\/351|[silent]
|turn|27
|
|switch|p1a: Forretress|Forretress, F|256\/353
|move|p2a: Ferrothorn|Stealth Rock|p1a: Forretress
|-sidestart|p1: BurgerTeamTesting|move: Stealth Rock
|
|turn|28
|
|switch|p2a: Starmie|Starmie|167\/323
|-damage|p2a: Starmie|127\/323|[from] Stealth Rock
|move|p1a: Forretress|Rapid Spin|p2a: Starmie
|-damage|p2a: Starmie|111\/323
|-sideend|p1: BurgerTeamTesting|Stealth Rock|[from] move: Rapid Spin|[of] p1a: Forretress
|
|-heal|p2a: Starmie|131\/323|[from] item: Leftovers
|turn|29
|
|switch|p1a: Raikou|Raikou, shiny|82\/321 brn
|-ability|p1a: Raikou|Pressure
|move|p2a: Starmie|Recover|p2a: Starmie
|-heal|p2a: Starmie|293\/323
|
|-heal|p2a: Starmie|313\/323|[from] item: Leftovers
|-damage|p1a: Raikou|42\/321 brn|[from] brn
|turn|30
|
|switch|p2a: Rotom-Wash|Rotom-Wash|298\/303
|-damage|p2a: Rotom-Wash|261\/303|[from] Stealth Rock
|move|p1a: Raikou|Volt Switch|p2a: Rotom-Wash
|-damage|p2a: Rotom-Wash|153\/303
|
|switch|p1a: Landorus-Therian|Landorus-Therian, M|319\/319
|-ability|p1a: Landorus-Therian|Intimidate|[of] p2a: Rotom-Wash
|-unboost|p2a: Rotom-Wash|atk|1
|
|-heal|p2a: Rotom-Wash|171\/303|[from] item: Leftovers
|turn|31
|
|move|p1a: Landorus-Therian|U-turn|p2a: Rotom-Wash
|-damage|p2a: Rotom-Wash|114\/303
|
|switch|p1a: Raikou|Raikou, shiny|42\/321 brn
|-ability|p1a: Raikou|Pressure
|move|p2a: Rotom-Wash|Hydro Pump|p1a: Raikou
|-damage|p1a: Raikou|0 fnt
|faint|p1a: Raikou
|
|-heal|p2a: Rotom-Wash|132\/303|[from] item: Leftovers
|
|switch|p1a: Landorus-Therian|Landorus-Therian, M|319\/319
|-ability|p1a: Landorus-Therian|Intimidate|[of] p2a: Rotom-Wash
|-unboost|p2a: Rotom-Wash|atk|1
|turn|32
|
|move|p1a: Landorus-Therian|Explosion|p2a: Rotom-Wash
|-crit|p2a: Rotom-Wash
|-damage|p2a: Rotom-Wash|0 fnt
|faint|p1a: Landorus-Therian
|faint|p2a: Rotom-Wash
|
|
|switch|p2a: Alakazam|Alakazam-Mega, M|252\/252
|switch|p1a: Forretress|Forretress, F|256\/353
|-damage|p2a: Alakazam|221\/252|[from] Stealth Rock
|-ability|p2a: Alakazam|Sturdy|[from] ability: Trace|[of] p1a: Forretress
|turn|33
|
|switch|p2a: Starmie|Starmie|313\/323
|-damage|p2a: Starmie|273\/323|[from] Stealth Rock
|move|p1a: Forretress|Gyro Ball|p2a: Starmie
|-resisted|p2a: Starmie
|-damage|p2a: Starmie|205\/323
|
|-heal|p2a: Starmie|225\/323|[from] item: Leftovers
|turn|34
|
|switch|p1a: Suicune|Suicune, shiny|136\/404
|-ability|p1a: Suicune|Pressure
|move|p2a: Starmie|Scald|p1a: Suicune
|-resisted|p1a: Suicune
|-damage|p1a: Suicune|98\/404
|-status|p1a: Suicune|brn
|
|-heal|p2a: Starmie|245\/323|[from] item: Leftovers
|-heal|p1a: Suicune|123\/404 brn|[from] item: Leftovers
|-damage|p1a: Suicune|73\/404 brn|[from] brn
|turn|35
|
|move|p2a: Starmie|Psychic|p1a: Suicune
|-damage|p1a: Suicune|0 fnt
|faint|p1a: Suicune
|
|-heal|p2a: Starmie|265\/323|[from] item: Leftovers
|
|switch|p1a: Entei|Entei, shiny|134\/372
|-ability|p1a: Entei|Pressure
|turn|36
|-message|BurgerTeamTesting forfeited.
|
|win|GamerGal
|raw|Ladder updating...
|leave|BurgerTeamTesting
|player|p1
|raw|BurgerTeamTesting's rating: 1611 &rarr; <strong>1589<\/strong><br \/>(-22 for losing)
|raw|GamerGal's rating: 1568 &rarr; <strong>1590<\/strong><br \/>(+22 for winning)