|join|Andrewmon
|join|JiaShengz
|player|p1|Andrewmon|253
|player|p2|JiaShengz|1
|gametype|singles
|gen|6
|tier|OU
|rated
|clearpoke
|poke|p1|Charizard, M
|poke|p1|Sylveon, F
|poke|p1|Gengar, M
|poke|p1|Excadrill, M
|poke|p1|Dugtrio, M
|poke|p1|Tyranitar, F
|poke|p2|Sableye, M
|poke|p2|Heatran, F
|poke|p2|Tentacruel, F
|poke|p2|Chesnaught, M
|poke|p2|Chansey, F
|poke|p2|Clefable, M
|rule|Swagger Clause: Swagger is banned
|rule|Baton Pass Clause: Limit one Pokémon knowing Baton Pass
|rule|Sleep Clause Mod: Limit one foe put to sleep
|rule|Species Clause: Limit one of each Pokémon
|rule|OHKO Clause: OHKO moves are banned
|rule|Moody Clause: Moody is banned
|rule|Evasion Moves Clause: Evasion moves are banned
|rule|Endless Battle Clause: Forcing endless battles is banned
|rule|HP Percentage Mod: HP is shown in percentages
|teampreview
|
|start
|switch|p1a: Charizard|Charizard, M|335\/335
|switch|p2a: Tentacruel|Tentacruel, F|361\/361
|turn|1
|
|move|p1a: Charizard|Will-O-Wisp|p2a: Tentacruel
|-status|p2a: Tentacruel|brn
|move|p2a: Tentacruel|Toxic Spikes|p1a: Charizard
|-sidestart|p1: Andrewmon|move: Toxic Spikes
|
|-damage|p2a: Tentacruel|316\/361 brn|[from] brn
|turn|2
|
|switch|p2a: Chansey|Chansey, F|703\/703
|detailschange|p1a: Charizard|Charizard-Mega-Y, M
|message|Charizard has Mega Evolved into Mega Charizard!
|-weather|SunnyDay
|move|p1a: Charizard|Solar Beam|p2a: Chansey|[still]
|-prepare|p1a: Charizard|Solar Beam|p2a: Chansey
|-anim|p1a: Charizard|Solar Beam|p2a: Chansey
|-damage|p2a: Chansey|613\/703
|
|-weather|SunnyDay|[upkeep]
|turn|3
|c|★Andrewmon|lol, 12%
|c|★Andrewmon|what a beast
|
|switch|p1a: Driller|Excadrill, M|385\/385
|move|p2a: Chansey|Wish|p2a: Chansey
|
|-weather|SunnyDay|[upkeep]
|turn|4
|
|switch|p2a: Sableye|Sableye, M|304\/304
|move|p1a: Driller|Rapid Spin|p2a: Sableye
|-immune|p2a: Sableye|[msg]
|
|-weather|SunnyDay|[upkeep]
|turn|5
|
|detailschange|p2a: Sableye|Sableye-Mega, M
|message|Sableye has Mega Evolved into Mega Sableye!
|move|p1a: Driller|Iron Head|p2a: Sableye
|-damage|p2a: Sableye|210\/304
|cant|p2a: Sableye|flinch
|
|-weather|SunnyDay|[upkeep]
|turn|6
|
|move|p1a: Driller|Iron Head|p2a: Sableye
|-damage|p2a: Sableye|113\/304
|move|p2a: Sableye|Will-O-Wisp|p1a: Driller
|-status|p1a: Driller|brn
|
|-weather|none
|-damage|p1a: Driller|337\/385 brn|[from] brn
|turn|7
|
|move|p1a: Driller|Iron Head|p2a: Sableye
|-damage|p2a: Sableye|68\/304
|cant|p2a: Sableye|flinch
|
|-heal|p1a: Driller|361\/385 brn|[from] item: Leftovers
|-damage|p1a: Driller|313\/385 brn|[from] brn
|turn|8
|
|move|p1a: Driller|Earthquake|p2a: Sableye
|-damage|p2a: Sableye|16\/304
|move|p2a: Sableye|Recover|p2a: Sableye
|-heal|p2a: Sableye|168\/304
|
|-heal|p1a: Driller|337\/385 brn|[from] item: Leftovers
|-damage|p1a: Driller|289\/385 brn|[from] brn
|turn|9
|
|switch|p1a: Sylveon|Sylveon, F|394\/394
|-status|p1a: Sylveon|psn
|move|p2a: Sableye|Knock Off|p1a: Sylveon
|-resisted|p1a: Sylveon
|-damage|p1a: Sylveon|345\/394 psn
|-enditem|p1a: Sylveon|Leftovers|[from] move: Knock Off|[of] p2a: Sableye
|
|-damage|p1a: Sylveon|296\/394 psn|[from] psn
|turn|10
|c|★Andrewmon|man, def thought that would do 21%
|c|★Andrewmon|lol
|
|switch|p2a: Heatran|Heatran, F|386\/386
|move|p1a: Sylveon|Heal Bell|p1a: Sylveon
|-cureteam|p1a: Sylveon|[from] move: HealBell
|
|turn|11
|
|move|p2a: Heatran|Lava Plume|p1a: Sylveon
|-damage|p1a: Sylveon|206\/394
|move|p1a: Sylveon|Wish|p1a: Sylveon
|
|turn|12
|
|switch|p2a: Chesnaught|Chesnaught, M|380\/380
|switch|p1a: Dugtrio|Dugtrio, M|211\/211
|-status|p1a: Dugtrio|psn
|
|-damage|p1a: Dugtrio|185\/211 psn|[from] psn
|turn|13
|
|switch|p1a: Gengar|Gengar, M|272\/272
|move|p2a: Chesnaught|Leech Seed|p1a: Gengar
|-start|p1a: Gengar|move: Leech Seed
|
|-damage|p1a: Gengar|238\/272|[from] Leech Seed|[of] p2a: Chesnaught
|turn|14
|
|switch|p1a: Driller|Excadrill, M|289\/385
|move|p2a: Chesnaught|Spiky Shield|p2a: Chesnaught
|-fail|p2a: Chesnaught
|
|-heal|p1a: Driller|313\/385|[from] item: Leftovers
|turn|15
|
|switch|p1a: Gengar|Gengar, M|238\/272
|move|p2a: Chesnaught|Drain Punch|p1a: Gengar
|-immune|p1a: Gengar|[msg]
|
|-heal|p1a: Gengar|255\/272|[from] item: Black Sludge
|turn|16
|
|move|p2a: Chesnaught|Spiky Shield|p2a: Chesnaught
|-singleturn|p2a: Chesnaught|move: Protect
|move|p1a: Gengar|Substitute|p1a: Gengar
|-start|p1a: Gengar|Substitute
|-damage|p1a: Gengar|187\/272
|
|-heal|p1a: Gengar|204\/272|[from] item: Black Sludge
|turn|17
|
|switch|p1a: Dugtrio|Dugtrio, M|185\/211 psn
|switch|p2a: Chansey|Chansey, F|613\/703
|
|-damage|p1a: Dugtrio|159\/211 psn|[from] psn
|turn|18
|
|switch|p1a: Driller|Excadrill, M|313\/385
|move|p2a: Chansey|Wish|p2a: Chansey
|
|-heal|p1a: Driller|337\/385|[from] item: Leftovers
|turn|19
|
|switch|p2a: Sableye|Sableye-Mega, M|168\/304
|move|p1a: Driller|Earthquake|p2a: Sableye
|-crit|p2a: Sableye
|-damage|p2a: Sableye|9\/304
|
|-heal|p2a: Sableye|304\/304|[from] move: Wish|[wisher] Chansey
|-heal|p1a: Driller|361\/385|[from] item: Leftovers
|turn|20
|
|switch|p1a: Charizard|Charizard-Mega-Y, M|335\/335
|-weather|SunnyDay
|move|p2a: Sableye|Will-O-Wisp|p1a: Charizard
|-fail|p1a: Charizard
|
|-weather|SunnyDay|[upkeep]
|turn|21
|
|switch|p2a: Chansey|Chansey, F|613\/703
|move|p1a: Charizard|Flamethrower|p2a: Chansey
|-damage|p2a: Chansey|444\/703
|
|-weather|SunnyDay|[upkeep]
|turn|22
|
|switch|p1a: Sylveon|Sylveon, F|206\/394
|-status|p1a: Sylveon|psn
|move|p2a: Chansey|Soft-Boiled|p2a: Chansey
|-heal|p2a: Chansey|703\/703
|
|-weather|SunnyDay|[upkeep]
|-damage|p1a: Sylveon|157\/394 psn|[from] psn
|turn|23
|
|move|p1a: Sylveon|Heal Bell|p1a: Sylveon
|-cureteam|p1a: Sylveon|[from] move: HealBell
|move|p2a: Chansey|Seismic Toss|p1a: Sylveon
|-damage|p1a: Sylveon|57\/394
|
|-weather|SunnyDay|[upkeep]
|turn|24
|
|switch|p1a: Gengar|Gengar, M|204\/272
|move|p2a: Chansey|Seismic Toss|p1a: Gengar
|-immune|p1a: Gengar|[msg]
|
|-weather|none
|-heal|p1a: Gengar|221\/272|[from] item: Black Sludge
|turn|25
|
|move|p1a: Gengar|Hex|p2a: Chansey
|-immune|p2a: Chansey|[msg]
|move|p2a: Chansey|Wish|p2a: Chansey
|
|-heal|p1a: Gengar|238\/272|[from] item: Black Sludge
|turn|26
|
|switch|p2a: Sableye|Sableye-Mega, M|304\/304
|move|p1a: Gengar|Hex|p2a: Sableye
|-damage|p2a: Sableye|228\/304
|
|-heal|p2a: Sableye|304\/304|[from] move: Wish|[wisher] Chansey
|-heal|p1a: Gengar|255\/272|[from] item: Black Sludge
|turn|27
|
|switch|p1a: Charizard|Charizard-Mega-Y, M|335\/335
|-weather|SunnyDay
|move|p2a: Sableye|Taunt|p1a: Charizard
|-start|p1a: Charizard|move: Taunt
|
|-weather|SunnyDay|[upkeep]
|turn|28
|
|switch|p1a: Gengar|Gengar, M|255\/272
|switch|p2a: Chansey|Chansey, F|703\/703
|
|-weather|SunnyDay|[upkeep]
|-heal|p1a: Gengar|272\/272|[from] item: Black Sludge
|turn|29
|
|move|p1a: Gengar|Substitute|p1a: Gengar
|-start|p1a: Gengar|Substitute
|-damage|p1a: Gengar|204\/272
|move|p2a: Chansey|Heal Bell|p2a: Chansey
|-cureteam|p2a: Chansey|[from] move: HealBell
|
|-weather|SunnyDay|[upkeep]
|-heal|p1a: Gengar|221\/272|[from] item: Black Sludge
|turn|30
|
|move|p1a: Gengar|Hex|p2a: Chansey
|-immune|p2a: Chansey|[msg]
|move|p2a: Chansey|Wish|p2a: Chansey
|
|-weather|SunnyDay|[upkeep]
|-heal|p1a: Gengar|238\/272|[from] item: Black Sludge
|turn|31
|
|switch|p2a: Heatran|Heatran, F|386\/386
|move|p1a: Gengar|Substitute|p1a: Gengar
|-fail|p1a: Gengar|move: Substitute
|
|-weather|none
|-heal|p1a: Gengar|255\/272|[from] item: Black Sludge
|turn|32
|
|switch|p2a: Chesnaught|Chesnaught, M|380\/380
|move|p1a: Gengar|Taunt|p2a: Chesnaught
|-start|p2a: Chesnaught|move: Taunt
|
|-heal|p1a: Gengar|272\/272|[from] item: Black Sludge
|turn|33
|
|switch|p2a: Heatran|Heatran, F|386\/386
|move|p1a: Gengar|Hex|p2a: Heatran
|-damage|p2a: Heatran|320\/386
|
|-heal|p2a: Heatran|344\/386|[from] item: Leftovers
|turn|34
|
|move|p1a: Gengar|Taunt|p2a: Heatran
|-start|p2a: Heatran|move: Taunt
|move|p2a: Heatran|Lava Plume|p1a: Gengar
|-end|p1a: Gengar|Substitute
|
|-heal|p2a: Heatran|368\/386|[from] item: Leftovers
|turn|35
|
|switch|p1a: Sandy|Tyranitar, F|354\/354
|-status|p1a: Sandy|psn
|-weather|Sandstorm
|switch|p2a: Chesnaught|Chesnaught, M|380\/380
|
|-weather|Sandstorm|[upkeep]
|-damage|p2a: Chesnaught|357\/380|[from] Sandstorm
|-heal|p2a: Chesnaught|380\/380|[from] item: Leftovers
|-damage|p1a: Sandy|310\/354 psn|[from] psn
|turn|36
|
|move|p2a: Chesnaught|Leech Seed|p1a: Sandy
|-start|p1a: Sandy|move: Leech Seed
|move|p1a: Sandy|Flamethrower|p2a: Chesnaught
|-supereffective|p2a: Chesnaught
|-damage|p2a: Chesnaught|162\/380
|
|-weather|Sandstorm|[upkeep]
|-damage|p2a: Chesnaught|139\/380|[from] Sandstorm
|-heal|p2a: Chesnaught|162\/380|[from] item: Leftovers
|-heal|p1a: Sandy|332\/354 psn|[from] item: Leftovers
|-damage|p1a: Sandy|288\/354 psn|[from] Leech Seed|[of] p2a: Chesnaught
|-heal|p2a: Chesnaught|206\/380|[silent]
|-damage|p1a: Sandy|244\/354 psn|[from] psn
|turn|37
|
|switch|p1a: Gengar|Gengar, M|272\/272
|move|p2a: Chesnaught|Drain Punch|p1a: Gengar
|-immune|p1a: Gengar|[msg]
|
|-weather|Sandstorm|[upkeep]
|-damage|p1a: Gengar|255\/272|[from] Sandstorm
|-damage|p2a: Chesnaught|183\/380|[from] Sandstorm
|-heal|p1a: Gengar|272\/272|[from] item: Black Sludge
|-heal|p2a: Chesnaught|206\/380|[from] item: Leftovers
|turn|38
|
|switch|p1a: Dugtrio|Dugtrio, M|159\/211
|-status|p1a: Dugtrio|psn
|move|p2a: Chesnaught|Spikes|p1a: Dugtrio
|-sidestart|p1: Andrewmon|Spikes
|
|-weather|Sandstorm|[upkeep]
|-damage|p2a: Chesnaught|183\/380|[from] Sandstorm
|-heal|p2a: Chesnaught|206\/380|[from] item: Leftovers
|-damage|p1a: Dugtrio|133\/211 psn|[from] psn
|turn|39
|
|switch|p1a: Gengar|Gengar, M|272\/272
|move|p2a: Chesnaught|Spiky Shield|p2a: Chesnaught
|-fail|p2a: Chesnaught
|
|-weather|none
|-heal|p2a: Chesnaught|229\/380|[from] item: Leftovers
|turn|40
|
|move|p1a: Gengar|Substitute|p1a: Gengar
|-start|p1a: Gengar|Substitute
|-damage|p1a: Gengar|204\/272
|move|p2a: Chesnaught|Leech Seed|p1a: Gengar
|
|-heal|p1a: Gengar|221\/272|[from] item: Black Sludge
|-heal|p2a: Chesnaught|252\/380|[from] item: Leftovers
|turn|41
|
|switch|p2a: Heatran|Heatran, F|368\/386
|move|p1a: Gengar|Hex|p2a: Heatran
|-crit|p2a: Heatran
|-damage|p2a: Heatran|263\/386
|
|-heal|p1a: Gengar|238\/272|[from] item: Black Sludge
|-heal|p2a: Heatran|287\/386|[from] item: Leftovers
|turn|42
|
|move|p1a: Gengar|Taunt|p2a: Heatran
|-start|p2a: Heatran|move: Taunt
|move|p2a: Heatran|Lava Plume|p1a: Gengar
|-end|p1a: Gengar|Substitute
|
|-heal|p1a: Gengar|255\/272|[from] item: Black Sludge
|-heal|p2a: Heatran|311\/386|[from] item: Leftovers
|turn|43
|
|move|p1a: Gengar|Substitute|p1a: Gengar
|-start|p1a: Gengar|Substitute
|-damage|p1a: Gengar|187\/272
|move|p2a: Heatran|Lava Plume|p1a: Gengar
|-crit|p1a: Gengar
|-end|p1a: Gengar|Substitute
|
|-heal|p1a: Gengar|204\/272|[from] item: Black Sludge
|-heal|p2a: Heatran|335\/386|[from] item: Leftovers
|turn|44
|
|switch|p1a: Sandy|Tyranitar, F|244\/354 psn
|-damage|p1a: Sandy|200\/354 psn|[from] Spikes
|-weather|Sandstorm
|move|p2a: Heatran|Lava Plume|p1a: Sandy
|-resisted|p1a: Sandy
|-damage|p1a: Sandy|169\/354 psn
|
|-weather|Sandstorm|[upkeep]
|-heal|p2a: Heatran|359\/386|[from] item: Leftovers
|-heal|p1a: Sandy|191\/354 psn|[from] item: Leftovers
|-damage|p1a: Sandy|147\/354 psn|[from] psn
|-end|p2a: Heatran|move: Taunt
|turn|45
|
|move|p1a: Sandy|Pursuit|p2a: Heatran|[from]Pursuit
|-damage|p2a: Heatran|232\/386
|switch|p2a: Sableye|Sableye-Mega, M|304\/304
|
|-weather|Sandstorm|[upkeep]
|-damage|p2a: Sableye|285\/304|[from] Sandstorm
|-heal|p1a: Sandy|169\/354 psn|[from] item: Leftovers
|-damage|p1a: Sandy|125\/354 psn|[from] psn
|turn|46
|
|move|p1a: Sandy|Flamethrower|p2a: Sableye
|-damage|p2a: Sableye|216\/304
|-status|p2a: Sableye|brn
|move|p2a: Sableye|Knock Off|p1a: Sandy
|-resisted|p1a: Sandy
|-damage|p1a: Sandy|103\/354 psn
|-enditem|p1a: Sandy|Leftovers|[from] move: Knock Off|[of] p2a: Sableye
|
|-weather|Sandstorm|[upkeep]
|-damage|p2a: Sableye|197\/304 brn|[from] Sandstorm
|-damage|p1a: Sandy|59\/354 psn|[from] psn
|-damage|p2a: Sableye|159\/304 brn|[from] brn
|turn|47
|
|move|p1a: Sandy|Rock Slide|p2a: Sableye
|-damage|p2a: Sableye|77\/304 brn
|move|p2a: Sableye|Recover|p2a: Sableye
|-heal|p2a: Sableye|229\/304 brn
|
|-weather|Sandstorm|[upkeep]
|-damage|p2a: Sableye|210\/304 brn|[from] Sandstorm
|-damage|p1a: Sandy|15\/354 psn|[from] psn
|-damage|p2a: Sableye|172\/304 brn|[from] brn
|turn|48
|
|move|p1a: Sandy|Rock Slide|p2a: Sableye
|-miss|p1a: Sandy|p2a: Sableye
|move|p2a: Sableye|Recover|p2a: Sableye
|-heal|p2a: Sableye|304\/304 brn
|
|-weather|none
|-damage|p1a: Sandy|0 fnt|[from] psn
|-damage|p2a: Sableye|266\/304 brn|[from] brn
|faint|p1a: Sandy
|c|★Andrewmon|....
|
|switch|p1a: Charizard|Charizard-Mega-Y, M|335\/335
|-weather|SunnyDay
|turn|49
|
|switch|p2a: Chansey|Chansey, F|703\/703
|move|p1a: Charizard|Flamethrower|p2a: Chansey
|-damage|p2a: Chansey|549\/703
|
|-weather|SunnyDay|[upkeep]
|turn|50
|
|switch|p1a: Gengar|Gengar, M|204\/272
|move|p2a: Chansey|Wish|p2a: Chansey
|
|-weather|SunnyDay|[upkeep]
|-heal|p1a: Gengar|221\/272|[from] item: Black Sludge
|turn|51
|
|switch|p2a: Heatran|Heatran, F|232\/386
|move|p1a: Gengar|Taunt|p2a: Heatran
|-start|p2a: Heatran|move: Taunt
|
|-weather|SunnyDay|[upkeep]
|-heal|p2a: Heatran|386\/386|[from] move: Wish|[wisher] Chansey
|-heal|p1a: Gengar|238\/272|[from] item: Black Sludge
|turn|52
|
|switch|p1a: Sylveon|Sylveon, F|57\/394
|-damage|p1a: Sylveon|8\/394|[from] Spikes
|-status|p1a: Sylveon|psn
|move|p2a: Heatran|Lava Plume|p1a: Sylveon
|-damage|p1a: Sylveon|0 fnt
|faint|p1a: Sylveon
|
|-weather|SunnyDay|[upkeep]
|
|switch|p1a: Dugtrio|Dugtrio, M|133\/211 psn
|-damage|p1a: Dugtrio|107\/211 psn|[from] Spikes
|turn|53
|
|move|p1a: Dugtrio|Earthquake|p2a: Heatran
|-supereffective|p2a: Heatran
|-damage|p2a: Heatran|0 fnt
|faint|p2a: Heatran
|
|-weather|none
|-damage|p1a: Dugtrio|81\/211 psn|[from] psn
|
|switch|p2a: Chesnaught|Chesnaught, M|252\/380
|turn|54
|
|move|p1a: Dugtrio|Stealth Rock|p2a: Chesnaught
|-sidestart|p2: JiaShengz|move: Stealth Rock
|move|p2a: Chesnaught|Leech Seed|p1a: Dugtrio
|-start|p1a: Dugtrio|move: Leech Seed
|
|-heal|p2a: Chesnaught|275\/380|[from] item: Leftovers
|-damage|p1a: Dugtrio|55\/211 psn|[from] Leech Seed|[of] p2a: Chesnaught
|-heal|p2a: Chesnaught|301\/380|[silent]
|-damage|p1a: Dugtrio|29\/211 psn|[from] psn
|turn|55
|
|move|p1a: Dugtrio|Earthquake|p2a: Chesnaught
|-crit|p2a: Chesnaught
|-resisted|p2a: Chesnaught
|-damage|p2a: Chesnaught|241\/380
|move|p2a: Chesnaught|Leech Seed|p1a: Dugtrio
|-fail|p1a: Dugtrio
|
|-heal|p2a: Chesnaught|264\/380|[from] item: Leftovers
|-damage|p1a: Dugtrio|3\/211 psn|[from] Leech Seed|[of] p2a: Chesnaught
|-heal|p2a: Chesnaught|290\/380|[silent]
|-damage|p1a: Dugtrio|0 fnt|[from] psn
|faint|p1a: Dugtrio
|
|switch|p1a: Gengar|Gengar, M|238\/272
|turn|56
|
|switch|p2a: Tentacruel|Tentacruel, F|316\/361
|-damage|p2a: Tentacruel|271\/361|[from] Stealth Rock
|move|p1a: Gengar|Substitute|p1a: Gengar
|-start|p1a: Gengar|Substitute
|-damage|p1a: Gengar|170\/272
|
|-heal|p1a: Gengar|187\/272|[from] item: Black Sludge
|-heal|p2a: Tentacruel|293\/361|[from] item: Black Sludge
|turn|57
|
|move|p1a: Gengar|Will-O-Wisp|p2a: Tentacruel|[miss]
|-miss|p1a: Gengar|p2a: Tentacruel
|move|p2a: Tentacruel|Scald|p1a: Gengar
|-end|p1a: Gengar|Substitute
|
|-heal|p1a: Gengar|204\/272|[from] item: Black Sludge
|-heal|p2a: Tentacruel|315\/361|[from] item: Black Sludge
|turn|58
|
|switch|p1a: Charizard|Charizard-Mega-Y, M|335\/335
|-weather|SunnyDay
|move|p2a: Tentacruel|Knock Off|p1a: Charizard
|-damage|p1a: Charizard|306\/335
|
|-weather|SunnyDay|[upkeep]
|-heal|p2a: Tentacruel|337\/361|[from] item: Black Sludge
|turn|59
|
|switch|p1a: Gengar|Gengar, M|204\/272
|move|p2a: Tentacruel|Scald|p1a: Gengar
|-damage|p1a: Gengar|159\/272
|
|-weather|SunnyDay|[upkeep]
|-heal|p1a: Gengar|176\/272|[from] item: Black Sludge
|-heal|p2a: Tentacruel|359\/361|[from] item: Black Sludge
|turn|60
|
|switch|p1a: Driller|Excadrill, M|361\/385
|-damage|p1a: Driller|313\/385|[from] Spikes
|move|p2a: Tentacruel|Knock Off|p1a: Driller
|-damage|p1a: Driller|249\/385
|-enditem|p1a: Driller|Leftovers|[from] move: Knock Off|[of] p2a: Tentacruel
|
|-weather|SunnyDay|[upkeep]
|-heal|p2a: Tentacruel|361\/361|[from] item: Black Sludge
|turn|61
|
|switch|p2a: Chesnaught|Chesnaught, M|290\/380
|-damage|p2a: Chesnaught|267\/380|[from] Stealth Rock
|switch|p1a: Gengar|Gengar, M|176\/272
|
|-weather|SunnyDay|[upkeep]
|-heal|p1a: Gengar|193\/272|[from] item: Black Sludge
|-heal|p2a: Chesnaught|290\/380|[from] item: Leftovers
|turn|62
|
|switch|p2a: Tentacruel|Tentacruel, F|361\/361
|-damage|p2a: Tentacruel|316\/361|[from] Stealth Rock
|move|p1a: Gengar|Will-O-Wisp|p2a: Tentacruel
|-status|p2a: Tentacruel|brn
|
|-weather|none
|-heal|p1a: Gengar|210\/272|[from] item: Black Sludge
|-heal|p2a: Tentacruel|338\/361 brn|[from] item: Black Sludge
|-damage|p2a: Tentacruel|293\/361 brn|[from] brn
|turn|63
|
|switch|p1a: Driller|Excadrill, M|249\/385
|-damage|p1a: Driller|201\/385|[from] Spikes
|move|p2a: Tentacruel|Scald|p1a: Driller
|-supereffective|p1a: Driller
|-damage|p1a: Driller|13\/385
|
|-heal|p2a: Tentacruel|315\/361 brn|[from] item: Black Sludge
|-damage|p2a: Tentacruel|270\/361 brn|[from] brn
|turn|64
|
|move|p2a: Tentacruel|Scald|p1a: Driller
|-supereffective|p1a: Driller
|-damage|p1a: Driller|0 fnt
|faint|p1a: Driller
|
|-heal|p2a: Tentacruel|292\/361 brn|[from] item: Black Sludge
|-damage|p2a: Tentacruel|247\/361 brn|[from] brn
|
|switch|p1a: Gengar|Gengar, M|210\/272
|turn|65
|
|move|p1a: Gengar|Substitute|p1a: Gengar
|-start|p1a: Gengar|Substitute
|-damage|p1a: Gengar|142\/272
|move|p2a: Tentacruel|Knock Off|p1a: Gengar
|-supereffective|p1a: Gengar
|-activate|p1a: Gengar|Substitute|[damage]
|
|-heal|p1a: Gengar|159\/272|[from] item: Black Sludge
|-heal|p2a: Tentacruel|269\/361 brn|[from] item: Black Sludge
|-damage|p2a: Tentacruel|224\/361 brn|[from] brn
|turn|66
|
|move|p1a: Gengar|Hex|p2a: Tentacruel
|-damage|p2a: Tentacruel|68\/361 brn
|move|p2a: Tentacruel|Scald|p1a: Gengar
|-end|p1a: Gengar|Substitute
|
|-heal|p1a: Gengar|176\/272|[from] item: Black Sludge
|-heal|p2a: Tentacruel|90\/361 brn|[from] item: Black Sludge
|-damage|p2a: Tentacruel|45\/361 brn|[from] brn
|turn|67
|
|switch|p2a: Chansey|Chansey, F|549\/703
|-damage|p2a: Chansey|462\/703|[from] Stealth Rock
|move|p1a: Gengar|Hex|p2a: Chansey
|-immune|p2a: Chansey|[msg]
|
|-heal|p1a: Gengar|193\/272|[from] item: Black Sludge
|turn|68
|
|move|p1a: Gengar|Taunt|p2a: Chansey
|-start|p2a: Chansey|move: Taunt
|cant|p2a: Chansey|move: Taunt|Heal Bell
|
|-heal|p1a: Gengar|210\/272|[from] item: Black Sludge
|turn|69
|
|move|p1a: Gengar|Substitute|p1a: Gengar
|-start|p1a: Gengar|Substitute
|-damage|p1a: Gengar|142\/272
|move|p2a: Chansey|Seismic Toss|p1a: Gengar
|-immune|p1a: Gengar|[msg]
|
|-heal|p1a: Gengar|159\/272|[from] item: Black Sludge
|turn|70
|
|move|p1a: Gengar|Will-O-Wisp|p2a: Chansey|[miss]
|-miss|p1a: Gengar|p2a: Chansey
|move|p2a: Chansey|Seismic Toss|p1a: Gengar
|-immune|p1a: Gengar|[msg]
|
|-heal|p1a: Gengar|176\/272|[from] item: Black Sludge
|-end|p2a: Chansey|move: Taunt
|turn|71
|
|switch|p2a: Sableye|Sableye-Mega, M|266\/304 brn
|-damage|p2a: Sableye|228\/304 brn|[from] Stealth Rock
|move|p1a: Gengar|Taunt|p2a: Sableye
|move|p2a: Sableye|Taunt|p1a: Gengar|[from]Magic Bounce
|-start|p1a: Gengar|move: Taunt
|
|-heal|p1a: Gengar|193\/272|[from] item: Black Sludge
|-damage|p2a: Sableye|190\/304 brn|[from] brn
|turn|72
|c|★Andrewmon|knew you would do that, but couldnt risk u heal belling
|
|switch|p2a: Chansey|Chansey, F|462\/703
|-damage|p2a: Chansey|375\/703|[from] Stealth Rock
|move|p1a: Gengar|Hex|p2a: Chansey
|-immune|p2a: Chansey|[msg]
|
|-heal|p1a: Gengar|210\/272|[from] item: Black Sludge
|turn|73
|
|move|p1a: Gengar|Hex|p2a: Chansey
|-immune|p2a: Chansey|[msg]
|move|p2a: Chansey|Heal Bell|p2a: Chansey
|-cureteam|p2a: Chansey|[from] move: HealBell
|
|-heal|p1a: Gengar|227\/272|[from] item: Black Sludge
|turn|74
|c|★Andrewmon|fuck!
|
|move|p1a: Gengar|Hex|p2a: Chansey
|-immune|p2a: Chansey|[msg]
|move|p2a: Chansey|Wish|p2a: Chansey
|
|-heal|p1a: Gengar|244\/272|[from] item: Black Sludge
|-end|p1a: Gengar|move: Taunt
|turn|75
|
|switch|p2a: Sableye|Sableye-Mega, M|190\/304
|-damage|p2a: Sableye|152\/304|[from] Stealth Rock
|move|p1a: Gengar|Hex|p2a: Sableye
|-damage|p2a: Sableye|68\/304
|
|-heal|p2a: Sableye|304\/304|[from] move: Wish|[wisher] Chansey
|-heal|p1a: Gengar|261\/272|[from] item: Black Sludge
|turn|76
|c|★Andrewmon|i gave u the game
|c|★Andrewmon|i had to use hex
|
|move|p1a: Gengar|Hex|p2a: Sableye
|-damage|p2a: Sableye|222\/304
|move|p2a: Sableye|Knock Off|p1a: Gengar
|-supereffective|p1a: Gengar
|-end|p1a: Gengar|Substitute
|
|-heal|p1a: Gengar|272\/272|[from] item: Black Sludge
|turn|77
|
|switch|p1a: Charizard|Charizard-Mega-Y, M|306\/335
|-weather|SunnyDay
|move|p2a: Sableye|Knock Off|p1a: Charizard
|-damage|p1a: Charizard|246\/335
|
|-weather|SunnyDay|[upkeep]
|turn|78
|
|switch|p2a: Chansey|Chansey, F|375\/703
|-damage|p2a: Chansey|288\/703|[from] Stealth Rock
|move|p1a: Charizard|Flamethrower|p2a: Chansey
|-damage|p2a: Chansey|135\/703
|-status|p2a: Chansey|brn
|
|-weather|SunnyDay|[upkeep]
|-damage|p2a: Chansey|48\/703 brn|[from] brn
|turn|79
|c|★Andrewmon|oh shit
|c|★Andrewmon|this just got interesting
|
|move|p1a: Charizard|Flamethrower|p2a: Chansey
|-damage|p2a: Chansey|0 fnt
|faint|p2a: Chansey
|
|-weather|SunnyDay|[upkeep]
|
|switch|p2a: Chesnaught|Chesnaught, M|290\/380
|-damage|p2a: Chesnaught|267\/380|[from] Stealth Rock
|turn|80
|
|move|p2a: Chesnaught|Spiky Shield|p2a: Chesnaught
|-singleturn|p2a: Chesnaught|move: Protect
|move|p1a: Charizard|Flamethrower|p2a: Chesnaught
|-activate|p2a: Chesnaught|move: Protect
|
|-weather|SunnyDay|[upkeep]
|-heal|p2a: Chesnaught|290\/380|[from] item: Leftovers
|turn|81
|
|move|p2a: Chesnaught|Spiky Shield|p2a: Chesnaught
|-fail|p2a: Chesnaught
|move|p1a: Charizard|Flamethrower|p2a: Chesnaught
|-supereffective|p2a: Chesnaught
|-damage|p2a: Chesnaught|0 fnt
|faint|p2a: Chesnaught
|
|-weather|none
|
|switch|p2a: Clefable|Clefable, M|394\/394
|-damage|p2a: Clefable|345\/394|[from] Stealth Rock
|turn|82
|
|move|p1a: Charizard|Will-O-Wisp|p2a: Clefable
|-status|p2a: Clefable|brn
|move|p2a: Clefable|Wish|p2a: Clefable
|
|-heal|p2a: Clefable|369\/394 brn|[from] item: Leftovers
|-damage|p2a: Clefable|320\/394 brn|[from] brn
|turn|83
|
|switch|p1a: Gengar|Gengar, M|272\/272
|switch|p2a: Tentacruel|Tentacruel, F|45\/361
|-damage|p2a: Tentacruel|0 fnt|[from] Stealth Rock
|faint|p2a: Tentacruel
|
|
|switch|p2a: Clefable|Clefable, M|320\/394 brn
|-damage|p2a: Clefable|271\/394 brn|[from] Stealth Rock
|turn|84
|
|move|p1a: Gengar|Substitute|p1a: Gengar
|-start|p1a: Gengar|Substitute
|-damage|p1a: Gengar|204\/272
|move|p2a: Clefable|Wish|p2a: Clefable
|
|-heal|p1a: Gengar|221\/272|[from] item: Black Sludge
|-heal|p2a: Clefable|295\/394 brn|[from] item: Leftovers
|-damage|p2a: Clefable|246\/394 brn|[from] brn
|turn|85
|
|switch|p1a: Charizard|Charizard-Mega-Y, M|246\/335
|-weather|SunnyDay
|move|p2a: Clefable|Calm Mind|p2a: Clefable
|-boost|p2a: Clefable|spa|1
|-boost|p2a: Clefable|spd|1
|
|-weather|SunnyDay|[upkeep]
|-heal|p2a: Clefable|394\/394 brn|[from] move: Wish|[wisher] Clefable
|-damage|p2a: Clefable|345\/394 brn|[from] brn
|turn|86
|
|move|p1a: Charizard|Flamethrower|p2a: Clefable
|-crit|p2a: Clefable
|-damage|p2a: Clefable|0 fnt
|faint|p2a: Clefable
|
|-weather|SunnyDay|[upkeep]
|
|switch|p2a: Sableye|Sableye-Mega, M|222\/304
|-damage|p2a: Sableye|184\/304|[from] Stealth Rock
|turn|87
|c|★JiaShengz|hax is real
|-message|JiaShengz forfeited.
|
|win|Andrewmon
|raw|Ladder updating...
|leave|JiaShengz
|player|p2
|raw|Andrewmon's rating: 1666 &rarr; <strong>1683<\/strong><br \/>(+17 for winning)
|raw|JiaShengz's rating: 1617 &rarr; <strong>1599<\/strong><br \/>(-18 for losing)