|join|Bob the Wut
|join|SunnyORAS
|player|p1|Bob the Wut|23
|player|p2|SunnyORAS|290
|gametype|singles
|gen|6
|tier|UU
|rated
|rule|Sleep Clause Mod: Limit one foe put to sleep
|rule|Species Clause: Limit one of each Pokémon
|rule|OHKO Clause: OHKO moves are banned
|rule|Moody Clause: Moody is banned
|rule|Evasion Moves Clause: Evasion moves are banned
|rule|Endless Battle Clause: Forcing endless battles is banned
|rule|HP Percentage Mod: HP is shown in percentages
|clearpoke
|poke|p1|Suicune
|poke|p1|Snorlax, F
|poke|p1|Reuniclus, F
|poke|p1|Chandelure, M
|poke|p1|Absol, F
|poke|p1|Toxicroak, M
|poke|p2|Krookodile, F
|poke|p2|Jirachi
|poke|p2|Tentacruel, M
|poke|p2|Kyurem
|poke|p2|Mienshao, M
|poke|p2|Pidgeot, F
|rule|Swagger Clause: Swagger is banned
|rule|Baton Pass Clause: Limit one Pokémon knowing Baton Pass
|teampreview
|c|★SunnyORAS|hey
|join|Cyndequil
|c|★Bob the Wut|hi
|c|★SunnyORAS|:)
|c| Cyndequil|omg its bob!
|c|★SunnyORAS|yup
|
|start
|switch|p1a: ban pls|Suicune|401\/401
|switch|p2a: omfuga fetish|Kyurem|391\/391
|-ability|p2a: omfuga fetish|Pressure
|-ability|p1a: ban pls|Pressure
|turn|1
|
|move|p2a: omfuga fetish|Draco Meteor|p1a: ban pls
|-damage|p1a: ban pls|35\/401
|-unboost|p2a: omfuga fetish|spa|2
|move|p1a: ban pls|Calm Mind|p1a: ban pls
|-boost|p1a: ban pls|spa|1
|-boost|p1a: ban pls|spd|1
|
|-heal|p1a: ban pls|60\/401|[from] item: Leftovers
|turn|2
|
|move|p2a: omfuga fetish|Draco Meteor|p1a: ban pls
|-damage|p1a: ban pls|0 fnt
|-unboost|p2a: omfuga fetish|spa|2
|faint|p1a: ban pls
|
|c|★SunnyORAS|keke
|c|★Bob the Wut|oh thats strong
|
|switch|p1a: Absolute|Absol, F|271\/271
|turn|3
|
|switch|p2a: Mienshao|Mienshao, M|271\/271
|detailschange|p1a: Absolute|Absol-Mega, F
|-mega|p1a: Absolute|Absol|Absolite
|move|p1a: Absolute|Swords Dance|p1a: Absolute
|-boost|p1a: Absolute|atk|2
|
|turn|4
|
|move|p1a: Absolute|Sucker Punch|p2a: Mienshao
|-resisted|p2a: Mienshao
|-damage|p2a: Mienshao|32\/271
|move|p2a: Mienshao|High Jump Kick|p1a: Absolute
|-supereffective|p1a: Absolute
|-damage|p1a: Absolute|0 fnt
|faint|p1a: Absolute
|
|c| Cyndequil|die?
|c| Cyndequil|:[
|c|★SunnyORAS|nope
|
|switch|p1a: 3spooky5me|Chandelure, M|283\/283
|turn|5
|
|switch|p2a: Krookodile|Krookodile, F|331\/331
|-ability|p2a: Krookodile|Intimidate|[of] p1a: 3spooky5me
|-unboost|p1a: 3spooky5me|atk|1
|move|p1a: 3spooky5me|Substitute|p1a: 3spooky5me
|-start|p1a: 3spooky5me|Substitute
|-damage|p1a: 3spooky5me|213\/283
|
|-heal|p1a: 3spooky5me|230\/283|[from] item: Leftovers
|turn|6
|
|move|p2a: Krookodile|Earthquake|p1a: 3spooky5me
|-supereffective|p1a: 3spooky5me
|-end|p1a: 3spooky5me|Substitute
|move|p1a: 3spooky5me|Flamethrower|p2a: Krookodile
|-damage|p2a: Krookodile|79\/331
|
|-heal|p1a: 3spooky5me|247\/283|[from] item: Leftovers
|turn|7
|
|move|p2a: Krookodile|Pursuit|p1a: 3spooky5me
|-supereffective|p1a: 3spooky5me
|-damage|p1a: 3spooky5me|71\/283
|move|p1a: 3spooky5me|Flamethrower|p2a: Krookodile
|-damage|p2a: Krookodile|0 fnt
|faint|p2a: Krookodile
|
|-heal|p1a: 3spooky5me|88\/283|[from] item: Leftovers
|
|switch|p2a: Pidgeot|Pidgeot, F|307\/307
|turn|8
|
|detailschange|p2a: Pidgeot|Pidgeot-Mega, F
|-mega|p2a: Pidgeot|Pidgeot|Pidgeotite
|move|p2a: Pidgeot|Hurricane|p1a: 3spooky5me
|-damage|p1a: 3spooky5me|0 fnt
|faint|p1a: 3spooky5me
|
|
|switch|p1a: your mum|Snorlax, F|524\/524
|turn|9
|c| Cyndequil|kek
|
|move|p2a: Pidgeot|Work Up|p2a: Pidgeot
|-boost|p2a: Pidgeot|atk|1
|-boost|p2a: Pidgeot|spa|1
|move|p1a: your mum|Curse|p1a: your mum
|-boost|p1a: your mum|atk|1
|-boost|p1a: your mum|def|1
|-unboost|p1a: your mum|spe|1
|
|turn|10
|leave|Cyndequil
|
|move|p2a: Pidgeot|Hurricane|p1a: your mum
|-damage|p1a: your mum|268\/524
|-start|p1a: your mum|confusion
|-activate|p1a: your mum|confusion
|move|p1a: your mum|Frustration|p2a: Pidgeot
|-damage|p2a: Pidgeot|63\/307
|
|-heal|p1a: your mum|300\/524|[from] item: Leftovers
|turn|11
|
|move|p2a: Pidgeot|Hurricane|p1a: your mum
|-damage|p1a: your mum|78\/524
|-activate|p1a: your mum|confusion
|-damage|p1a: your mum|41\/524|[from] confusion
|
|-heal|p1a: your mum|73\/524|[from] item: Leftovers
|turn|12
|c|★Bob the Wut|rip
|
|move|p2a: Pidgeot|Hurricane|p1a: your mum
|-damage|p1a: your mum|0 fnt
|faint|p1a: your mum
|
|c|★SunnyORAS|:x
|
|switch|p1a: Toxiforg|Toxicroak, M|307\/307
|turn|13
|
|move|p1a: Toxiforg|Sucker Punch|p2a: Pidgeot
|-damage|p2a: Pidgeot|0 fnt
|-damage|p1a: Toxiforg|277\/307|[from] item: Life Orb
|faint|p2a: Pidgeot
|
|
|switch|p2a: omfuga fetish|Kyurem|391\/391
|-ability|p2a: omfuga fetish|Pressure
|turn|14
|
|move|p2a: omfuga fetish|Dragon Pulse|p1a: Toxiforg
|-damage|p1a: Toxiforg|0 fnt
|faint|p1a: Toxiforg
|
|
|switch|p1a: kawaii desu|Reuniclus, F|424\/424
|turn|15
|
|move|p2a: omfuga fetish|Dragon Pulse|p1a: kawaii desu
|-damage|p1a: kawaii desu|148\/424
|move|p1a: kawaii desu|Calm Mind|p1a: kawaii desu
|-boost|p1a: kawaii desu|spa|1
|-boost|p1a: kawaii desu|spd|1
|
|turn|16
|
|move|p2a: omfuga fetish|Dragon Pulse|p1a: kawaii desu
|-damage|p1a: kawaii desu|0 fnt
|faint|p1a: kawaii desu
|
|win|SunnyORAS
|raw|Ladder updating...
|raw|Bob the Wut's rating: 1642 &rarr; <strong>1611<\/strong><br \/>(-31 for losing)
|raw|SunnyORAS's rating: 1431 &rarr; <strong>1462<\/strong><br \/>(+31 for winning)
|c|★SunnyORAS|keke
|c|★SunnyORAS|G_G