|join|Who said Lala
|join|Juggerknot
|player|p1|Who said Lala|268
|player|p2|Juggerknot|1
|gametype|singles
|gen|6
|tier|OU
|rated
|clearpoke
|poke|p1|Charizard, M
|poke|p1|Azumarill, M
|poke|p1|Scizor, F
|poke|p1|Raikou
|poke|p1|Latias, F
|poke|p1|Landorus-Therian, M
|poke|p2|Scizor, F, shiny
|poke|p2|Talonflame, M
|poke|p2|Starmie
|poke|p2|Conkeldurr, M
|poke|p2|Ferrothorn, M, shiny
|poke|p2|Heatran, F
|rule|Swagger Clause: Swagger is banned
|rule|Baton Pass Clause: Limit one Pokémon knowing Baton Pass
|rule|Sleep Clause Mod: Limit one foe put to sleep
|rule|Species Clause: Limit one of each Pokémon
|rule|OHKO Clause: OHKO moves are banned
|rule|Moody Clause: Moody is banned
|rule|Evasion Moves Clause: Evasion moves are banned
|rule|Endless Battle Clause: Forcing endless battles is banned
|rule|HP Percentage Mod: HP is shown in percentages
|teampreview
|
|start
|switch|p1a: 0 0 6|Charizard, M|297\/297
|switch|p2a: Heatran|Heatran, F|326\/326
|-item|p2a: Heatran|Air Balloon
|turn|1
|
|detailschange|p1a: 0 0 6|Charizard-Mega-Y, M
|-mega|p1a: 0 0 6|Charizard|Charizardite Y
|-weather|SunnyDay
|move|p1a: 0 0 6|Solar Beam|p2a: Heatran|[still]
|-prepare|p1a: 0 0 6|Solar Beam|p2a: Heatran
|-anim|p1a: 0 0 6|Solar Beam|p2a: Heatran
|-resisted|p2a: Heatran
|-damage|p2a: Heatran|285\/326
|-enditem|p2a: Heatran|Air Balloon
|move|p2a: Heatran|Toxic|p1a: 0 0 6
|-status|p1a: 0 0 6|tox
|
|-weather|SunnyDay|[upkeep]
|-damage|p1a: 0 0 6|279\/297 tox|[from] psn
|turn|2
|
|move|p1a: 0 0 6|Earthquake|p2a: Heatran
|-supereffective|p2a: Heatran
|-damage|p2a: Heatran|0 fnt
|faint|p2a: Heatran
|
|-weather|SunnyDay|[upkeep]
|-damage|p1a: 0 0 6|243\/297 tox|[from] psn
|
|switch|p2a: Talonflame|Talonflame, M|298\/298
|turn|3
|
|switch|p1a: 6 4 5|Landorus-Therian, M|382\/382
|-ability|p1a: 6 4 5|Intimidate|[of] p2a: Talonflame
|-unboost|p2a: Talonflame|atk|1
|move|p2a: Talonflame|Flare Blitz|p1a: 6 4 5
|-damage|p1a: 6 4 5|187\/382
|-damage|p2a: Talonflame|234\/298|[from] recoil|[of] p1a: 6 4 5
|
|-weather|SunnyDay|[upkeep]
|-heal|p1a: 6 4 5|210\/382|[from] item: Leftovers
|turn|4
|
|switch|p2a: Starmie|Starmie|304\/304
|switch|p1a: 1 8 4|Azumarill, M|404\/404
|
|-weather|SunnyDay|[upkeep]
|turn|5
|
|switch|p2a: Land Mine|Ferrothorn, M, shiny|352\/352
|move|p1a: 1 8 4|Knock Off|p2a: Land Mine
|-crit|p2a: Land Mine
|-damage|p2a: Land Mine|187\/352
|-damage|p1a: 1 8 4|354\/404|[from] ability: Iron Barbs|[of] p2a: Land Mine
|-enditem|p2a: Land Mine|Leftovers|[from] move: Knock Off|[of] p1a: 1 8 4
|
|-weather|none
|turn|6
|
|switch|p1a: 2 1 2|Scizor, F|344\/344
|move|p2a: Land Mine|Leech Seed|p1a: 2 1 2
|-start|p1a: 2 1 2|move: Leech Seed
|
|-damage|p1a: 2 1 2|301\/344|[from] Leech Seed|[of] p2a: Land Mine
|-heal|p2a: Land Mine|230\/352|[silent]
|turn|7
|
|move|p1a: 2 1 2|U-turn|p2a: Land Mine
|-damage|p2a: Land Mine|77\/352
|-damage|p1a: 2 1 2|258\/344|[from] ability: Iron Barbs|[of] p2a: Land Mine
|
|switch|p1a: 2 4 3|Raikou|322\/322
|-ability|p1a: 2 4 3|Pressure
|move|p2a: Land Mine|Spikes|p1a: 2 4 3
|-sidestart|p1: Who said Lala|Spikes
|
|turn|8
|
|switch|p2a: Conkeldurr|Conkeldurr, M|351\/351
|move|p1a: 2 4 3|Thunderbolt|p2a: Conkeldurr
|-damage|p2a: Conkeldurr|201\/351
|
|turn|9
|
|switch|p1a: 1 8 4|Azumarill, M|354\/404
|-damage|p1a: 1 8 4|304\/404|[from] Spikes
|move|p2a: Conkeldurr|Drain Punch|p1a: 1 8 4
|-resisted|p1a: 1 8 4
|-damage|p1a: 1 8 4|214\/404
|-heal|p2a: Conkeldurr|246\/351|[from] drain|[of] p1a: 1 8 4
|
|turn|10
|
|switch|p2a: Dr. Shrapnel|Scizor, F, shiny|343\/343
|move|p1a: 1 8 4|Waterfall|p2a: Dr. Shrapnel
|-damage|p2a: Dr. Shrapnel|205\/343
|
|turn|11
|
|detailschange|p2a: Dr. Shrapnel|Scizor-Mega, F, shiny
|-mega|p2a: Dr. Shrapnel|Scizor|Scizorite
|move|p2a: Dr. Shrapnel|Baton Pass|p2a: Dr. Shrapnel
|
|switch|p2a: Starmie|Starmie|304\/304
|move|p1a: 1 8 4|Waterfall|p2a: Starmie
|-resisted|p2a: Starmie
|-damage|p2a: Starmie|206\/304
|
|-heal|p2a: Starmie|225\/304|[from] item: Leftovers
|turn|12
|
|move|p2a: Starmie|Psyshock|p1a: 1 8 4
|-damage|p1a: 1 8 4|84\/404
|move|p1a: 1 8 4|Knock Off|p2a: Starmie
|-supereffective|p2a: Starmie
|-damage|p2a: Starmie|0 fnt
|-enditem|p2a: Starmie|Leftovers|[from] move: Knock Off|[of] p1a: 1 8 4
|faint|p2a: Starmie
|
|
|switch|p2a: Talonflame|Talonflame, M|234\/298
|turn|13
|-message|Who said Lala lost due to inactivity.
|
|win|Juggerknot
|raw|Ladder updating...
|raw|Who said Lala's rating: 1377 &rarr; <strong>1358<\/strong><br \/>(-19 for losing)
|raw|Juggerknot's rating: 1404 &rarr; <strong>1422<\/strong><br \/>(+18 for winning)
|leave|Who said Lala
|player|p1