|join|RAVEOLOGY
|join|Who said Lala
|player|p1|RAVEOLOGY|169
|player|p2|Who said Lala|268
|gametype|singles
|gen|6
|tier|OU
|rated
|clearpoke
|poke|p1|Latios, M
|poke|p1|Metagross
|poke|p1|Landorus-Therian, M
|poke|p1|Clefable, F
|poke|p1|Keldeo-Resolute
|poke|p1|Rotom-Wash
|poke|p2|Slowbro, M
|poke|p2|Chansey, F
|poke|p2|Scizor, F
|poke|p2|Garchomp, F
|poke|p2|Magnezone
|poke|p2|Keldeo-Resolute
|rule|Swagger Clause: Swagger is banned
|rule|Baton Pass Clause: Limit one Pokémon knowing Baton Pass
|rule|Sleep Clause Mod: Limit one foe put to sleep
|rule|Species Clause: Limit one of each Pokémon
|rule|OHKO Clause: OHKO moves are banned
|rule|Moody Clause: Moody is banned
|rule|Evasion Moves Clause: Evasion moves are banned
|rule|Endless Battle Clause: Forcing endless battles is banned
|rule|HP Percentage Mod: HP is shown in percentages
|teampreview
|
|start
|switch|p1a: Avaritia|Landorus-Therian, M|319\/319
|switch|p2a: 0 8 2|Slowbro, M|394\/394
|-ability|p1a: Avaritia|Intimidate|[of] p2a: 0 8 2
|-unboost|p2a: 0 8 2|atk|1
|turn|1
|
|move|p1a: Avaritia|U-turn|p2a: 0 8 2
|-supereffective|p2a: 0 8 2
|-damage|p2a: 0 8 2|274\/394
|
|switch|p1a: Strobe|Rotom-Wash|303\/303
|move|p2a: 0 8 2|Calm Mind|p2a: 0 8 2
|-boost|p2a: 0 8 2|spa|1
|-boost|p2a: 0 8 2|spd|1
|
|turn|2
|
|move|p1a: Strobe|Volt Switch|p2a: 0 8 2
|-supereffective|p2a: 0 8 2
|-damage|p2a: 0 8 2|10\/394
|
|switch|p1a: GhostNStuff|Latios, M|301\/301
|move|p2a: 0 8 2|Calm Mind|p2a: 0 8 2
|-boost|p2a: 0 8 2|spa|1
|-boost|p2a: 0 8 2|spd|1
|
|turn|3
|
|switch|p2a: 2 1 2|Scizor, F|344\/344
|move|p1a: GhostNStuff|Earthquake|p2a: 2 1 2
|-damage|p2a: 2 1 2|252\/344
|-damage|p1a: GhostNStuff|271\/301|[from] item: Life Orb
|
|turn|4
|
|move|p1a: GhostNStuff|Hidden Power|p2a: 2 1 2
|-supereffective|p2a: 2 1 2
|-damage|p2a: 2 1 2|0 fnt
|-damage|p1a: GhostNStuff|241\/301|[from] item: Life Orb
|faint|p2a: 2 1 2
|
|
|switch|p2a: 4 6 2|Magnezone|282\/282
|turn|5
|
|switch|p1a: Avaritia|Landorus-Therian, M|319\/319
|-ability|p1a: Avaritia|Intimidate|[of] p2a: 4 6 2
|-unboost|p2a: 4 6 2|atk|1
|move|p2a: 4 6 2|Flash Cannon|p1a: Avaritia
|-crit|p1a: Avaritia
|-damage|p1a: Avaritia|66\/319
|
|turn|6
|
|switch|p2a: 1 1 3|Chansey, F|704\/704
|move|p1a: Avaritia|Earthquake|p2a: 1 1 3
|-damage|p2a: 1 1 3|446\/704
|
|turn|7
|
|switch|p1a: AuralPsynapse|Metagross|301\/301
|move|p2a: 1 1 3|Wish|p2a: 1 1 3
|
|turn|8
|
|switch|p2a: 4 6 2|Magnezone|282\/282
|detailschange|p1a: AuralPsynapse|Metagross-Mega
|-mega|p1a: AuralPsynapse|Metagross|Metagrossite
|move|p1a: AuralPsynapse|Zen Headbutt|p2a: 4 6 2
|-resisted|p2a: 4 6 2
|-damage|p2a: 4 6 2|183\/282
|
|-heal|p2a: 4 6 2|282\/282|[from] move: Wish|[wisher] 1 1 3
|turn|9
|
|move|p2a: 4 6 2|Volt Switch|p1a: AuralPsynapse
|-damage|p1a: AuralPsynapse|187\/301
|
|switch|p2a: 4 4 5|Garchomp, F|358\/358
|move|p1a: AuralPsynapse|Hammer Arm|p2a: 4 4 5
|-damage|p2a: 4 4 5|180\/358
|-damage|p1a: AuralPsynapse|150\/301|[from] ability: Rough Skin|[of] p2a: 4 4 5
|-damage|p1a: AuralPsynapse|100\/301|[from] item: Rocky Helmet|[of] p2a: 4 4 5
|-unboost|p1a: AuralPsynapse|spe|1
|
|turn|10
|
|switch|p1a: GhostNStuff|Latios, M|241\/301
|move|p2a: 4 4 5|Dragon Claw|p1a: GhostNStuff
|-supereffective|p1a: GhostNStuff
|-damage|p1a: GhostNStuff|0 fnt
|faint|p1a: GhostNStuff
|
|
|switch|p1a: RaiseUrWeapon|Keldeo-Resolute|323\/323
|turn|11
|
|switch|p2a: 0 8 2|Slowbro, M|141\/394
|move|p1a: RaiseUrWeapon|Secret Sword|p2a: 0 8 2
|-resisted|p2a: 0 8 2
|-damage|p2a: 0 8 2|61\/394
|
|turn|12
|
|detailschange|p2a: 0 8 2|Slowbro-Mega, M
|-mega|p2a: 0 8 2|Slowbro|Slowbronite
|move|p1a: RaiseUrWeapon|Secret Sword|p2a: 0 8 2
|-resisted|p2a: 0 8 2
|-damage|p2a: 0 8 2|10\/394
|move|p2a: 0 8 2|Rest|p2a: 0 8 2
|-status|p2a: 0 8 2|slp
|-heal|p2a: 0 8 2|394\/394 slp|[silent]
|-status|p2a: 0 8 2|slp|[from] move: Rest
|
|turn|13
|
|switch|p1a: HR8938Cephei|Clefable, F|394\/394
|cant|p2a: 0 8 2|slp
|
|turn|14
|
|switch|p2a: 4 6 2|Magnezone|282\/282
|move|p1a: HR8938Cephei|Flamethrower|p2a: 4 6 2
|-supereffective|p2a: 4 6 2
|-damage|p2a: 4 6 2|130\/282
|
|turn|15
|
|move|p2a: 4 6 2|Flash Cannon|p1a: HR8938Cephei
|-supereffective|p1a: HR8938Cephei
|-damage|p1a: HR8938Cephei|56\/394
|move|p1a: HR8938Cephei|Soft-Boiled|p1a: HR8938Cephei
|-heal|p1a: HR8938Cephei|253\/394
|
|-heal|p1a: HR8938Cephei|277\/394|[from] item: Leftovers
|turn|16
|
|switch|p1a: Strobe|Rotom-Wash|303\/303
|move|p2a: 4 6 2|Flash Cannon|p1a: Strobe
|-resisted|p1a: Strobe
|-damage|p1a: Strobe|270\/303
|
|turn|17
|
|switch|p2a: 1 1 3|Chansey, F|446\/704
|move|p1a: Strobe|Trick|p2a: 1 1 3
|-activate|p1a: Strobe|move: Trick|[of] p2a: 1 1 3
|-item|p2a: 1 1 3|Choice Specs|[from] move: Trick
|-item|p1a: Strobe|Eviolite|[from] move: Trick
|
|turn|18
|
|move|p1a: Strobe|Volt Switch|p2a: 1 1 3
|-damage|p2a: 1 1 3|328\/704
|
|switch|p1a: AuralPsynapse|Metagross-Mega|100\/301
|move|p2a: 1 1 3|Seismic Toss|p1a: AuralPsynapse
|-damage|p1a: AuralPsynapse|0 fnt
|faint|p1a: AuralPsynapse
|
|
|switch|p1a: HR8938Cephei|Clefable, F|277\/394
|turn|19
|
|switch|p2a: 6 4 7|Keldeo-Resolute|324\/324
|move|p1a: HR8938Cephei|Moonblast|p2a: 6 4 7
|-supereffective|p2a: 6 4 7
|-damage|p2a: 6 4 7|78\/324
|
|-heal|p1a: HR8938Cephei|301\/394|[from] item: Leftovers
|turn|20
|
|switch|p1a: Strobe|Rotom-Wash|270\/303
|move|p2a: 6 4 7|Hydro Pump|p1a: Strobe|[miss]
|-miss|p2a: 6 4 7|p1a: Strobe
|
|turn|21
|c|★Who said Lala|Obv
|c|★RAVEOLOGY|the game
|
|move|p2a: 6 4 7|Hydro Pump|p1a: Strobe|[miss]
|-miss|p2a: 6 4 7|p1a: Strobe
|move|p1a: Strobe|Volt Switch|p2a: 6 4 7
|-supereffective|p2a: 6 4 7
|-damage|p2a: 6 4 7|0 fnt
|faint|p2a: 6 4 7
|c|★Who said Lala|yyy
|
|switch|p1a: Avaritia|Landorus-Therian, M|66\/319
|
|
|switch|p2a: 0 8 2|Slowbro-Mega, M|394\/394 slp
|turn|22
|
|switch|p2a: 4 4 5|Garchomp, F|180\/358
|move|p1a: Avaritia|U-turn|p2a: 4 4 5
|-damage|p2a: 4 4 5|79\/358
|-damage|p1a: Avaritia|27\/319|[from] ability: Rough Skin|[of] p2a: 4 4 5
|-damage|p1a: Avaritia|0 fnt|[from] item: Rocky Helmet|[of] p2a: 4 4 5
|faint|p1a: Avaritia
|
|
|switch|p1a: Strobe|Rotom-Wash|270\/303
|turn|23
|
|switch|p1a: HR8938Cephei|Clefable, F|301\/394
|move|p2a: 4 4 5|Dragon Claw|p1a: HR8938Cephei
|-immune|p1a: HR8938Cephei|[msg]
|
|-heal|p1a: HR8938Cephei|325\/394|[from] item: Leftovers
|turn|24
|
|move|p2a: 4 4 5|Swords Dance|p2a: 4 4 5
|-boost|p2a: 4 4 5|atk|2
|move|p1a: HR8938Cephei|Moonblast|p2a: 4 4 5
|-supereffective|p2a: 4 4 5
|-damage|p2a: 4 4 5|0 fnt
|faint|p2a: 4 4 5
|
|-heal|p1a: HR8938Cephei|349\/394|[from] item: Leftovers
|
|switch|p2a: 4 6 2|Magnezone|130\/282
|turn|25
|
|move|p2a: 4 6 2|Flash Cannon|p1a: HR8938Cephei
|-supereffective|p1a: HR8938Cephei
|-damage|p1a: HR8938Cephei|23\/394
|move|p1a: HR8938Cephei|Flamethrower|p2a: 4 6 2
|-supereffective|p2a: 4 6 2
|-damage|p2a: 4 6 2|0 fnt
|faint|p2a: 4 6 2
|
|-heal|p1a: HR8938Cephei|47\/394|[from] item: Leftovers
|
|switch|p2a: 1 1 3|Chansey, F|328\/704
|turn|26
|
|move|p1a: HR8938Cephei|Soft-Boiled|p1a: HR8938Cephei
|-heal|p1a: HR8938Cephei|244\/394
|move|p2a: 1 1 3|Seismic Toss|p1a: HR8938Cephei
|-damage|p1a: HR8938Cephei|144\/394
|
|-heal|p1a: HR8938Cephei|168\/394|[from] item: Leftovers
|turn|27
|-message|Who said Lala forfeited.
|leave|Who said Lala
|
|win|RAVEOLOGY
|raw|Ladder updating...
|player|p2
|raw|RAVEOLOGY's rating: 1503 &rarr; <strong>1520<\/strong><br \/>(+17 for winning)
|raw|Who said Lala's rating: 1444 &rarr; <strong>1427<\/strong><br \/>(-17 for losing)