|join|elgorf
|join|apokemonkid
|player|p1|elgorf|170
|player|p2|apokemonkid|129
|gametype|singles
|gen|6
|tier|OU
|rated
|clearpoke
|poke|p1|Pinsir, F
|poke|p1|Keldeo
|poke|p1|Magnezone
|poke|p1|Heatran, M
|poke|p1|Togekiss, M
|poke|p1|Landorus-Therian, M
|poke|p2|Talonflame, F
|poke|p2|Metagross
|poke|p2|Crawdaunt, F
|poke|p2|Empoleon, F
|poke|p2|Gliscor, F
|poke|p2|Sylveon, M
|rule|Swagger Clause: Swagger is banned
|rule|Baton Pass Clause: Limit one Pokémon knowing Baton Pass
|rule|Sleep Clause Mod: Limit one foe put to sleep
|rule|Species Clause: Limit one of each Pokémon
|rule|OHKO Clause: OHKO moves are banned
|rule|Moody Clause: Moody is banned
|rule|Evasion Moves Clause: Evasion moves are banned
|rule|Endless Battle Clause: Forcing endless battles is banned
|rule|HP Percentage Mod: HP is shown in percentages
|teampreview
|
|start
|switch|p1a: Keldeo|Keldeo|323\/323
|switch|p2a: Gliscor|Gliscor, F|353\/353
|turn|1
|
|switch|p2a: Sylveon|Sylveon, M|394\/394
|move|p1a: Keldeo|Scald|p2a: Sylveon
|-damage|p2a: Sylveon|276\/394
|
|-heal|p2a: Sylveon|300\/394|[from] item: Leftovers
|turn|2
|
|switch|p1a: Heatran|Heatran, M|385\/385
|switch|p2a: Gliscor|Gliscor, F|353\/353
|
|-status|p2a: Gliscor|tox|[from] item: Toxic Orb
|turn|3
|
|move|p2a: Gliscor|Substitute|p2a: Gliscor
|-start|p2a: Gliscor|Substitute
|-damage|p2a: Gliscor|265\/353 tox
|move|p1a: Heatran|Roar|p2a: Gliscor
|drag|p2a: Empoleon|Empoleon, F|372\/372
|
|turn|4
|
|switch|p2a: Gliscor|Gliscor, F|265\/353 tox
|move|p1a: Heatran|Stealth Rock|p2a: Gliscor
|-sidestart|p2: apokemonkid|move: Stealth Rock
|
|-heal|p2a: Gliscor|309\/353 tox|[from] ability: Poison Heal
|turn|5
|
|switch|p1a: Keldeo|Keldeo|323\/323
|move|p2a: Gliscor|Substitute|p2a: Gliscor
|-start|p2a: Gliscor|Substitute
|-damage|p2a: Gliscor|221\/353 tox
|
|-heal|p2a: Gliscor|265\/353 tox|[from] ability: Poison Heal
|turn|6
|
|move|p2a: Gliscor|Protect|p2a: Gliscor
|-singleturn|p2a: Gliscor|Protect
|move|p1a: Keldeo|Scald|p2a: Gliscor
|-activate|p2a: Gliscor|Protect
|
|-heal|p2a: Gliscor|309\/353 tox|[from] ability: Poison Heal
|turn|7
|
|move|p1a: Keldeo|Scald|p2a: Gliscor
|-crit|p2a: Gliscor
|-supereffective|p2a: Gliscor
|-end|p2a: Gliscor|Substitute
|move|p2a: Gliscor|Toxic|p1a: Keldeo
|-status|p1a: Keldeo|tox
|
|-damage|p1a: Keldeo|303\/323 tox|[from] psn
|-heal|p2a: Gliscor|353\/353 tox|[from] ability: Poison Heal
|turn|8
|
|move|p2a: Gliscor|Protect|p2a: Gliscor
|-singleturn|p2a: Gliscor|Protect
|move|p1a: Keldeo|Scald|p2a: Gliscor
|-activate|p2a: Gliscor|Protect
|
|-damage|p1a: Keldeo|263\/323 tox|[from] psn
|turn|9
|
|switch|p2a: Empoleon|Empoleon, F|372\/372
|-damage|p2a: Empoleon|349\/372|[from] Stealth Rock
|move|p1a: Keldeo|Scald|p2a: Empoleon
|-resisted|p2a: Empoleon
|-damage|p2a: Empoleon|238\/372
|-status|p2a: Empoleon|brn
|
|-heal|p2a: Empoleon|261\/372 brn|[from] item: Leftovers
|-damage|p1a: Keldeo|203\/323 tox|[from] psn
|-damage|p2a: Empoleon|215\/372 brn|[from] brn
|turn|10
|
|switch|p1a: Heatran|Heatran, M|385\/385
|move|p2a: Empoleon|Defog|p1a: Heatran
|-unboost|p1a: Heatran|evasion|1
|-sideend|p2: apokemonkid|Stealth Rock|[from] move: Defog|[of] p2a: Empoleon
|
|-heal|p2a: Empoleon|238\/372 brn|[from] item: Leftovers
|-damage|p2a: Empoleon|192\/372 brn|[from] brn
|turn|11
|
|switch|p2a: Crawdaunt|Crawdaunt, F|329\/329
|move|p1a: Heatran|Lava Plume|p2a: Crawdaunt
|-resisted|p2a: Crawdaunt
|-damage|p2a: Crawdaunt|235\/329
|
|turn|12
|
|move|p1a: Heatran|Stealth Rock|p2a: Crawdaunt
|-sidestart|p2: apokemonkid|move: Stealth Rock
|move|p2a: Crawdaunt|Waterfall|p1a: Heatran
|-supereffective|p1a: Heatran
|-damage|p1a: Heatran|0 fnt
|-damage|p2a: Crawdaunt|203\/329|[from] item: Life Orb
|faint|p1a: Heatran
|
|
|switch|p1a: Keldeo|Keldeo|203\/323 tox
|turn|13
|
|switch|p2a: Gliscor|Gliscor, F|353\/353 tox
|-damage|p2a: Gliscor|309\/353 tox|[from] Stealth Rock
|move|p1a: Keldeo|Scald|p2a: Gliscor
|-supereffective|p2a: Gliscor
|-damage|p2a: Gliscor|0 fnt
|faint|p2a: Gliscor
|
|-damage|p1a: Keldeo|183\/323 tox|[from] psn
|
|switch|p2a: Empoleon|Empoleon, F|192\/372 brn
|-damage|p2a: Empoleon|169\/372 brn|[from] Stealth Rock
|turn|14
|
|switch|p1a: Magnezone|Magnezone|281\/281
|move|p2a: Empoleon|Defog|p1a: Magnezone
|-unboost|p1a: Magnezone|evasion|1
|-sideend|p2: apokemonkid|Stealth Rock|[from] move: Defog|[of] p2a: Empoleon
|
|-heal|p2a: Empoleon|192\/372 brn|[from] item: Leftovers
|-damage|p2a: Empoleon|146\/372 brn|[from] brn
|turn|15
|
|move|p1a: Magnezone|Volt Switch|p2a: Empoleon
|-supereffective|p2a: Empoleon
|-damage|p2a: Empoleon|0 fnt
|faint|p2a: Empoleon
|
|switch|p1a: Togekiss|Togekiss, M|371\/371
|
|
|switch|p2a: Metagross|Metagross|301\/301
|turn|16
|
|switch|p1a: Keldeo|Keldeo|183\/323 tox
|detailschange|p2a: Metagross|Metagross-Mega
|-mega|p2a: Metagross|Metagross|Metagrossite
|move|p2a: Metagross|Meteor Mash|p1a: Keldeo
|-resisted|p1a: Keldeo
|-damage|p1a: Keldeo|54\/323 tox
|
|-damage|p1a: Keldeo|34\/323 tox|[from] psn
|turn|17
|
|move|p2a: Metagross|Bullet Punch|p1a: Keldeo
|-resisted|p1a: Keldeo
|-damage|p1a: Keldeo|0 fnt
|faint|p1a: Keldeo
|
|
|switch|p1a: Landorus-Therian|Landorus-Therian, M|339\/339
|-ability|p1a: Landorus-Therian|Intimidate|[of] p2a: Metagross
|-unboost|p2a: Metagross|atk|1
|turn|18
|
|switch|p2a: Talonflame|Talonflame, F|297\/297
|move|p1a: Landorus-Therian|Earthquake|p2a: Talonflame
|-immune|p2a: Talonflame|[msg]
|
|turn|19
|
|switch|p1a: Togekiss|Togekiss, M|371\/371
|move|p2a: Talonflame|Flare Blitz|p1a: Togekiss
|-damage|p1a: Togekiss|113\/371
|-damage|p2a: Talonflame|212\/297|[from] recoil|[of] p1a: Togekiss
|
|-heal|p1a: Togekiss|136\/371|[from] item: Leftovers
|turn|20
|
|move|p2a: Talonflame|Flare Blitz|p1a: Togekiss
|-damage|p1a: Togekiss|0 fnt
|-damage|p2a: Talonflame|167\/297|[from] recoil|[of] p1a: Togekiss
|faint|p1a: Togekiss
|
|
|switch|p1a: Magnezone|Magnezone|281\/281
|turn|21
|
|move|p1a: Magnezone|Volt Switch|p2a: Talonflame
|-supereffective|p2a: Talonflame
|-damage|p2a: Talonflame|0 fnt
|faint|p2a: Talonflame
|
|switch|p1a: Landorus-Therian|Landorus-Therian, M|339\/339
|
|
|switch|p2a: Crawdaunt|Crawdaunt, F|203\/329
|turn|22
|
|move|p2a: Crawdaunt|Aqua Jet|p1a: Landorus-Therian
|-supereffective|p1a: Landorus-Therian
|-damage|p1a: Landorus-Therian|43\/339
|-damage|p2a: Crawdaunt|171\/329|[from] item: Life Orb
|move|p1a: Landorus-Therian|U-turn|p2a: Crawdaunt
|-supereffective|p2a: Crawdaunt
|-damage|p2a: Crawdaunt|0 fnt
|faint|p2a: Crawdaunt
|
|switch|p1a: Pinsir|Pinsir, F|271\/271
|-ability|p1a: Pinsir|Mold Breaker
|
|
|switch|p2a: Metagross|Metagross-Mega|301\/301
|turn|23
|
|move|p2a: Metagross|Meteor Mash|p1a: Pinsir
|-damage|p1a: Pinsir|57\/271
|move|p1a: Pinsir|Earthquake|p2a: Metagross
|-supereffective|p2a: Metagross
|-damage|p2a: Metagross|133\/301
|
|turn|24
|
|detailschange|p1a: Pinsir|Pinsir-Mega, F
|-mega|p1a: Pinsir|Pinsir|Pinsirite
|move|p2a: Metagross|Bullet Punch|p1a: Pinsir
|-damage|p1a: Pinsir|0 fnt
|faint|p1a: Pinsir
|
|
|switch|p1a: Magnezone|Magnezone|281\/281
|turn|25
|
|move|p1a: Magnezone|Volt Switch|p2a: Metagross
|-damage|p2a: Metagross|9\/301
|
|switch|p1a: Landorus-Therian|Landorus-Therian, M|43\/339
|-ability|p1a: Landorus-Therian|Intimidate|[of] p2a: Metagross
|-unboost|p2a: Metagross|atk|1
|move|p2a: Metagross|Earthquake|p1a: Landorus-Therian
|-immune|p1a: Landorus-Therian|[msg]
|
|turn|26
|
|move|p2a: Metagross|Bullet Punch|p1a: Landorus-Therian
|-damage|p1a: Landorus-Therian|0 fnt
|faint|p1a: Landorus-Therian
|
|
|switch|p1a: Magnezone|Magnezone|281\/281
|turn|27
|
|move|p1a: Magnezone|Flash Cannon|p2a: Metagross
|-resisted|p2a: Metagross
|-damage|p2a: Metagross|0 fnt
|faint|p2a: Metagross
|
|
|switch|p2a: Sylveon|Sylveon, M|300\/394
|turn|28
|
|move|p1a: Magnezone|Flash Cannon|p2a: Sylveon
|-supereffective|p2a: Sylveon
|-damage|p2a: Sylveon|114\/394
|move|p2a: Sylveon|Wish|p2a: Sylveon
|
|-heal|p2a: Sylveon|138\/394|[from] item: Leftovers
|turn|29
|
|move|p2a: Sylveon|Protect|p2a: Sylveon
|-singleturn|p2a: Sylveon|Protect
|move|p1a: Magnezone|Flash Cannon|p2a: Sylveon
|-activate|p2a: Sylveon|Protect
|
|-heal|p2a: Sylveon|335\/394|[from] move: Wish|[wisher] Sylveon
|-heal|p2a: Sylveon|359\/394|[from] item: Leftovers
|turn|30
|
|move|p1a: Magnezone|Flash Cannon|p2a: Sylveon
|-supereffective|p2a: Sylveon
|-damage|p2a: Sylveon|185\/394
|move|p2a: Sylveon|Wish|p2a: Sylveon
|
|-heal|p2a: Sylveon|209\/394|[from] item: Leftovers
|turn|31
|
|move|p2a: Sylveon|Protect|p2a: Sylveon
|-singleturn|p2a: Sylveon|Protect
|move|p1a: Magnezone|Flash Cannon|p2a: Sylveon
|-activate|p2a: Sylveon|Protect
|
|-heal|p2a: Sylveon|394\/394|[from] move: Wish|[wisher] Sylveon
|turn|32
|
|move|p1a: Magnezone|Flash Cannon|p2a: Sylveon
|-supereffective|p2a: Sylveon
|-damage|p2a: Sylveon|218\/394
|move|p2a: Sylveon|Wish|p2a: Sylveon
|
|-heal|p2a: Sylveon|242\/394|[from] item: Leftovers
|turn|33
|
|move|p2a: Sylveon|Protect|p2a: Sylveon
|-singleturn|p2a: Sylveon|Protect
|move|p1a: Magnezone|Flash Cannon|p2a: Sylveon
|-activate|p2a: Sylveon|Protect
|
|-heal|p2a: Sylveon|394\/394|[from] move: Wish|[wisher] Sylveon
|turn|34
|
|move|p1a: Magnezone|Flash Cannon|p2a: Sylveon
|-supereffective|p2a: Sylveon
|-damage|p2a: Sylveon|224\/394
|move|p2a: Sylveon|Wish|p2a: Sylveon
|
|-heal|p2a: Sylveon|248\/394|[from] item: Leftovers
|turn|35
|
|move|p2a: Sylveon|Protect|p2a: Sylveon
|-singleturn|p2a: Sylveon|Protect
|move|p1a: Magnezone|Flash Cannon|p2a: Sylveon
|-activate|p2a: Sylveon|Protect
|
|-heal|p2a: Sylveon|394\/394|[from] move: Wish|[wisher] Sylveon
|turn|36
|
|move|p1a: Magnezone|Flash Cannon|p2a: Sylveon
|-supereffective|p2a: Sylveon
|-damage|p2a: Sylveon|224\/394
|move|p2a: Sylveon|Wish|p2a: Sylveon
|
|-heal|p2a: Sylveon|248\/394|[from] item: Leftovers
|turn|37
|
|move|p2a: Sylveon|Protect|p2a: Sylveon
|-singleturn|p2a: Sylveon|Protect
|move|p1a: Magnezone|Flash Cannon|p2a: Sylveon
|-activate|p2a: Sylveon|Protect
|
|-heal|p2a: Sylveon|394\/394|[from] move: Wish|[wisher] Sylveon
|turn|38
|
|move|p1a: Magnezone|Flash Cannon|p2a: Sylveon
|-supereffective|p2a: Sylveon
|-damage|p2a: Sylveon|226\/394
|move|p2a: Sylveon|Wish|p2a: Sylveon
|
|-heal|p2a: Sylveon|250\/394|[from] item: Leftovers
|turn|39
|
|move|p2a: Sylveon|Protect|p2a: Sylveon
|-singleturn|p2a: Sylveon|Protect
|move|p1a: Magnezone|Flash Cannon|p2a: Sylveon
|-activate|p2a: Sylveon|Protect
|
|-heal|p2a: Sylveon|394\/394|[from] move: Wish|[wisher] Sylveon
|turn|40
|
|move|p1a: Magnezone|Flash Cannon|p2a: Sylveon
|-supereffective|p2a: Sylveon
|-damage|p2a: Sylveon|232\/394
|move|p2a: Sylveon|Wish|p2a: Sylveon
|
|-heal|p2a: Sylveon|256\/394|[from] item: Leftovers
|turn|41
|
|move|p2a: Sylveon|Protect|p2a: Sylveon
|-singleturn|p2a: Sylveon|Protect
|move|p1a: Magnezone|Flash Cannon|p2a: Sylveon
|-activate|p2a: Sylveon|Protect
|
|-heal|p2a: Sylveon|394\/394|[from] move: Wish|[wisher] Sylveon
|turn|42
|
|move|p1a: Magnezone|Flash Cannon|p2a: Sylveon
|-supereffective|p2a: Sylveon
|-damage|p2a: Sylveon|226\/394
|move|p2a: Sylveon|Wish|p2a: Sylveon
|
|-heal|p2a: Sylveon|250\/394|[from] item: Leftovers
|turn|43
|
|move|p2a: Sylveon|Protect|p2a: Sylveon
|-singleturn|p2a: Sylveon|Protect
|move|p1a: Magnezone|Struggle|p2a: Sylveon
|-activate|p2a: Sylveon|Protect
|
|-heal|p2a: Sylveon|394\/394|[from] move: Wish|[wisher] Sylveon
|turn|44
|c|★apokemonkid|gg
|
|move|p1a: Magnezone|Struggle|p2a: Sylveon
|-damage|p2a: Sylveon|360\/394
|-damage|p1a: Magnezone|211\/281
|move|p2a: Sylveon|Hyper Voice|p1a: Magnezone
|-crit|p1a: Magnezone
|-resisted|p1a: Magnezone
|-damage|p1a: Magnezone|80\/281
|
|-heal|p2a: Sylveon|384\/394|[from] item: Leftovers
|turn|45
|-message|elgorf forfeited.
|
|win|apokemonkid
|raw|Ladder updating...
|leave|elgorf
|player|p1
|raw|elgorf's rating: 1563 &rarr; <strong>1539<\/strong><br \/>(-24 for losing)
|raw|apokemonkid's rating: 1481 &rarr; <strong>1506<\/strong><br \/>(+25 for winning)