|join|Steez Ibanez
|join|UnluckyMan
|player|p1|Steez Ibanez|290
|player|p2|UnluckyMan|209
|gametype|singles
|gen|6
|tier|OU
|rated
|clearpoke
|poke|p1|Gengar, M
|poke|p1|Ferrothorn, M
|poke|p1|Azumarill, M
|poke|p1|Charizard, M
|poke|p1|Excadrill, M
|poke|p1|Mew
|poke|p2|Dragonite, M
|poke|p2|Charizard, F
|poke|p2|Slowbro, F
|poke|p2|Excadrill, F
|poke|p2|Gengar, M
|poke|p2|Bisharp, M
|rule|Swagger Clause: Swagger is banned
|rule|Baton Pass Clause: Limit one Pokémon knowing Baton Pass
|rule|Sleep Clause Mod: Limit one foe put to sleep
|rule|Species Clause: Limit one of each Pokémon
|rule|OHKO Clause: OHKO moves are banned
|rule|Moody Clause: Moody is banned
|rule|Evasion Moves Clause: Evasion moves are banned
|rule|Endless Battle Clause: Forcing endless battles is banned
|rule|HP Percentage Mod: HP is shown in percentages
|teampreview
|
|start
|switch|p1a: OG|Mew|403\/403
|switch|p2a: Gengar|Gengar, M|262\/262
|turn|1
|
|move|p2a: Gengar|Taunt|p1a: OG
|-start|p1a: OG|move: Taunt
|move|p1a: OG|Knock Off|p2a: Gengar
|-supereffective|p2a: Gengar
|-damage|p2a: Gengar|28\/262
|-enditem|p2a: Gengar|Focus Sash|[from] move: Knock Off|[of] p1a: OG
|
|turn|2
|
|switch|p1a: Nuke|Azumarill, M|345\/345
|move|p2a: Gengar|Destiny Bond|p2a: Gengar
|-singlemove|p2a: Gengar|Destiny Bond
|
|turn|3
|
|switch|p1a: Racks|Ferrothorn, M|351\/351
|move|p2a: Gengar|Sludge Wave|p1a: Racks
|-immune|p1a: Racks|[msg]
|
|turn|4
|
|move|p2a: Gengar|Taunt|p1a: Racks
|-start|p1a: Racks|move: Taunt
|move|p1a: Racks|Power Whip|p2a: Gengar
|-resisted|p2a: Gengar
|-damage|p2a: Gengar|0 fnt
|faint|p2a: Gengar
|
|
|switch|p2a: Dragonite|Dragonite, M|323\/323
|turn|5
|
|switch|p1a: OG|Mew|403\/403
|move|p2a: Dragonite|Dragon Dance|p2a: Dragonite
|-boost|p2a: Dragonite|atk|1
|-boost|p2a: Dragonite|spe|1
|
|turn|6
|
|move|p2a: Dragonite|Dragon Claw|p1a: OG
|-damage|p1a: OG|153\/403
|move|p1a: OG|Knock Off|p2a: Dragonite
|-crit|p2a: Dragonite
|-damage|p2a: Dragonite|264\/323
|-enditem|p2a: Dragonite|Weakness Policy|[from] move: Knock Off|[of] p1a: OG
|
|-heal|p1a: OG|178\/403|[from] item: Leftovers
|turn|7
|
|move|p2a: Dragonite|Dragon Dance|p2a: Dragonite
|-boost|p2a: Dragonite|atk|1
|-boost|p2a: Dragonite|spe|1
|move|p1a: OG|Will-O-Wisp|p2a: Dragonite|[miss]
|-miss|p1a: OG|p2a: Dragonite
|
|-heal|p1a: OG|203\/403|[from] item: Leftovers
|turn|8
|c|★Steez Ibanez|lol
|
|switch|p1a: Nuke|Azumarill, M|345\/345
|move|p2a: Dragonite|Dragon Claw|p1a: Nuke
|-immune|p1a: Nuke|[msg]
|
|turn|9
|
|switch|p1a: Zetsu|Gengar, M|260\/260
|move|p2a: Dragonite|Extreme Speed|p1a: Zetsu
|-immune|p1a: Zetsu|[msg]
|
|turn|10
|
|switch|p1a: Racks|Ferrothorn, M|351\/351
|move|p2a: Dragonite|Fire Punch|p1a: Racks
|-supereffective|p1a: Racks
|-damage|p1a: Racks|0 fnt
|-damage|p2a: Dragonite|224\/323|[from] ability: Iron Barbs|[of] p1a: Racks
|faint|p1a: Racks
|
|
|switch|p1a: Nuke|Azumarill, M|345\/345
|turn|11
|
|move|p2a: Dragonite|Extreme Speed|p1a: Nuke
|-damage|p1a: Nuke|98\/345
|move|p1a: Nuke|Play Rough|p2a: Dragonite
|-crit|p2a: Dragonite
|-supereffective|p2a: Dragonite
|-damage|p2a: Dragonite|0 fnt
|faint|p2a: Dragonite
|
|
|switch|p2a: Bisharp|Bisharp, M|334\/334
|turn|12
|
|move|p1a: Nuke|Aqua Jet|p2a: Bisharp
|-damage|p2a: Bisharp|247\/334
|move|p2a: Bisharp|Iron Head|p1a: Nuke
|-crit|p1a: Nuke
|-damage|p1a: Nuke|0 fnt
|faint|p1a: Nuke
|
|-heal|p2a: Bisharp|267\/334|[from] item: Leftovers
|
|switch|p1a: Shock Wave|Excadrill, M|361\/361
|-ability|p1a: Shock Wave|Mold Breaker
|-item|p1a: Shock Wave|Air Balloon
|turn|13
|
|switch|p2a: Charizard|Charizard, F|297\/297
|move|p1a: Shock Wave|Stealth Rock|p2a: Charizard
|-sidestart|p2: UnluckyMan|move: Stealth Rock
|
|turn|14
|
|switch|p1a: Zetsu|Gengar, M|260\/260
|detailschange|p2a: Charizard|Charizard-Mega-Y, F
|message|Charizard has Mega Evolved into Mega Charizard!
|-weather|SunnyDay
|move|p2a: Charizard|Flamethrower|p1a: Zetsu
|-damage|p1a: Zetsu|0 fnt
|faint|p1a: Zetsu
|
|-weather|SunnyDay|[upkeep]
|
|switch|p1a: Doomsday|Charizard, M|321\/321
|turn|15
|
|detailschange|p1a: Doomsday|Charizard-Mega-X, M
|message|Charizard has Mega Evolved into Mega Charizard!
|move|p2a: Charizard|Air Slash|p1a: Doomsday|[miss]
|-miss|p2a: Charizard|p1a: Doomsday
|move|p1a: Doomsday|Dragon Dance|p1a: Doomsday
|-boost|p1a: Doomsday|atk|1
|-boost|p1a: Doomsday|spe|1
|
|-weather|SunnyDay|[upkeep]
|turn|16
|
|move|p1a: Doomsday|Dragon Dance|p1a: Doomsday
|-boost|p1a: Doomsday|atk|1
|-boost|p1a: Doomsday|spe|1
|move|p2a: Charizard|Air Slash|p1a: Doomsday
|-damage|p1a: Doomsday|152\/321
|
|-weather|SunnyDay|[upkeep]
|turn|17
|
|move|p1a: Doomsday|Dragon Claw|p2a: Charizard
|-damage|p2a: Charizard|0 fnt
|faint|p2a: Charizard
|
|-weather|SunnyDay|[upkeep]
|
|switch|p2a: Slowbro|Slowbro, F|394\/394
|-damage|p2a: Slowbro|345\/394|[from] Stealth Rock
|turn|18
|
|move|p1a: Doomsday|Dragon Claw|p2a: Slowbro
|-damage|p2a: Slowbro|77\/394
|-damage|p1a: Doomsday|99\/321|[from] item: Rocky Helmet|[of] p2a: Slowbro
|move|p2a: Slowbro|Ice Beam|p1a: Doomsday
|-crit|p1a: Doomsday
|-damage|p1a: Doomsday|0 fnt
|faint|p1a: Doomsday
|
|-weather|none
|
|switch|p1a: Shock Wave|Excadrill, M|361\/361
|-ability|p1a: Shock Wave|Mold Breaker
|-item|p1a: Shock Wave|Air Balloon
|turn|19
|
|move|p1a: Shock Wave|Earthquake|p2a: Slowbro
|-damage|p2a: Slowbro|0 fnt
|faint|p2a: Slowbro
|
|
|switch|p2a: Excadrill|Excadrill, F|361\/361
|-damage|p2a: Excadrill|350\/361|[from] Stealth Rock
|-ability|p2a: Excadrill|Mold Breaker
|turn|20
|
|move|p2a: Excadrill|Iron Head|p1a: Shock Wave
|-crit|p1a: Shock Wave
|-resisted|p1a: Shock Wave
|-damage|p1a: Shock Wave|206\/361
|-enditem|p1a: Shock Wave|Air Balloon
|move|p1a: Shock Wave|Earthquake|p2a: Excadrill
|-supereffective|p2a: Excadrill
|-damage|p2a: Excadrill|0 fnt
|faint|p2a: Excadrill
|
|
|switch|p2a: Bisharp|Bisharp, M|267\/334
|-damage|p2a: Bisharp|247\/334|[from] Stealth Rock
|turn|21
|
|switch|p1a: OG|Mew|203\/403
|move|p2a: Bisharp|Knock Off|p1a: OG
|-supereffective|p1a: OG
|-damage|p1a: OG|0 fnt
|-enditem|p1a: OG|Leftovers|[from] move: Knock Off|[of] p2a: Bisharp
|faint|p1a: OG
|
|-heal|p2a: Bisharp|267\/334|[from] item: Leftovers
|
|switch|p1a: Shock Wave|Excadrill, M|206\/361
|-ability|p1a: Shock Wave|Mold Breaker
|turn|22
|
|move|p2a: Bisharp|Sucker Punch|p1a: Shock Wave
|-damage|p1a: Shock Wave|0 fnt
|faint|p1a: Shock Wave
|
|win|UnluckyMan
|raw|Ladder updating...
|raw|Steez Ibanez's rating: 1683 &rarr; <strong>1659<\/strong><br \/>(-24 for losing)
|raw|UnluckyMan's rating: 1614 &rarr; <strong>1638<\/strong><br \/>(+24 for winning)