|join|DogeBR
|join|Steez Ibanez
|player|p1|DogeBR|29
|player|p2|Steez Ibanez|25
|gametype|singles
|gen|6
|tier|OU
|rated
|clearpoke
|poke|p1|Talonflame, M
|poke|p1|Magnezone
|poke|p1|Latias, F
|poke|p1|Gyarados, M
|poke|p1|Clefable, M
|poke|p1|Ferrothorn, M
|poke|p2|Venusaur, M
|poke|p2|Heatran, M
|poke|p2|Suicune
|poke|p2|Hawlucha, M
|poke|p2|Latias, F
|poke|p2|Thundurus, M
|rule|Swagger Clause: Swagger is banned
|rule|Baton Pass Clause: Limit one Pokémon knowing Baton Pass
|rule|Sleep Clause Mod: Limit one foe put to sleep
|rule|Species Clause: Limit one of each Pokémon
|rule|OHKO Clause: OHKO moves are banned
|rule|Moody Clause: Moody is banned
|rule|Evasion Moves Clause: Evasion moves are banned
|rule|Endless Battle Clause: Forcing endless battles is banned
|rule|HP Percentage Mod: HP is shown in percentages
|teampreview
|
|start
|switch|p1a: Ferrothorn|Ferrothorn, M|352\/352
|switch|p2a: Kuton|Heatran, M|326\/326
|-item|p2a: Kuton|Air Balloon
|turn|1
|
|switch|p1a: Gyarados|Gyarados, M|331\/331
|-ability|p1a: Gyarados|Intimidate|[of] p2a: Kuton
|-unboost|p2a: Kuton|atk|1
|move|p2a: Kuton|Stealth Rock|p1a: Gyarados
|-sidestart|p1: DogeBR|move: Stealth Rock
|
|turn|2
|
|detailschange|p1a: Gyarados|Gyarados-Mega, M
|message|Gyarados has Mega Evolved into Mega Gyarados!
|-ability|p1a: Gyarados|Mold Breaker
|move|p2a: Kuton|Will-O-Wisp|p1a: Gyarados
|-status|p1a: Gyarados|brn
|move|p1a: Gyarados|Ice Fang|p2a: Kuton
|-resisted|p2a: Kuton
|-damage|p2a: Kuton|314\/326
|-enditem|p2a: Kuton|Air Balloon
|
|-damage|p1a: Gyarados|290\/331 brn|[from] brn
|turn|3
|
|switch|p2a: Garurumon|Suicune|403\/403
|-ability|p2a: Garurumon|Pressure
|move|p1a: Gyarados|Dragon Dance|p1a: Gyarados
|-boost|p1a: Gyarados|atk|1
|-boost|p1a: Gyarados|spe|1
|
|-damage|p1a: Gyarados|249\/331 brn|[from] brn
|turn|4
|
|switch|p1a: Magnezone|Magnezone|323\/323
|-damage|p1a: Magnezone|303\/323|[from] Stealth Rock
|move|p2a: Garurumon|Calm Mind|p2a: Garurumon
|-boost|p2a: Garurumon|spa|1
|-boost|p2a: Garurumon|spd|1
|
|turn|5
|
|move|p2a: Garurumon|Calm Mind|p2a: Garurumon
|-boost|p2a: Garurumon|spa|1
|-boost|p2a: Garurumon|spd|1
|move|p1a: Magnezone|Thunderbolt|p2a: Garurumon
|-supereffective|p2a: Garurumon
|-damage|p2a: Garurumon|173\/403
|
|-heal|p2a: Garurumon|198\/403|[from] item: Leftovers
|turn|6
|
|move|p2a: Garurumon|Scald|p1a: Magnezone
|-damage|p1a: Magnezone|105\/323
|move|p1a: Magnezone|Thunderbolt|p2a: Garurumon
|-supereffective|p2a: Garurumon
|-damage|p2a: Garurumon|0 fnt
|faint|p2a: Garurumon
|
|
|switch|p2a: Kuton|Heatran, M|314\/326
|turn|7
|
|switch|p1a: Gyarados|Gyarados-Mega, M|249\/331 brn
|-damage|p1a: Gyarados|208\/331 brn|[from] Stealth Rock
|-ability|p1a: Gyarados|Mold Breaker
|move|p2a: Kuton|Earth Power|p1a: Gyarados
|-damage|p1a: Gyarados|129\/331 brn
|
|-damage|p1a: Gyarados|88\/331 brn|[from] brn
|turn|8
|
|switch|p2a: 420|Venusaur, M|363\/363
|move|p1a: Gyarados|Dragon Dance|p1a: Gyarados
|-boost|p1a: Gyarados|atk|1
|-boost|p1a: Gyarados|spe|1
|
|-damage|p1a: Gyarados|47\/331 brn|[from] brn
|turn|9
|
|detailschange|p2a: 420|Venusaur-Mega, M
|message|Venusaur has Mega Evolved into Mega Venusaur!
|move|p1a: Gyarados|Ice Fang|p2a: 420
|-supereffective|p2a: 420
|-damage|p2a: 420|275\/363
|move|p2a: 420|Synthesis|p2a: 420
|-heal|p2a: 420|363\/363
|
|-damage|p1a: Gyarados|6\/331 brn|[from] brn
|turn|10
|
|move|p1a: Gyarados|Ice Fang|p2a: 420
|-supereffective|p2a: 420
|-damage|p2a: 420|273\/363
|move|p2a: 420|Giga Drain|p1a: Gyarados
|-supereffective|p1a: Gyarados
|-damage|p1a: Gyarados|0 fnt
|-heal|p2a: 420|276\/363|[from] drain|[of] p1a: Gyarados
|faint|p1a: Gyarados
|
|
|switch|p1a: Latias|Latias, F|301\/301
|-damage|p1a: Latias|264\/301|[from] Stealth Rock
|turn|11
|
|switch|p2a: Nimbus|Thundurus, M|299\/299
|move|p1a: Latias|Psyshock|p2a: Nimbus
|-damage|p2a: Nimbus|77\/299
|-damage|p1a: Latias|234\/301|[from] item: Life Orb
|
|turn|12
|
|switch|p1a: Magnezone|Magnezone|105\/323
|-damage|p1a: Magnezone|85\/323|[from] Stealth Rock
|move|p2a: Nimbus|Knock Off|p1a: Magnezone
|-damage|p1a: Magnezone|0 fnt
|-enditem|p1a: Magnezone|Choice Specs|[from] move: Knock Off|[of] p2a: Nimbus
|-damage|p2a: Nimbus|48\/299|[from] item: Life Orb
|faint|p1a: Magnezone
|
|
|switch|p1a: Ferrothorn|Ferrothorn, M|352\/352
|-damage|p1a: Ferrothorn|330\/352|[from] Stealth Rock
|turn|13
|
|move|p2a: Nimbus|Superpower|p1a: Ferrothorn
|-supereffective|p1a: Ferrothorn
|-damage|p1a: Ferrothorn|130\/352
|-damage|p2a: Nimbus|11\/299|[from] ability: Iron Barbs|[of] p1a: Ferrothorn
|-unboost|p2a: Nimbus|atk|1
|-unboost|p2a: Nimbus|def|1
|-damage|p2a: Nimbus|0 fnt|[from] item: Life Orb
|faint|p2a: Nimbus
|move|p1a: Ferrothorn|Leech Seed|p2: Nimbus|[notarget]
|-notarget
|
|-heal|p1a: Ferrothorn|152\/352|[from] item: Leftovers
|
|switch|p2a: Rio|Hawlucha, M|327\/327
|turn|14
|
|move|p2a: Rio|Substitute|p2a: Rio
|-start|p2a: Rio|Substitute
|-damage|p2a: Rio|246\/327
|move|p1a: Ferrothorn|Gyro Ball|p2a: Rio
|-end|p2a: Rio|Substitute
|
|-heal|p1a: Ferrothorn|174\/352|[from] item: Leftovers
|turn|15
|
|move|p2a: Rio|Swords Dance|p2a: Rio
|-boost|p2a: Rio|atk|2
|move|p1a: Ferrothorn|Gyro Ball|p2a: Rio
|-damage|p2a: Rio|27\/327
|-enditem|p2a: Rio|Sitrus Berry|[eat]
|-heal|p2a: Rio|108\/327|[from] item: Sitrus Berry
|
|-heal|p1a: Ferrothorn|196\/352|[from] item: Leftovers
|turn|16
|
|move|p2a: Rio|Acrobatics|p1a: Ferrothorn
|-damage|p1a: Ferrothorn|0 fnt
|-damage|p2a: Rio|68\/327|[from] ability: Iron Barbs|[of] p1a: Ferrothorn
|faint|p1a: Ferrothorn
|
|
|switch|p1a: Clefable|Clefable, M|394\/394
|-damage|p1a: Clefable|345\/394|[from] Stealth Rock
|turn|17
|
|move|p2a: Rio|Acrobatics|p1a: Clefable
|-damage|p1a: Clefable|195\/394
|move|p1a: Clefable|Moonblast|p2a: Rio
|-supereffective|p2a: Rio
|-damage|p2a: Rio|0 fnt
|faint|p2a: Rio
|
|-heal|p1a: Clefable|219\/394|[from] item: Leftovers
|
|switch|p2a: 420|Venusaur-Mega, M|276\/363
|turn|18
|
|move|p2a: 420|Sludge Bomb|p1a: Clefable
|-supereffective|p1a: Clefable
|-damage|p1a: Clefable|0 fnt
|faint|p1a: Clefable
|
|
|switch|p1a: Latias|Latias, F|234\/301
|-damage|p1a: Latias|197\/301|[from] Stealth Rock
|turn|19
|
|move|p1a: Latias|Defog|p2a: 420
|-unboost|p2a: 420|evasion|1
|-sideend|p1: DogeBR|Stealth Rock|[from] move: Defog|[of] p1a: Latias
|move|p2a: 420|Sludge Bomb|p1a: Latias
|-damage|p1a: Latias|88\/301
|
|turn|20
|
|switch|p2a: Athena|Latias, F|301\/301
|move|p1a: Latias|Psyshock|p2a: Athena
|-resisted|p2a: Athena
|-damage|p2a: Athena|207\/301
|-damage|p1a: Latias|58\/301|[from] item: Life Orb
|
|turn|21
|
|switch|p2a: Kuton|Heatran, M|314\/326
|move|p1a: Latias|Draco Meteor|p2a: Kuton
|-resisted|p2a: Kuton
|-damage|p2a: Kuton|197\/326
|-unboost|p1a: Latias|spa|2
|-damage|p1a: Latias|28\/301|[from] item: Life Orb
|
|turn|22
|
|move|p1a: Latias|Earthquake|p2a: Kuton
|-supereffective|p2a: Kuton
|-damage|p2a: Kuton|0 fnt
|-damage|p1a: Latias|0 fnt|[from] item: Life Orb
|faint|p2a: Kuton
|faint|p1a: Latias
|
|
|switch|p1a: Talonflame|Talonflame, M|297\/297
|switch|p2a: 420|Venusaur-Mega, M|276\/363
|turn|23
|
|move|p1a: Talonflame|Brave Bird|p2a: 420
|-supereffective|p2a: 420
|-damage|p2a: 420|22\/363
|-damage|p1a: Talonflame|213\/297|[from] recoil|[of] p2a: 420
|move|p2a: 420|Sludge Bomb|p1a: Talonflame
|-damage|p1a: Talonflame|38\/297
|
|turn|24
|
|switch|p2a: Athena|Latias, F|207\/301
|move|p1a: Talonflame|Roost|p1a: Talonflame
|-heal|p1a: Talonflame|187\/297
|
|turn|25
|c|★DogeBR|this is a roll
|c|★DogeBR|so gl
|c|★DogeBR|:]
|c|★Steez Ibanez|lol
|
|move|p1a: Talonflame|Brave Bird|p2a: Athena
|-damage|p2a: Athena|0 fnt
|-damage|p1a: Talonflame|119\/297|[from] recoil|[of] p2a: Athena
|faint|p2a: Athena
|
|
|switch|p2a: 420|Venusaur-Mega, M|22\/363
|turn|26
|
|move|p1a: Talonflame|Brave Bird|p2a: 420
|-supereffective|p2a: 420
|-damage|p2a: 420|0 fnt
|-damage|p1a: Talonflame|112\/297|[from] recoil|[of] p2a: 420
|faint|p2a: 420
|
|win|DogeBR
|raw|Ladder updating...
|raw|DogeBR's rating: 1648 &rarr; <strong>1666<\/strong><br \/>(+18 for winning)
|raw|Steez Ibanez's rating: 1624 &rarr; <strong>1605<\/strong><br \/>(-19 for losing)
|c|★DogeBR|gg
|c|★Steez Ibanez|gg
|leave|Steez Ibanez
|player|p2