|join|Steez Ibanez
|join|Hellsigner
|player|p1|Steez Ibanez|290
|player|p2|Hellsigner|209
|gametype|singles
|gen|6
|tier|OU
|rated
|clearpoke
|poke|p1|Landorus-Therian, M
|poke|p1|Latios, M
|poke|p1|Gengar, M
|poke|p1|Kyurem-Black
|poke|p1|Venusaur, M
|poke|p1|Heatran, M
|poke|p2|Skarmory, F, shiny
|poke|p2|Infernape, M, shiny
|poke|p2|Pinsir, F, shiny
|poke|p2|Mew, shiny
|poke|p2|Greninja, M, shiny
|poke|p2|Conkeldurr, M, shiny
|rule|Swagger Clause: Swagger is banned
|rule|Baton Pass Clause: Limit one Pokémon knowing Baton Pass
|rule|Sleep Clause Mod: Limit one foe put to sleep
|rule|Species Clause: Limit one of each Pokémon
|rule|OHKO Clause: OHKO moves are banned
|rule|Moody Clause: Moody is banned
|rule|Evasion Moves Clause: Evasion moves are banned
|rule|Endless Battle Clause: Forcing endless battles is banned
|rule|HP Percentage Mod: HP is shown in percentages
|teampreview
|
|start
|switch|p1a: Zetsu|Gengar, M|260\/260
|switch|p2a: Skarmory|Skarmory, F, shiny|334\/334
|turn|1
|
|move|p1a: Zetsu|Taunt|p2a: Skarmory
|-start|p2a: Skarmory|move: Taunt
|cant|p2a: Skarmory|move: Taunt|Spikes
|
|turn|2
|
|move|p1a: Zetsu|Shadow Ball|p2a: Skarmory
|-damage|p2a: Skarmory|95\/334
|-damage|p1a: Zetsu|234\/260|[from] item: Life Orb
|move|p2a: Skarmory|Brave Bird|p1a: Zetsu
|-damage|p1a: Zetsu|48\/260
|-damage|p2a: Skarmory|34\/334|[from] recoil|[of] p1a: Zetsu
|
|-heal|p2a: Skarmory|54\/334|[from] item: Leftovers
|turn|3
|
|move|p1a: Zetsu|Shadow Ball|p2a: Skarmory
|-damage|p2a: Skarmory|0 fnt
|-damage|p1a: Zetsu|22\/260|[from] item: Life Orb
|faint|p2a: Skarmory
|
|
|switch|p2a: Pinsir|Pinsir, F, shiny|271\/271
|turn|4
|
|switch|p1a: Shukaku|Landorus-Therian, M|319\/319
|-ability|p1a: Shukaku|Intimidate|[of] p2a: Pinsir
|-fail|p2a: Pinsir|unboost|Attack|[from] ability: Hyper Cutter|[of] p2a: Pinsir
|detailschange|p2a: Pinsir|Pinsir-Mega, F, shiny
|message|Pinsir has Mega Evolved into Mega Pinsir!
|move|p2a: Pinsir|Quick Attack|p1a: Shukaku
|-damage|p1a: Shukaku|196\/319
|
|turn|5
|
|move|p1a: Shukaku|U-turn|p2a: Pinsir
|-resisted|p2a: Pinsir
|-damage|p2a: Pinsir|230\/271
|
|switch|p1a: Zetsu|Gengar, M|22\/260
|move|p2a: Pinsir|Return|p1a: Zetsu
|-damage|p1a: Zetsu|0 fnt
|faint|p1a: Zetsu
|
|
|switch|p1a: Shukaku|Landorus-Therian, M|196\/319
|-ability|p1a: Shukaku|Intimidate|[of] p2a: Pinsir
|-unboost|p2a: Pinsir|atk|1
|turn|6
|
|switch|p2a: Infernape|Infernape, M, shiny|293\/293
|move|p1a: Shukaku|U-turn|p2a: Infernape
|-resisted|p2a: Infernape
|-damage|p2a: Infernape|262\/293
|
|switch|p1a: Badmon|Latios, M|301\/301
|
|turn|7
|
|switch|p1a: Shukaku|Landorus-Therian, M|196\/319
|-ability|p1a: Shukaku|Intimidate|[of] p2a: Infernape
|-unboost|p2a: Infernape|atk|1
|move|p2a: Infernape|Hidden Power|p1a: Shukaku
|-supereffective|p1a: Shukaku
|-damage|p1a: Shukaku|0 fnt
|-damage|p2a: Infernape|233\/293|[from] item: Life Orb
|faint|p1a: Shukaku
|
|
|switch|p1a: Badmon|Latios, M|301\/301
|turn|8
|
|switch|p2a: Conkeldurr|Conkeldurr, M, shiny|351\/351
|move|p1a: Badmon|Psyshock|p2a: Conkeldurr
|-supereffective|p2a: Conkeldurr
|-damage|p2a: Conkeldurr|0 fnt
|-damage|p1a: Badmon|271\/301|[from] item: Life Orb
|faint|p2a: Conkeldurr
|
|
|switch|p2a: Greninja|Greninja, M, shiny|286\/286
|turn|9
|
|switch|p1a: Plague|Kyurem-Black|405\/405
|-ability|p1a: Plague|Teravolt
|move|p2a: Greninja|Dark Pulse|p1a: Plague
|-start|p2a: Greninja|typechange|Dark|[from] Protean
|-damage|p1a: Plague|244\/405
|-damage|p2a: Greninja|258\/286|[from] item: Life Orb
|
|-heal|p1a: Plague|269\/405|[from] item: Leftovers
|turn|10
|
|switch|p2a: Mew|Mew, shiny|404\/404
|move|p1a: Plague|Fusion Bolt|p2a: Mew
|-damage|p2a: Mew|283\/404
|
|-heal|p1a: Plague|294\/405|[from] item: Leftovers
|-heal|p2a: Mew|308\/404|[from] item: Leftovers
|turn|11
|
|move|p1a: Plague|Substitute|p1a: Plague
|-start|p1a: Plague|Substitute
|-damage|p1a: Plague|193\/405
|move|p2a: Mew|Stealth Rock|p1a: Plague
|-sidestart|p1: Steez Ibanez|move: Stealth Rock
|
|-heal|p1a: Plague|218\/405|[from] item: Leftovers
|-heal|p2a: Mew|333\/404|[from] item: Leftovers
|turn|12
|
|move|p1a: Plague|Ice Beam|p2a: Mew
|-damage|p2a: Mew|201\/404
|move|p2a: Mew|Will-O-Wisp|p1a: Plague|[miss]
|-miss|p2a: Mew|p1a: Plague
|
|-heal|p1a: Plague|243\/405|[from] item: Leftovers
|-heal|p2a: Mew|226\/404|[from] item: Leftovers
|turn|13
|
|move|p1a: Plague|Ice Beam|p2a: Mew
|-damage|p2a: Mew|85\/404
|-status|p2a: Mew|frz
|cant|p2a: Mew|frz
|
|-heal|p1a: Plague|268\/405|[from] item: Leftovers
|-heal|p2a: Mew|110\/404 frz|[from] item: Leftovers
|turn|14
|c|★Hellsigner|o
|
|move|p1a: Plague|Ice Beam|p2a: Mew
|-damage|p2a: Mew|0 fnt
|faint|p2a: Mew
|
|-heal|p1a: Plague|293\/405|[from] item: Leftovers
|
|switch|p2a: Infernape|Infernape, M, shiny|233\/293
|turn|15
|c|★Steez Ibanez|happens
|
|move|p2a: Infernape|Close Combat|p1a: Plague
|-supereffective|p1a: Plague
|-end|p1a: Plague|Substitute
|-unboost|p2a: Infernape|def|1
|-unboost|p2a: Infernape|spd|1
|-damage|p2a: Infernape|204\/293|[from] item: Life Orb
|move|p1a: Plague|Earth Power|p2a: Infernape
|-supereffective|p2a: Infernape
|-damage|p2a: Infernape|0 fnt
|faint|p2a: Infernape
|
|-heal|p1a: Plague|318\/405|[from] item: Leftovers
|
|switch|p2a: Greninja|Greninja, M, shiny|258\/286
|turn|16
|
|move|p2a: Greninja|Ice Beam|p1a: Plague
|-start|p2a: Greninja|typechange|Ice|[from] Protean
|-damage|p1a: Plague|111\/405
|-damage|p2a: Greninja|230\/286|[from] item: Life Orb
|move|p1a: Plague|Fusion Bolt|p2a: Greninja
|-damage|p2a: Greninja|57\/286
|
|-heal|p1a: Plague|136\/405|[from] item: Leftovers
|turn|17
|
|move|p2a: Greninja|Hydro Pump|p1a: Plague
|-start|p2a: Greninja|typechange|Water|[from] Protean
|-resisted|p1a: Plague
|-damage|p1a: Plague|27\/405
|-damage|p2a: Greninja|29\/286|[from] item: Life Orb
|move|p1a: Plague|Earth Power|p2a: Greninja
|-damage|p2a: Greninja|0 fnt
|faint|p2a: Greninja
|
|-heal|p1a: Plague|52\/405|[from] item: Leftovers
|
|switch|p2a: Pinsir|Pinsir-Mega, F, shiny|230\/271
|turn|18
|
|move|p2a: Pinsir|Return|p1a: Plague
|-damage|p1a: Plague|0 fnt
|faint|p1a: Plague
|
|
|switch|p1a: Badmon|Latios, M|271\/301
|-damage|p1a: Badmon|234\/301|[from] Stealth Rock
|turn|19
|
|move|p1a: Badmon|Draco Meteor|p2a: Pinsir
|-crit|p2a: Pinsir
|-damage|p2a: Pinsir|0 fnt
|-unboost|p1a: Badmon|spa|2
|-damage|p1a: Badmon|204\/301|[from] item: Life Orb
|faint|p2a: Pinsir
|
|win|Steez Ibanez
|raw|Ladder updating...
|raw|Steez Ibanez's rating: 1618 &rarr; <strong>1635<\/strong><br \/>(+17 for winning)
|raw|Hellsigner's rating: 1564 &rarr; <strong>1547<\/strong><br \/>(-17 for losing)
|c|★Steez Ibanez|gg
|c|★Hellsigner|gg 