|join|Steez Ibanez
|join|Sidebae
|player|p1|Steez Ibanez|290
|player|p2|Sidebae|39
|gametype|singles
|gen|6
|tier|OU
|rated
|clearpoke
|poke|p1|Magnezone
|poke|p1|Landorus-Therian, M
|poke|p1|Sceptile, M
|poke|p1|Latias, F
|poke|p1|Keldeo-Resolute
|poke|p1|Sylveon, M
|poke|p2|Sableye, M
|poke|p2|Porygon2
|poke|p2|Jirachi
|poke|p2|Chesnaught, F
|poke|p2|Rotom-Wash
|poke|p2|Sylveon, F
|rule|Swagger Clause: Swagger is banned
|rule|Baton Pass Clause: Limit one Pokémon knowing Baton Pass
|rule|Sleep Clause Mod: Limit one foe put to sleep
|rule|Species Clause: Limit one of each Pokémon
|rule|OHKO Clause: OHKO moves are banned
|rule|Moody Clause: Moody is banned
|rule|Evasion Moves Clause: Evasion moves are banned
|rule|Endless Battle Clause: Forcing endless battles is banned
|rule|HP Percentage Mod: HP is shown in percentages
|teampreview
|
|start
|switch|p1a: Pixelmon|Sylveon, M|393\/393
|switch|p2a: Rotom-Wash|Rotom-Wash|304\/304
|turn|1
|
|move|p1a: Pixelmon|Protect|p1a: Pixelmon
|-singleturn|p1a: Pixelmon|Protect
|move|p2a: Rotom-Wash|Hydro Pump|p1a: Pixelmon
|-activate|p1a: Pixelmon|Protect
|
|turn|2
|
|switch|p2a: Porygon2|Porygon2|374\/374
|-ability|p2a: Porygon2|Pixilate|[from] ability: Trace|[of] p1a: Pixelmon
|move|p1a: Pixelmon|Hyper Voice|p2a: Porygon2
|-damage|p2a: Porygon2|295\/374
|
|turn|3
|
|switch|p1a: Shukaku|Landorus-Therian, M|381\/381
|-ability|p1a: Shukaku|Intimidate|[of] p2a: Porygon2
|-unboost|p2a: Porygon2|atk|1
|move|p2a: Porygon2|Toxic|p1a: Shukaku
|-status|p1a: Shukaku|tox
|
|-damage|p1a: Shukaku|358\/381 tox|[from] psn
|turn|4
|
|switch|p2a: Chesnaught|Chesnaught, F|380\/380
|move|p1a: Shukaku|Stealth Rock|p2a: Chesnaught
|-sidestart|p2: Sidebae|move: Stealth Rock
|
|-heal|p1a: Shukaku|381\/381 tox|[from] item: Leftovers
|-damage|p1a: Shukaku|335\/381 tox|[from] psn
|turn|5
|
|move|p1a: Shukaku|U-turn|p2a: Chesnaught
|-damage|p2a: Chesnaught|323\/380
|-damage|p1a: Shukaku|272\/381 tox|[from] item: Rocky Helmet|[of] p2a: Chesnaught
|
|switch|p1a: Pikkon|Sceptile, M|281\/281
|move|p2a: Chesnaught|Spikes|p1a: Pikkon
|-sidestart|p1: Steez Ibanez|Spikes
|
|turn|6
|
|switch|p2a: Sylveon|Sylveon, F|394\/394
|-damage|p2a: Sylveon|345\/394|[from] Stealth Rock
|detailschange|p1a: Pikkon|Sceptile-Mega, M
|message|Sceptile has Mega Evolved into Mega Sceptile!
|move|p1a: Pikkon|Hidden Power|p2a: Sylveon
|-damage|p2a: Sylveon|293\/394
|
|-heal|p2a: Sylveon|317\/394|[from] item: Leftovers
|turn|7
|
|switch|p1a: MAG|Magnezone|281\/281
|-damage|p1a: MAG|246\/281|[from] Spikes
|move|p2a: Sylveon|Hyper Voice|p1a: MAG
|-resisted|p1a: MAG
|-damage|p1a: MAG|168\/281
|
|-heal|p2a: Sylveon|341\/394|[from] item: Leftovers
|turn|8
|
|move|p2a: Sylveon|Protect|p2a: Sylveon
|-singleturn|p2a: Sylveon|Protect
|move|p1a: MAG|Volt Switch|p2a: Sylveon
|-activate|p2a: Sylveon|Protect
|
|-heal|p2a: Sylveon|365\/394|[from] item: Leftovers
|turn|9
|
|move|p1a: MAG|Volt Switch|p2a: Sylveon
|-damage|p2a: Sylveon|248\/394
|
|switch|p1a: Pixelmon|Sylveon, M|393\/393
|-damage|p1a: Pixelmon|344\/393|[from] Spikes
|move|p2a: Sylveon|Wish|p2a: Sylveon
|
|-heal|p2a: Sylveon|272\/394|[from] item: Leftovers
|-heal|p1a: Pixelmon|368\/393|[from] item: Leftovers
|turn|10
|
|switch|p2a: Jirachi|Jirachi|401\/401
|-damage|p2a: Jirachi|376\/401|[from] Stealth Rock
|move|p1a: Pixelmon|Heal Bell|p1a: Pixelmon
|-cureteam|p1a: Pixelmon|[from] move: HealBell
|
|-heal|p2a: Jirachi|401\/401|[from] move: Wish|[wisher] Sylveon
|-heal|p1a: Pixelmon|392\/393|[from] item: Leftovers
|turn|11
|
|move|p2a: Jirachi|U-turn|p1a: Pixelmon
|-resisted|p1a: Pixelmon
|-damage|p1a: Pixelmon|362\/393
|
|switch|p2a: Sylveon|Sylveon, F|272\/394
|-damage|p2a: Sylveon|223\/394|[from] Stealth Rock
|move|p1a: Pixelmon|Wish|p1a: Pixelmon
|
|-heal|p1a: Pixelmon|386\/393|[from] item: Leftovers
|-heal|p2a: Sylveon|247\/394|[from] item: Leftovers
|turn|12
|
|switch|p1a: MAG|Magnezone|168\/281
|-damage|p1a: MAG|133\/281|[from] Spikes
|move|p2a: Sylveon|Wish|p2a: Sylveon
|
|-heal|p1a: MAG|281\/281|[from] move: Wish|[wisher] Pixelmon
|-heal|p2a: Sylveon|271\/394|[from] item: Leftovers
|turn|13
|
|switch|p1a: Shukaku|Landorus-Therian, M|272\/381
|-ability|p1a: Shukaku|Intimidate|[of] p2a: Sylveon
|-unboost|p2a: Sylveon|atk|1
|move|p2a: Sylveon|Protect|p2a: Sylveon
|-fail|p2a: Sylveon
|
|-heal|p2a: Sylveon|394\/394|[from] move: Wish|[wisher] Sylveon
|-heal|p1a: Shukaku|295\/381|[from] item: Leftovers
|turn|14
|
|switch|p2a: Chesnaught|Chesnaught, F|323\/380
|-damage|p2a: Chesnaught|300\/380|[from] Stealth Rock
|move|p1a: Shukaku|Earthquake|p2a: Chesnaught
|-resisted|p2a: Chesnaught
|-damage|p2a: Chesnaught|241\/380
|
|-heal|p1a: Shukaku|318\/381|[from] item: Leftovers
|turn|15
|
|switch|p1a: Latias|Latias, F|301\/301
|move|p2a: Chesnaught|Drain Punch|p1a: Latias
|-resisted|p1a: Latias
|-damage|p1a: Latias|247\/301
|-heal|p2a: Chesnaught|268\/380|[from] drain|[of] p1a: Latias
|
|turn|16
|
|switch|p2a: Jirachi|Jirachi|401\/401
|-damage|p2a: Jirachi|376\/401|[from] Stealth Rock
|move|p1a: Latias|Defog|p2a: Jirachi
|-unboost|p2a: Jirachi|evasion|1
|-sideend|p2: Sidebae|Stealth Rock|[from] move: Defog|[of] p2a: Jirachi
|-sideend|p1: Steez Ibanez|Spikes|[from] move: Defog|[of] p1a: Latias
|
|-heal|p2a: Jirachi|401\/401|[from] item: Leftovers
|turn|17
|
|switch|p1a: MAG|Magnezone|281\/281
|move|p2a: Jirachi|Iron Head|p1a: MAG
|-resisted|p1a: MAG
|-damage|p1a: MAG|257\/281
|
|turn|18
|
|move|p1a: MAG|Hidden Power|p2a: Jirachi
|-supereffective|p2a: Jirachi
|-damage|p2a: Jirachi|173\/401
|move|p2a: Jirachi|Fire Punch|p1a: MAG
|-supereffective|p1a: MAG
|-damage|p1a: MAG|131\/281
|
|-heal|p2a: Jirachi|198\/401|[from] item: Leftovers
|turn|19
|
|move|p1a: MAG|Hidden Power|p2a: Jirachi
|-supereffective|p2a: Jirachi
|-damage|p2a: Jirachi|0 fnt
|faint|p2a: Jirachi
|
|
|switch|p2a: Porygon2|Porygon2|295\/374
|-ability|p2a: Porygon2|Magnet Pull|[from] ability: Trace|[of] p1a: MAG
|turn|20
|c|★Steez Ibanez|nice\
|
|move|p1a: MAG|Hidden Power|p2a: Porygon2
|-damage|p2a: Porygon2|241\/374
|move|p2a: Porygon2|Recover|p2a: Porygon2
|-heal|p2a: Porygon2|374\/374
|
|turn|21
|c|★Sidebae|gotcha
|
|move|p1a: MAG|Hidden Power|p2a: Porygon2
|-damage|p2a: Porygon2|323\/374
|move|p2a: Porygon2|Ice Beam|p1a: MAG
|-resisted|p1a: MAG
|-damage|p1a: MAG|88\/281
|
|turn|22
|
|move|p1a: MAG|Hidden Power|p2a: Porygon2
|-damage|p2a: Porygon2|267\/374
|move|p2a: Porygon2|Ice Beam|p1a: MAG
|-resisted|p1a: MAG
|-damage|p1a: MAG|51\/281
|
|turn|23
|c|★Sidebae|honestly i didn't think that hp fire would do so much to rachi
|
|move|p1a: MAG|Hidden Power|p2a: Porygon2
|-damage|p2a: Porygon2|211\/374
|move|p2a: Porygon2|Ice Beam|p1a: MAG
|-resisted|p1a: MAG
|-damage|p1a: MAG|12\/281
|
|turn|24
|c|★Steez Ibanez|specs
|
|move|p1a: MAG|Hidden Power|p2a: Porygon2
|-damage|p2a: Porygon2|156\/374
|move|p2a: Porygon2|Recover|p2a: Porygon2
|-heal|p2a: Porygon2|343\/374
|
|turn|25
|c|★Sidebae|i thought you were scarfed
|c|★Steez Ibanez|na
|
|move|p1a: MAG|Hidden Power|p2a: Porygon2
|-damage|p2a: Porygon2|284\/374
|move|p2a: Porygon2|Ice Beam|p1a: MAG
|-resisted|p1a: MAG
|-damage|p1a: MAG|0 fnt
|faint|p1a: MAG
|
|
|switch|p1a: Perseus|Keldeo-Resolute|323\/323
|turn|26
|
|switch|p2a: Sableye|Sableye, M|304\/304
|move|p1a: Perseus|Hydro Pump|p2a: Sableye
|-damage|p2a: Sableye|0 fnt
|faint|p2a: Sableye
|
|c|★Sidebae|well fuck
|
|switch|p2a: Rotom-Wash|Rotom-Wash|304\/304
|turn|27
|
|switch|p1a: Pikkon|Sceptile-Mega, M|281\/281
|switch|p2a: Sylveon|Sylveon, F|394\/394
|
|turn|28
|
|switch|p1a: Pixelmon|Sylveon, M|386\/393
|move|p2a: Sylveon|Hyper Voice|p1a: Pixelmon
|-damage|p1a: Pixelmon|259\/393
|
|-heal|p1a: Pixelmon|283\/393|[from] item: Leftovers
|turn|29
|
|move|p2a: Sylveon|Wish|p2a: Sylveon
|move|p1a: Pixelmon|Hyper Voice|p2a: Sylveon
|-damage|p2a: Sylveon|300\/394
|
|-heal|p1a: Pixelmon|307\/393|[from] item: Leftovers
|-heal|p2a: Sylveon|324\/394|[from] item: Leftovers
|turn|30
|
|move|p1a: Pixelmon|Wish|p1a: Pixelmon
|move|p2a: Sylveon|Hyper Voice|p1a: Pixelmon
|-damage|p1a: Pixelmon|192\/393
|
|-heal|p2a: Sylveon|394\/394|[from] move: Wish|[wisher] Sylveon
|-heal|p1a: Pixelmon|216\/393|[from] item: Leftovers
|turn|31
|
|move|p1a: Pixelmon|Protect|p1a: Pixelmon
|-singleturn|p1a: Pixelmon|Protect
|move|p2a: Sylveon|Wish|p2a: Sylveon
|
|-heal|p1a: Pixelmon|393\/393|[from] move: Wish|[wisher] Pixelmon
|turn|32
|
|move|p2a: Sylveon|Hyper Voice|p1a: Pixelmon
|-damage|p1a: Pixelmon|270\/393
|move|p1a: Pixelmon|Wish|p1a: Pixelmon
|
|-heal|p1a: Pixelmon|294\/393|[from] item: Leftovers
|turn|33
|
|switch|p1a: Shukaku|Landorus-Therian, M|318\/381
|-ability|p1a: Shukaku|Intimidate|[of] p2a: Sylveon
|-unboost|p2a: Sylveon|atk|1
|move|p2a: Sylveon|Hyper Voice|p1a: Shukaku
|-damage|p1a: Shukaku|120\/381
|
|-heal|p1a: Shukaku|316\/381|[from] move: Wish|[wisher] Pixelmon
|-heal|p1a: Shukaku|339\/381|[from] item: Leftovers
|turn|34
|
|switch|p1a: Latias|Latias, F|247\/301
|move|p2a: Sylveon|Hyper Voice|p1a: Latias
|-crit|p1a: Latias
|-supereffective|p1a: Latias
|-damage|p1a: Latias|0 fnt
|faint|p1a: Latias
|
|c|★Steez Ibanez|damn
|c|★Steez Ibanez|ok
|c|★Sidebae|pver predicted
|
|switch|p1a: Shukaku|Landorus-Therian, M|339\/381
|-ability|p1a: Shukaku|Intimidate|[of] p2a: Sylveon
|-unboost|p2a: Sylveon|atk|1
|turn|35
|c|★Sidebae|i knew you'd do that
|
|switch|p1a: Pixelmon|Sylveon, M|294\/393
|switch|p2a: Chesnaught|Chesnaught, F|268\/380
|
|-heal|p1a: Pixelmon|318\/393|[from] item: Leftovers
|turn|36
|c|★Steez Ibanez|yea huh
|
|switch|p2a: Sylveon|Sylveon, F|394\/394
|move|p1a: Pixelmon|Hyper Voice|p2a: Sylveon
|-damage|p2a: Sylveon|297\/394
|
|-heal|p2a: Sylveon|321\/394|[from] item: Leftovers
|-heal|p1a: Pixelmon|342\/393|[from] item: Leftovers
|turn|37
|
|move|p2a: Sylveon|Hyper Voice|p1a: Pixelmon
|-crit|p1a: Pixelmon
|-damage|p1a: Pixelmon|153\/393
|move|p1a: Pixelmon|Wish|p1a: Pixelmon
|
|-heal|p2a: Sylveon|345\/394|[from] item: Leftovers
|-heal|p1a: Pixelmon|177\/393|[from] item: Leftovers
|turn|38
|
|move|p2a: Sylveon|Wish|p2a: Sylveon
|move|p1a: Pixelmon|Hyper Voice|p2a: Sylveon
|-damage|p2a: Sylveon|248\/394
|
|-heal|p1a: Pixelmon|373\/393|[from] move: Wish|[wisher] Pixelmon
|-heal|p1a: Pixelmon|393\/393|[from] item: Leftovers
|-heal|p2a: Sylveon|272\/394|[from] item: Leftovers
|turn|39
|
|switch|p2a: Chesnaught|Chesnaught, F|268\/380
|move|p1a: Pixelmon|Protect|p1a: Pixelmon
|-fail|p1a: Pixelmon
|
|-heal|p2a: Chesnaught|380\/380|[from] move: Wish|[wisher] Sylveon
|turn|40
|
|switch|p2a: Sylveon|Sylveon, F|272\/394
|move|p1a: Pixelmon|Hyper Voice|p2a: Sylveon
|-damage|p2a: Sylveon|176\/394
|
|-heal|p2a: Sylveon|200\/394|[from] item: Leftovers
|turn|41
|
|switch|p1a: Shukaku|Landorus-Therian, M|339\/381
|-ability|p1a: Shukaku|Intimidate|[of] p2a: Sylveon
|-unboost|p2a: Sylveon|atk|1
|move|p2a: Sylveon|Wish|p2a: Sylveon
|
|-heal|p1a: Shukaku|362\/381|[from] item: Leftovers
|-heal|p2a: Sylveon|224\/394|[from] item: Leftovers
|turn|42
|
|move|p2a: Sylveon|Protect|p2a: Sylveon
|-singleturn|p2a: Sylveon|Protect
|move|p1a: Shukaku|Stealth Rock|p2a: Sylveon
|-sidestart|p2: Sidebae|move: Stealth Rock
|
|-heal|p2a: Sylveon|394\/394|[from] move: Wish|[wisher] Sylveon
|-heal|p1a: Shukaku|381\/381|[from] item: Leftovers
|turn|43
|
|switch|p2a: Porygon2|Porygon2|284\/374
|-damage|p2a: Porygon2|238\/374|[from] Stealth Rock
|-ability|p2a: Porygon2|Intimidate|[from] ability: Trace|[of] p1a: Shukaku
|-ability|p2a: Porygon2|Intimidate|[of] p1a: Shukaku
|-unboost|p1a: Shukaku|atk|1
|move|p1a: Shukaku|U-turn|p2a: Porygon2
|-damage|p2a: Porygon2|196\/374
|
|switch|p1a: Perseus|Keldeo-Resolute|323\/323
|
|turn|44
|
|switch|p1a: Pixelmon|Sylveon, M|393\/393
|switch|p2a: Sylveon|Sylveon, F|394\/394
|-damage|p2a: Sylveon|345\/394|[from] Stealth Rock
|
|-heal|p2a: Sylveon|369\/394|[from] item: Leftovers
|turn|45
|
|switch|p1a: Shukaku|Landorus-Therian, M|381\/381
|-ability|p1a: Shukaku|Intimidate|[of] p2a: Sylveon
|-unboost|p2a: Sylveon|atk|1
|move|p2a: Sylveon|Wish|p2a: Sylveon
|
|-heal|p2a: Sylveon|393\/394|[from] item: Leftovers
|turn|46
|
|move|p1a: Shukaku|Earthquake|p2a: Sylveon
|-damage|p2a: Sylveon|138\/394
|move|p2a: Sylveon|Hyper Voice|p1a: Shukaku
|-damage|p1a: Shukaku|194\/381
|
|-heal|p2a: Sylveon|335\/394|[from] move: Wish|[wisher] Sylveon
|-heal|p1a: Shukaku|217\/381|[from] item: Leftovers
|-heal|p2a: Sylveon|359\/394|[from] item: Leftovers
|turn|47
|
|switch|p2a: Chesnaught|Chesnaught, F|380\/380
|-damage|p2a: Chesnaught|357\/380|[from] Stealth Rock
|move|p1a: Shukaku|Earthquake|p2a: Chesnaught
|-resisted|p2a: Chesnaught
|-damage|p2a: Chesnaught|300\/380
|
|-heal|p1a: Shukaku|240\/381|[from] item: Leftovers
|turn|48
|
|switch|p1a: Pixelmon|Sylveon, M|393\/393
|move|p2a: Chesnaught|Spikes|p1a: Pixelmon
|-sidestart|p1: Steez Ibanez|Spikes
|
|turn|49
|
|switch|p2a: Sylveon|Sylveon, F|359\/394
|-damage|p2a: Sylveon|310\/394|[from] Stealth Rock
|move|p1a: Pixelmon|Hyper Voice|p2a: Sylveon
|-damage|p2a: Sylveon|213\/394
|
|-heal|p2a: Sylveon|237\/394|[from] item: Leftovers
|turn|50
|
|move|p2a: Sylveon|Wish|p2a: Sylveon
|move|p1a: Pixelmon|Hyper Voice|p2a: Sylveon
|-damage|p2a: Sylveon|150\/394
|
|-heal|p2a: Sylveon|174\/394|[from] item: Leftovers
|turn|51
|
|move|p1a: Pixelmon|Wish|p1a: Pixelmon
|move|p2a: Sylveon|Hyper Voice|p1a: Pixelmon
|-damage|p1a: Pixelmon|267\/393
|
|-heal|p2a: Sylveon|371\/394|[from] move: Wish|[wisher] Sylveon
|-heal|p1a: Pixelmon|291\/393|[from] item: Leftovers
|-heal|p2a: Sylveon|394\/394|[from] item: Leftovers
|turn|52
|
|switch|p1a: Shukaku|Landorus-Therian, M|240\/381
|-ability|p1a: Shukaku|Intimidate|[of] p2a: Sylveon
|-unboost|p2a: Sylveon|atk|1
|switch|p2a: Rotom-Wash|Rotom-Wash|304\/304
|-damage|p2a: Rotom-Wash|266\/304|[from] Stealth Rock
|
|-heal|p1a: Shukaku|381\/381|[from] move: Wish|[wisher] Pixelmon
|turn|53
|
|move|p1a: Shukaku|U-turn|p2a: Rotom-Wash
|-damage|p2a: Rotom-Wash|205\/304
|
|switch|p1a: Pixelmon|Sylveon, M|291\/393
|-damage|p1a: Pixelmon|242\/393|[from] Spikes
|move|p2a: Rotom-Wash|Hydro Pump|p1a: Pixelmon
|-damage|p1a: Pixelmon|62\/393
|
|-heal|p1a: Pixelmon|86\/393|[from] item: Leftovers
|turn|54
|
|move|p1a: Pixelmon|Protect|p1a: Pixelmon
|-singleturn|p1a: Pixelmon|Protect
|move|p2a: Rotom-Wash|Hydro Pump|p1a: Pixelmon
|-activate|p1a: Pixelmon|Protect
|
|-heal|p1a: Pixelmon|110\/393|[from] item: Leftovers
|turn|55
|
|switch|p1a: Pikkon|Sceptile-Mega, M|281\/281
|-damage|p1a: Pikkon|246\/281|[from] Spikes
|move|p2a: Rotom-Wash|Hydro Pump|p1a: Pikkon
|-resisted|p1a: Pikkon
|-damage|p1a: Pikkon|176\/281
|
|turn|56
|
|switch|p2a: Sylveon|Sylveon, F|394\/394
|-damage|p2a: Sylveon|345\/394|[from] Stealth Rock
|move|p1a: Pikkon|Leaf Storm|p2a: Sylveon
|-damage|p2a: Sylveon|177\/394
|-unboost|p1a: Pikkon|spa|2
|
|-heal|p2a: Sylveon|201\/394|[from] item: Leftovers
|turn|57
|
|switch|p1a: Shukaku|Landorus-Therian, M|381\/381
|-ability|p1a: Shukaku|Intimidate|[of] p2a: Sylveon
|-unboost|p2a: Sylveon|atk|1
|move|p2a: Sylveon|Hyper Voice|p1a: Shukaku
|-damage|p1a: Shukaku|200\/381
|
|-heal|p1a: Shukaku|223\/381|[from] item: Leftovers
|-heal|p2a: Sylveon|225\/394|[from] item: Leftovers
|turn|58
|
|switch|p1a: Perseus|Keldeo-Resolute|323\/323
|-damage|p1a: Perseus|283\/323|[from] Spikes
|move|p2a: Sylveon|Protect|p2a: Sylveon
|-fail|p2a: Sylveon
|
|-heal|p2a: Sylveon|249\/394|[from] item: Leftovers
|turn|59
|
|move|p1a: Perseus|Hydro Pump|p2a: Sylveon|[miss]
|-miss|p1a: Perseus|p2a: Sylveon
|move|p2a: Sylveon|Hyper Voice|p1a: Perseus
|-crit|p1a: Perseus
|-supereffective|p1a: Perseus
|-damage|p1a: Perseus|0 fnt
|faint|p1a: Perseus
|
|-heal|p2a: Sylveon|273\/394|[from] item: Leftovers
|c|★Steez Ibanez|wow
|c|★Sidebae|so sorry
|
|switch|p1a: Shukaku|Landorus-Therian, M|223\/381
|-ability|p1a: Shukaku|Intimidate|[of] p2a: Sylveon
|-unboost|p2a: Sylveon|atk|1
|turn|60
|c|★Sidebae|but it wouldn't have killed i had max spD and hp
|
|move|p2a: Sylveon|Protect|p2a: Sylveon
|-singleturn|p2a: Sylveon|Protect
|move|p1a: Shukaku|Earthquake|p2a: Sylveon
|-activate|p2a: Sylveon|Protect
|
|-heal|p1a: Shukaku|246\/381|[from] item: Leftovers
|-heal|p2a: Sylveon|297\/394|[from] item: Leftovers
|turn|61
|c|★Steez Ibanez|i know
|
|switch|p2a: Chesnaught|Chesnaught, F|300\/380
|-damage|p2a: Chesnaught|277\/380|[from] Stealth Rock
|move|p1a: Shukaku|U-turn|p2a: Chesnaught
|-damage|p2a: Chesnaught|227\/380
|-damage|p1a: Shukaku|183\/381|[from] item: Rocky Helmet|[of] p2a: Chesnaught
|
|switch|p1a: Pixelmon|Sylveon, M|110\/393
|-damage|p1a: Pixelmon|61\/393|[from] Spikes
|
|-heal|p1a: Pixelmon|85\/393|[from] item: Leftovers
|turn|62
|
|move|p2a: Chesnaught|Leech Seed|p1a: Pixelmon
|-start|p1a: Pixelmon|move: Leech Seed
|move|p1a: Pixelmon|Wish|p1a: Pixelmon
|
|-heal|p1a: Pixelmon|109\/393|[from] item: Leftovers
|-damage|p1a: Pixelmon|60\/393|[from] Leech Seed|[of] p2a: Chesnaught
|-heal|p2a: Chesnaught|276\/380|[silent]
|turn|63
|
|move|p2a: Chesnaught|Spikes|p1a: Pixelmon
|-sidestart|p1: Steez Ibanez|Spikes
|move|p1a: Pixelmon|Hyper Voice|p2a: Chesnaught
|-supereffective|p2a: Chesnaught
|-damage|p2a: Chesnaught|0 fnt
|faint|p2a: Chesnaught
|
|-heal|p1a: Pixelmon|256\/393|[from] move: Wish|[wisher] Pixelmon
|-heal|p1a: Pixelmon|280\/393|[from] item: Leftovers
|
|switch|p2a: Rotom-Wash|Rotom-Wash|205\/304
|-damage|p2a: Rotom-Wash|167\/304|[from] Stealth Rock
|turn|64
|
|switch|p1a: Pikkon|Sceptile-Mega, M|176\/281
|-damage|p1a: Pikkon|130\/281|[from] Spikes
|move|p2a: Rotom-Wash|Trick|p1a: Pikkon
|-fail|p1a: Pikkon
|
|turn|65
|c|★Sidebae|i fucked up
|
|switch|p1a: Shukaku|Landorus-Therian, M|183\/381
|-ability|p1a: Shukaku|Intimidate|[of] p2a: Rotom-Wash
|-unboost|p2a: Rotom-Wash|atk|1
|switch|p2a: Sylveon|Sylveon, F|297\/394
|-damage|p2a: Sylveon|248\/394|[from] Stealth Rock
|
|-heal|p1a: Shukaku|206\/381|[from] item: Leftovers
|-heal|p2a: Sylveon|272\/394|[from] item: Leftovers
|turn|66
|c|★Steez Ibanez|lol
|
|move|p1a: Shukaku|Earthquake|p2a: Sylveon
|-damage|p2a: Sylveon|0 fnt
|faint|p2a: Sylveon
|
|-heal|p1a: Shukaku|229\/381|[from] item: Leftovers
|
|switch|p2a: Porygon2|Porygon2|196\/374
|-damage|p2a: Porygon2|150\/374|[from] Stealth Rock
|-ability|p2a: Porygon2|Intimidate|[from] ability: Trace|[of] p1a: Shukaku
|-ability|p2a: Porygon2|Intimidate|[of] p1a: Shukaku
|-unboost|p1a: Shukaku|atk|1
|turn|67
|
|move|p1a: Shukaku|U-turn|p2a: Porygon2
|-damage|p2a: Porygon2|113\/374
|
|switch|p1a: Pixelmon|Sylveon, M|280\/393
|-damage|p1a: Pixelmon|215\/393|[from] Spikes
|move|p2a: Porygon2|Ice Beam|p1a: Pixelmon
|-damage|p1a: Pixelmon|157\/393
|
|-heal|p1a: Pixelmon|181\/393|[from] item: Leftovers
|turn|68
|
|move|p2a: Porygon2|Recover|p2a: Porygon2
|-heal|p2a: Porygon2|300\/374
|move|p1a: Pixelmon|Wish|p1a: Pixelmon
|
|-heal|p1a: Pixelmon|205\/393|[from] item: Leftovers
|turn|69
|
|move|p1a: Pixelmon|Protect|p1a: Pixelmon
|-singleturn|p1a: Pixelmon|Protect
|move|p2a: Porygon2|Toxic|p1a: Pixelmon
|-activate|p1a: Pixelmon|Protect
|
|-heal|p1a: Pixelmon|393\/393|[from] move: Wish|[wisher] Pixelmon
|turn|70
|
|move|p2a: Porygon2|Toxic|p1a: Pixelmon
|-status|p1a: Pixelmon|tox
|move|p1a: Pixelmon|Hyper Voice|p2a: Porygon2
|-damage|p2a: Porygon2|219\/374
|
|-damage|p1a: Pixelmon|369\/393 tox|[from] psn
|turn|71
|
|move|p1a: Pixelmon|Heal Bell|p1a: Pixelmon
|-cureteam|p1a: Pixelmon|[from] move: HealBell
|move|p2a: Porygon2|Recover|p2a: Porygon2
|-heal|p2a: Porygon2|374\/374
|
|-heal|p1a: Pixelmon|393\/393|[from] item: Leftovers
|turn|72
|
|switch|p1a: Pikkon|Sceptile-Mega, M|130\/281
|-damage|p1a: Pikkon|84\/281|[from] Spikes
|move|p2a: Porygon2|Toxic|p1a: Pikkon
|-status|p1a: Pikkon|tox
|
|-damage|p1a: Pikkon|67\/281 tox|[from] psn
|turn|73
|
|move|p1a: Pikkon|Dragon Pulse|p2a: Porygon2
|-damage|p2a: Porygon2|283\/374
|move|p2a: Porygon2|Recover|p2a: Porygon2
|-heal|p2a: Porygon2|374\/374
|
|-damage|p1a: Pikkon|33\/281 tox|[from] psn
|turn|74
|
|move|p1a: Pikkon|Leaf Storm|p2a: Porygon2
|-damage|p2a: Porygon2|250\/374
|-unboost|p1a: Pikkon|spa|2
|move|p2a: Porygon2|Recover|p2a: Porygon2
|-heal|p2a: Porygon2|374\/374
|
|-damage|p1a: Pikkon|0 fnt|[from] psn
|faint|p1a: Pikkon
|
|switch|p1a: Shukaku|Landorus-Therian, M|229\/381
|-ability|p1a: Shukaku|Intimidate|[of] p2a: Porygon2
|-unboost|p2a: Porygon2|atk|1
|turn|75
|
|move|p1a: Shukaku|U-turn|p2a: Porygon2
|-damage|p2a: Porygon2|316\/374
|
|switch|p1a: Pixelmon|Sylveon, M|393\/393
|-damage|p1a: Pixelmon|328\/393|[from] Spikes
|move|p2a: Porygon2|Ice Beam|p1a: Pixelmon
|-damage|p1a: Pixelmon|272\/393
|
|-heal|p1a: Pixelmon|296\/393|[from] item: Leftovers
|turn|76
|c|★Sidebae|the stall is real
|
|move|p1a: Pixelmon|Protect|p1a: Pixelmon
|-singleturn|p1a: Pixelmon|Protect
|move|p2a: Porygon2|Toxic|p1a: Pixelmon
|-activate|p1a: Pixelmon|Protect
|
|-heal|p1a: Pixelmon|320\/393|[from] item: Leftovers
|turn|77
|c|★Steez Ibanez|lol
|c|★Steez Ibanez|sylveon is always my last resort
|c|★Sidebae|such a good mon lately
|
|move|p2a: Porygon2|Toxic|p1a: Pixelmon|[miss]
|-miss|p2a: Porygon2|p1a: Pixelmon
|move|p1a: Pixelmon|Hyper Voice|p2a: Porygon2
|-damage|p2a: Porygon2|235\/374
|
|-heal|p1a: Pixelmon|344\/393|[from] item: Leftovers
|turn|78
|c|★Steez Ibanez|yea
|
|move|p1a: Pixelmon|Hyper Voice|p2a: Porygon2
|-damage|p2a: Porygon2|159\/374
|move|p2a: Porygon2|Toxic|p1a: Pixelmon
|-status|p1a: Pixelmon|tox
|
|-heal|p1a: Pixelmon|368\/393 tox|[from] item: Leftovers
|-damage|p1a: Pixelmon|344\/393 tox|[from] psn
|turn|79
|c|★Sidebae|i might have to pp stall u
|
|move|p2a: Porygon2|Recover|p2a: Porygon2
|-heal|p2a: Porygon2|346\/374
|move|p1a: Pixelmon|Heal Bell|p1a: Pixelmon
|-cureteam|p1a: Pixelmon|[from] move: HealBell
|
|-heal|p1a: Pixelmon|368\/393|[from] item: Leftovers
|turn|80
|
|move|p1a: Pixelmon|Wish|p1a: Pixelmon
|move|p2a: Porygon2|Toxic|p1a: Pixelmon
|-status|p1a: Pixelmon|tox
|
|-heal|p1a: Pixelmon|392\/393 tox|[from] item: Leftovers
|-damage|p1a: Pixelmon|368\/393 tox|[from] psn
|turn|81
|
|move|p1a: Pixelmon|Heal Bell|p1a: Pixelmon
|-cureteam|p1a: Pixelmon|[from] move: HealBell
|move|p2a: Porygon2|Ice Beam|p1a: Pixelmon
|-damage|p1a: Pixelmon|311\/393
|
|-heal|p1a: Pixelmon|393\/393|[from] move: Wish|[wisher] Pixelmon
|turn|82
|
|move|p2a: Porygon2|Toxic|p1a: Pixelmon
|-status|p1a: Pixelmon|tox
|move|p1a: Pixelmon|Wish|p1a: Pixelmon
|
|-damage|p1a: Pixelmon|369\/393 tox|[from] psn
|turn|83
|
|switch|p1a: Shukaku|Landorus-Therian, M|229\/381
|-ability|p1a: Shukaku|Intimidate|[of] p2a: Porygon2
|-unboost|p2a: Porygon2|atk|1
|switch|p2a: Rotom-Wash|Rotom-Wash|167\/304
|-damage|p2a: Rotom-Wash|129\/304|[from] Stealth Rock
|
|-heal|p1a: Shukaku|381\/381|[from] move: Wish|[wisher] Pixelmon
|turn|84
|c|★Steez Ibanez|yes
|
|switch|p1a: Pixelmon|Sylveon, M|369\/393 tox
|-damage|p1a: Pixelmon|304\/393 tox|[from] Spikes
|move|p2a: Rotom-Wash|Hydro Pump|p1a: Pixelmon
|-damage|p1a: Pixelmon|103\/393 tox
|
|-heal|p1a: Pixelmon|127\/393 tox|[from] item: Leftovers
|-damage|p1a: Pixelmon|103\/393 tox|[from] psn
|turn|85
|c|★Steez Ibanez|noo
|
|move|p2a: Rotom-Wash|Hydro Pump|p1a: Pixelmon
|-damage|p1a: Pixelmon|0 fnt
|faint|p1a: Pixelmon
|
|
|switch|p1a: Shukaku|Landorus-Therian, M|381\/381
|-ability|p1a: Shukaku|Intimidate|[of] p2a: Rotom-Wash
|-unboost|p2a: Rotom-Wash|atk|1
|turn|86
|c|★Sidebae|gg
|c|★Sidebae|finally
|
|switch|p2a: Porygon2|Porygon2|346\/374
|-damage|p2a: Porygon2|300\/374|[from] Stealth Rock
|-ability|p2a: Porygon2|Intimidate|[from] ability: Trace|[of] p1a: Shukaku
|-ability|p2a: Porygon2|Intimidate|[of] p1a: Shukaku
|-unboost|p1a: Shukaku|atk|1
|move|p1a: Shukaku|Stone Edge|p2a: Porygon2|[miss]
|-miss|p1a: Shukaku|p2a: Porygon2
|
|turn|87
|
|move|p1a: Shukaku|Earthquake|p2a: Porygon2
|-damage|p2a: Porygon2|210\/374
|move|p2a: Porygon2|Ice Beam|p1a: Shukaku
|-supereffective|p1a: Shukaku
|-damage|p1a: Shukaku|33\/381
|
|-heal|p1a: Shukaku|56\/381|[from] item: Leftovers
|turn|88
|
|move|p1a: Shukaku|Earthquake|p2a: Porygon2
|-damage|p2a: Porygon2|122\/374
|move|p2a: Porygon2|Ice Beam|p1a: Shukaku
|-supereffective|p1a: Shukaku
|-damage|p1a: Shukaku|0 fnt
|faint|p1a: Shukaku
|
|win|Sidebae
|raw|Ladder updating...
|raw|Steez Ibanez's rating: 1355 &rarr; <strong>1338<\/strong><br \/>(-17 for losing)
|raw|Sidebae's rating: 1406 &rarr; <strong>1423<\/strong><br \/>(+17 for winning)
|c|★Steez Ibanez|gg
|leave|Steez Ibanez
|player|p1