|join|Steez Ibanez
|join|rnd900
|player|p1|Steez Ibanez|290
|player|p2|rnd900|170
|gametype|singles
|gen|6
|tier|OU
|rated
|clearpoke
|poke|p1|Talonflame, M
|poke|p1|Latios, M
|poke|p1|Landorus-Therian, M
|poke|p1|Rotom-Wash
|poke|p1|Conkeldurr, M
|poke|p1|Sylveon, M
|poke|p2|Lopunny, M
|poke|p2|Gliscor, F
|poke|p2|Heatran, M
|poke|p2|Latias, F
|poke|p2|Dragonite, F
|poke|p2|Azumarill, M
|rule|Swagger Clause: Swagger is banned
|rule|Baton Pass Clause: Limit one Pokémon knowing Baton Pass
|rule|Sleep Clause Mod: Limit one foe put to sleep
|rule|Species Clause: Limit one of each Pokémon
|rule|OHKO Clause: OHKO moves are banned
|rule|Moody Clause: Moody is banned
|rule|Evasion Moves Clause: Evasion moves are banned
|rule|Endless Battle Clause: Forcing endless battles is banned
|rule|HP Percentage Mod: HP is shown in percentages
|teampreview
|
|start
|switch|p1a: Ryback|Conkeldurr, M|351\/351
|switch|p2a: Heatran|Heatran, M|324\/324
|-item|p2a: Heatran|Air Balloon
|turn|1
|
|switch|p2a: Azumarill|Azumarill, M|401\/401
|move|p1a: Ryback|Drain Punch|p2a: Azumarill
|-resisted|p2a: Azumarill
|-damage|p2a: Azumarill|304\/401
|
|turn|2
|
|switch|p1a: Lavadora|Rotom-Wash|303\/303
|move|p2a: Azumarill|Knock Off|p1a: Lavadora
|-damage|p1a: Lavadora|209\/303
|-enditem|p1a: Lavadora|Leftovers|[from] move: Knock Off|[of] p2a: Azumarill
|
|turn|3
|
|move|p1a: Lavadora|Volt Switch|p2a: Azumarill
|-supereffective|p2a: Azumarill
|-damage|p2a: Azumarill|170\/401
|
|switch|p1a: Shukaku|Landorus-Therian, M|381\/381
|-ability|p1a: Shukaku|Intimidate|[of] p2a: Azumarill
|-unboost|p2a: Azumarill|atk|1
|move|p2a: Azumarill|Waterfall|p1a: Shukaku
|-supereffective|p1a: Shukaku
|-damage|p1a: Shukaku|187\/381
|
|-heal|p1a: Shukaku|210\/381|[from] item: Leftovers
|turn|4
|
|switch|p2a: Heatran|Heatran, M|324\/324
|-item|p2a: Heatran|Air Balloon
|move|p1a: Shukaku|Earthquake|p2a: Heatran
|-immune|p2a: Heatran|[msg]
|
|-heal|p1a: Shukaku|233\/381|[from] item: Leftovers
|turn|5
|
|move|p2a: Heatran|Taunt|p1a: Shukaku
|-start|p1a: Shukaku|move: Taunt
|move|p1a: Shukaku|Stone Edge|p2a: Heatran|[miss]
|-miss|p1a: Shukaku|p2a: Heatran
|
|-heal|p1a: Shukaku|256\/381|[from] item: Leftovers
|turn|6
|
|move|p2a: Heatran|Stealth Rock|p1a: Shukaku
|-sidestart|p1: Steez Ibanez|move: Stealth Rock
|move|p1a: Shukaku|U-turn|p2a: Heatran
|-resisted|p2a: Heatran
|-damage|p2a: Heatran|303\/324
|-enditem|p2a: Heatran|Air Balloon
|
|switch|p1a: Ryback|Conkeldurr, M|351\/351
|-damage|p1a: Ryback|330\/351|[from] Stealth Rock
|
|turn|7
|
|switch|p2a: Azumarill|Azumarill, M|170\/401
|move|p1a: Ryback|Knock Off|p2a: Azumarill
|-resisted|p2a: Azumarill
|-damage|p2a: Azumarill|87\/401
|-enditem|p2a: Azumarill|Assault Vest|[from] move: Knock Off|[of] p1a: Ryback
|
|turn|8
|
|switch|p1a: Lavadora|Rotom-Wash|209\/303
|-damage|p1a: Lavadora|172\/303|[from] Stealth Rock
|move|p2a: Azumarill|Play Rough|p1a: Lavadora
|-damage|p1a: Lavadora|42\/303
|-unboost|p1a: Lavadora|atk|1
|
|turn|9
|
|move|p2a: Azumarill|Aqua Jet|p1a: Lavadora
|-resisted|p1a: Lavadora
|-damage|p1a: Lavadora|12\/303
|move|p1a: Lavadora|Volt Switch|p2a: Azumarill
|-supereffective|p2a: Azumarill
|-damage|p2a: Azumarill|0 fnt
|faint|p2a: Azumarill
|
|switch|p1a: Badass|Latios, M|299\/299
|-damage|p1a: Badass|262\/299|[from] Stealth Rock
|
|
|switch|p2a: Latias|Latias, F|302\/302
|turn|10
|
|switch|p1a: Pixelmon|Sylveon, M|393\/393
|-damage|p1a: Pixelmon|344\/393|[from] Stealth Rock
|move|p2a: Latias|Draco Meteor|p1a: Pixelmon
|-immune|p1a: Pixelmon|[msg]
|
|-heal|p1a: Pixelmon|368\/393|[from] item: Leftovers
|turn|11
|
|switch|p2a: Gliscor|Gliscor, F|352\/352
|switch|p1a: Badass|Latios, M|262\/299
|-damage|p1a: Badass|225\/299|[from] Stealth Rock
|
|-status|p2a: Gliscor|tox|[from] item: Toxic Orb
|turn|12
|
|move|p1a: Badass|Defog|p2a: Gliscor
|-unboost|p2a: Gliscor|evasion|1
|-sideend|p1: Steez Ibanez|Stealth Rock|[from] move: Defog|[of] p1a: Badass
|move|p2a: Gliscor|Swords Dance|p2a: Gliscor
|-boost|p2a: Gliscor|atk|2
|
|turn|13
|
|switch|p1a: Shukaku|Landorus-Therian, M|256\/381
|-ability|p1a: Shukaku|Intimidate|[of] p2a: Gliscor
|-unboost|p2a: Gliscor|atk|1
|move|p2a: Gliscor|Roost|p2a: Gliscor
|-fail|p2a: Gliscor
|
|-heal|p1a: Shukaku|279\/381|[from] item: Leftovers
|turn|14
|
|move|p2a: Gliscor|Swords Dance|p2a: Gliscor
|-boost|p2a: Gliscor|atk|2
|move|p1a: Shukaku|Stealth Rock|p2a: Gliscor
|-sidestart|p2: rnd900|move: Stealth Rock
|
|-heal|p1a: Shukaku|302\/381|[from] item: Leftovers
|turn|15
|
|switch|p1a: Lavadora|Rotom-Wash|12\/303
|move|p2a: Gliscor|Swords Dance|p2a: Gliscor
|-boost|p2a: Gliscor|atk|2
|
|turn|16
|
|switch|p1a: Shukaku|Landorus-Therian, M|302\/381
|-ability|p1a: Shukaku|Intimidate|[of] p2a: Gliscor
|-unboost|p2a: Gliscor|atk|1
|move|p2a: Gliscor|Swords Dance|p2a: Gliscor
|-boost|p2a: Gliscor|atk|2
|
|-heal|p1a: Shukaku|325\/381|[from] item: Leftovers
|turn|17
|
|switch|p1a: Ryback|Conkeldurr, M|330\/351
|move|p2a: Gliscor|Baton Pass|p2a: Gliscor
|
|switch|p2a: Dragonite|Dragonite, F|323\/323
|-damage|p2a: Dragonite|243\/323|[from] Stealth Rock
|
|turn|18
|
|switch|p1a: Lavadora|Rotom-Wash|12\/303
|move|p2a: Dragonite|Extreme Speed|p1a: Lavadora
|-damage|p1a: Lavadora|0 fnt
|faint|p1a: Lavadora
|
|
|switch|p1a: Shukaku|Landorus-Therian, M|325\/381
|-ability|p1a: Shukaku|Intimidate|[of] p2a: Dragonite
|-unboost|p2a: Dragonite|atk|1
|turn|19
|
|switch|p1a: Pixelmon|Sylveon, M|368\/393
|move|p2a: Dragonite|Extreme Speed|p1a: Pixelmon
|-damage|p1a: Pixelmon|0 fnt
|faint|p1a: Pixelmon
|
|
|switch|p1a: Shukaku|Landorus-Therian, M|325\/381
|-ability|p1a: Shukaku|Intimidate|[of] p2a: Dragonite
|-unboost|p2a: Dragonite|atk|1
|turn|20
|
|move|p2a: Dragonite|Extreme Speed|p1a: Shukaku
|-damage|p1a: Shukaku|0 fnt
|faint|p1a: Shukaku
|
|
|switch|p1a: Ryback|Conkeldurr, M|330\/351
|turn|21
|
|move|p2a: Dragonite|Extreme Speed|p1a: Ryback
|-damage|p1a: Ryback|0 fnt
|faint|p1a: Ryback
|
|-message|Steez Ibanez forfeited.
|leave|Steez Ibanez
|
|win|rnd900
|raw|Ladder updating...
|raw|Steez Ibanez's rating: 1530 &rarr; <strong>1512<\/strong><br \/>(-18 for losing)
|raw|rnd900's rating: 1567 &rarr; <strong>1585<\/strong><br \/>(+18 for winning)
|player|p1