|join|lustypenguin
|join|zoid's warhorse
|player|p1|lustypenguin|70
|player|p2|zoid's warhorse|188
|gametype|singles
|gen|6
|tier|UU
|rated
|rule|Sleep Clause Mod: Limit one foe put to sleep
|rule|Species Clause: Limit one of each Pokémon
|rule|OHKO Clause: OHKO moves are banned
|rule|Moody Clause: Moody is banned
|rule|Evasion Moves Clause: Evasion moves are banned
|rule|Endless Battle Clause: Forcing endless battles is banned
|rule|HP Percentage Mod: HP is shown in percentages
|clearpoke
|poke|p1|Arcanine, F
|poke|p1|Cresselia, F
|poke|p1|Aerodactyl, F
|poke|p1|Empoleon, F
|poke|p1|Shaymin
|poke|p1|Alakazam, M
|poke|p2|Aerodactyl, F
|poke|p2|Azelf
|poke|p2|Dragalge, F
|poke|p2|Lucario, F
|poke|p2|Magneton
|poke|p2|Serperior, F
|rule|Swagger Clause: Swagger is banned
|rule|Baton Pass Clause: Limit one Pokémon knowing Baton Pass
|teampreview
|
|start
|switch|p1a: Alakazam|Alakazam, M|252\/252
|switch|p2a: Azelf|Azelf|291\/291
|turn|1
|
|move|p1a: Alakazam|Shadow Ball|p2a: Azelf
|-supereffective|p2a: Azelf
|-damage|p2a: Azelf|13\/291
|move|p2a: Azelf|Stealth Rock|p1a: Alakazam
|-sidestart|p1: lustypenguin|move: Stealth Rock
|
|turn|2
|
|move|p1a: Alakazam|Psyshock|p2a: Azelf
|-resisted|p2a: Azelf
|-damage|p2a: Azelf|0 fnt
|faint|p2a: Azelf
|
|
|switch|p2a: Aerodactyl|Aerodactyl, F|302\/302
|-ability|p2a: Aerodactyl|Unnerve|p1: lustypenguin
|turn|3
|
|detailschange|p2a: Aerodactyl|Aerodactyl-Mega, F
|-mega|p2a: Aerodactyl|Aerodactyl|Aerodactylite
|move|p2a: Aerodactyl|Pursuit|p1a: Alakazam
|-supereffective|p1a: Alakazam
|-enditem|p1a: Alakazam|Focus Sash
|-damage|p1a: Alakazam|1\/252
|move|p1a: Alakazam|Psyshock|p2a: Aerodactyl
|-damage|p2a: Aerodactyl|143\/302
|
|turn|4
|
|move|p2a: Aerodactyl|Pursuit|p1a: Alakazam
|-supereffective|p1a: Alakazam
|-damage|p1a: Alakazam|0 fnt
|faint|p1a: Alakazam
|
|
|switch|p1a: Empoleon|Empoleon, F|372\/372
|-damage|p1a: Empoleon|349\/372|[from] Stealth Rock
|turn|5
|
|switch|p2a: Magneton|Magneton|303\/303
|move|p1a: Empoleon|Scald|p2a: Magneton
|-damage|p2a: Magneton|215\/303
|-status|p2a: Magneton|brn
|
|-heal|p1a: Empoleon|372\/372|[from] item: Leftovers
|-damage|p2a: Magneton|178\/303 brn|[from] brn
|turn|6
|
|move|p2a: Magneton|Thunderbolt|p1a: Empoleon
|-supereffective|p1a: Empoleon
|-damage|p1a: Empoleon|136\/372
|move|p1a: Empoleon|Defog|p2a: Magneton
|-unboost|p2a: Magneton|evasion|1
|-sideend|p1: lustypenguin|Stealth Rock|[from] move: Defog|[of] p1a: Empoleon
|
|-heal|p1a: Empoleon|159\/372|[from] item: Leftovers
|-damage|p2a: Magneton|141\/303 brn|[from] brn
|turn|7
|
|move|p2a: Magneton|Volt Switch|p1a: Empoleon
|-supereffective|p1a: Empoleon
|-damage|p1a: Empoleon|0 fnt
|faint|p1a: Empoleon
|
|switch|p2a: Aerodactyl|Aerodactyl-Mega, F|143\/302
|
|
|switch|p1a: Cresselia|Cresselia, F|444\/444
|turn|8
|
|switch|p2a: Magneton|Magneton|141\/303 brn
|move|p1a: Cresselia|Ice Beam|p2a: Magneton
|-resisted|p2a: Magneton
|-damage|p2a: Magneton|118\/303 brn
|
|-damage|p2a: Magneton|81\/303 brn|[from] brn
|turn|9
|
|move|p1a: Cresselia|Psychic|p2a: Magneton
|-resisted|p2a: Magneton
|-damage|p2a: Magneton|42\/303 brn
|move|p2a: Magneton|Volt Switch|p1a: Cresselia
|-crit|p1a: Cresselia
|-damage|p1a: Cresselia|303\/444
|
|switch|p2a: Dragalge|Dragalge, F|309\/309
|
|-heal|p1a: Cresselia|330\/444|[from] item: Leftovers
|turn|10
|
|move|p1a: Cresselia|Psychic|p2a: Dragalge
|-supereffective|p2a: Dragalge
|-damage|p2a: Dragalge|177\/309
|move|p2a: Dragalge|Sludge Wave|p1a: Cresselia
|-damage|p1a: Cresselia|102\/444
|
|-heal|p1a: Cresselia|129\/444|[from] item: Leftovers
|turn|11
|
|move|p1a: Cresselia|Psychic|p2a: Dragalge
|-supereffective|p2a: Dragalge
|-damage|p2a: Dragalge|39\/309
|move|p2a: Dragalge|Sludge Wave|p1a: Cresselia
|-damage|p1a: Cresselia|0 fnt
|faint|p1a: Cresselia
|
|
|switch|p1a: Aerodactyl|Aerodactyl, F|302\/302
|turn|12
|
|detailschange|p1a: Aerodactyl|Aerodactyl-Mega, F
|-mega|p1a: Aerodactyl|Aerodactyl|Aerodactylite
|move|p1a: Aerodactyl|Crunch|p2a: Dragalge
|-damage|p2a: Dragalge|0 fnt
|faint|p2a: Dragalge
|
|
|switch|p2a: Aerodactyl|Aerodactyl-Mega, F|143\/302
|turn|13
|
|move|p1a: Aerodactyl|Stone Edge|p2a: Aerodactyl
|-supereffective|p2a: Aerodactyl
|-damage|p2a: Aerodactyl|0 fnt
|faint|p2a: Aerodactyl
|
|
|switch|p2a: Lucario|Lucario, F|289\/289
|turn|14
|
|move|p1a: Aerodactyl|Earthquake|p2a: Lucario
|-supereffective|p2a: Lucario
|-damage|p2a: Lucario|0 fnt
|faint|p2a: Lucario
|
|
|switch|p2a: Serperior|Serperior, F|296\/296
|turn|15
|
|move|p1a: Aerodactyl|Hone Claws|p1a: Aerodactyl
|-boost|p1a: Aerodactyl|atk|1
|-boost|p1a: Aerodactyl|accuracy|1
|move|p2a: Serperior|Glare|p1a: Aerodactyl
|-status|p1a: Aerodactyl|par
|
|turn|16
|
|move|p2a: Serperior|Leaf Storm|p1a: Aerodactyl
|-damage|p1a: Aerodactyl|131\/302 par
|-boost|p2a: Serperior|spa|2
|move|p1a: Aerodactyl|Stone Edge|p2a: Serperior
|-damage|p2a: Serperior|17\/296
|
|turn|17
|
|move|p2a: Serperior|Leaf Storm|p1a: Aerodactyl
|-damage|p1a: Aerodactyl|0 fnt
|-boost|p2a: Serperior|spa|2
|faint|p1a: Aerodactyl
|
|
|switch|p1a: Arcanine|Arcanine, F|384\/384
|-ability|p1a: Arcanine|Intimidate|[of] p2a: Serperior
|-boost|p2a: Serperior|atk|1
|turn|18
|
|move|p1a: Arcanine|Extreme Speed|p2a: Serperior
|-damage|p2a: Serperior|0 fnt
|faint|p2a: Serperior
|
|c|★zoid's warhorse|gg
|
|switch|p2a: Magneton|Magneton|42\/303 brn
|turn|19
|
|move|p1a: Arcanine|Extreme Speed|p2a: Magneton
|-resisted|p2a: Magneton
|-damage|p2a: Magneton|20\/303 brn
|move|p2a: Magneton|Thunderbolt|p1a: Arcanine
|-damage|p1a: Arcanine|180\/384
|-status|p1a: Arcanine|par
|
|-heal|p1a: Arcanine|204\/384 par|[from] item: Leftovers
|-damage|p2a: Magneton|0 fnt|[from] brn
|faint|p2a: Magneton
|
|win|lustypenguin
|raw|Ladder updating...
|raw|lustypenguin's rating: 1394 &rarr; <strong>1413<\/strong><br \/>(+19 for winning)
|raw|zoid&apos;s warhorse's rating: 1382 &rarr; <strong>1362<\/strong><br \/>(-20 for losing)
|c|★lustypenguin|gg