|join|DaJuice
|join|zoid's warhorse
|player|p1|DaJuice|92
|player|p2|zoid's warhorse|188
|gametype|singles
|gen|6
|tier|UU
|rated
|rule|Sleep Clause Mod: Limit one foe put to sleep
|rule|Species Clause: Limit one of each Pokémon
|rule|OHKO Clause: OHKO moves are banned
|rule|Moody Clause: Moody is banned
|rule|Evasion Moves Clause: Evasion moves are banned
|rule|Endless Battle Clause: Forcing endless battles is banned
|rule|HP Percentage Mod: HP is shown in percentages
|clearpoke
|poke|p1|Registeel
|poke|p1|Regirock
|poke|p1|Regice, shiny
|poke|p1|Swellow, F
|poke|p1|Flygon, F
|poke|p1|Serperior, F
|poke|p2|Aerodactyl, M
|poke|p2|Azelf
|poke|p2|Dragalge, F
|poke|p2|Lucario, M
|poke|p2|Magneton
|poke|p2|Serperior, F
|rule|Swagger Clause: Swagger is banned
|rule|Baton Pass Clause: Limit one Pokémon knowing Baton Pass
|teampreview
|
|start
|switch|p1a: Serperior|Serperior, F|354\/354
|switch|p2a: Azelf|Azelf|291\/291
|turn|1
|
|move|p2a: Azelf|Stealth Rock|p1a: Serperior
|-sidestart|p1: DaJuice|move: Stealth Rock
|move|p1a: Serperior|Leaf Storm|p2a: Azelf
|-damage|p2a: Azelf|69\/291
|-boost|p1a: Serperior|spa|2
|
|turn|2
|
|move|p2a: Azelf|Explosion|p1a: Serperior
|-damage|p1a: Serperior|79\/354
|faint|p2a: Azelf
|move|p1a: Serperior|Leaf Storm|p2: Azelf|[notarget]
|-notarget
|
|
|switch|p2a: Aerodactyl|Aerodactyl, M|302\/302
|-ability|p2a: Aerodactyl|Unnerve|p1: DaJuice
|turn|3
|
|detailschange|p2a: Aerodactyl|Aerodactyl-Mega, M
|-mega|p2a: Aerodactyl|Aerodactyl|Aerodactylite
|move|p2a: Aerodactyl|Aerial Ace|p1a: Serperior
|-supereffective|p1a: Serperior
|-damage|p1a: Serperior|0 fnt
|faint|p1a: Serperior
|
|
|switch|p1a: RegiRock-'n-Roll|Regirock|364\/364
|-damage|p1a: RegiRock-'n-Roll|319\/364|[from] Stealth Rock
|turn|4
|
|switch|p2a: Serperior|Serperior, F|295\/295
|move|p1a: RegiRock-'n-Roll|Stone Edge|p2a: Serperior|[miss]
|-miss|p1a: RegiRock-'n-Roll|p2a: Serperior
|
|turn|5
|
|move|p2a: Serperior|Leaf Storm|p1a: RegiRock-'n-Roll
|-supereffective|p1a: RegiRock-'n-Roll
|-damage|p1a: RegiRock-'n-Roll|85\/364
|-boost|p2a: Serperior|spa|2
|move|p1a: RegiRock-'n-Roll|Explosion|p2a: Serperior
|-damage|p2a: Serperior|0 fnt
|faint|p1a: RegiRock-'n-Roll
|faint|p2a: Serperior
|
|
|switch|p2a: Lucario|Lucario, M|287\/287
|switch|p1a: WALL-E|Registeel|364\/364
|-damage|p1a: WALL-E|342\/364|[from] Stealth Rock
|turn|6
|
|move|p2a: Lucario|Swords Dance|p2a: Lucario
|-boost|p2a: Lucario|atk|2
|move|p1a: WALL-E|Thunder Wave|p2a: Lucario
|-status|p2a: Lucario|par
|
|-heal|p1a: WALL-E|364\/364|[from] item: Leftovers
|turn|7
|
|move|p1a: WALL-E|Seismic Toss|p2a: Lucario
|-damage|p2a: Lucario|187\/287 par
|cant|p2a: Lucario|par
|
|turn|8
|
|move|p1a: WALL-E|Seismic Toss|p2a: Lucario
|-damage|p2a: Lucario|87\/287 par
|move|p2a: Lucario|Close Combat|p1a: WALL-E
|-supereffective|p1a: WALL-E
|-damage|p1a: WALL-E|0 fnt
|-unboost|p2a: Lucario|def|1
|-unboost|p2a: Lucario|spd|1
|-damage|p2a: Lucario|59\/287 par|[from] item: Life Orb
|faint|p1a: WALL-E
|
|
|switch|p1a: Rhaegal|Flygon, F|301\/301
|-damage|p1a: Rhaegal|283\/301|[from] Stealth Rock
|turn|9
|
|move|p2a: Lucario|Extreme Speed|p1a: Rhaegal
|-damage|p1a: Rhaegal|15\/301
|-damage|p2a: Lucario|31\/287 par|[from] item: Life Orb
|move|p1a: Rhaegal|Fire Punch|p2a: Lucario
|-supereffective|p2a: Lucario
|-damage|p2a: Lucario|0 fnt
|faint|p2a: Lucario
|
|
|switch|p2a: Aerodactyl|Aerodactyl-Mega, M|302\/302
|turn|10
|
|move|p1a: Rhaegal|Fire Punch|p2a: Aerodactyl
|-resisted|p2a: Aerodactyl
|-damage|p2a: Aerodactyl|258\/302
|move|p2a: Aerodactyl|Pursuit|p1a: Rhaegal
|-damage|p1a: Rhaegal|0 fnt
|faint|p1a: Rhaegal
|
|
|switch|p1a: Vanilla Ice|Regice, shiny|364\/364
|-damage|p1a: Vanilla Ice|273\/364|[from] Stealth Rock
|turn|11
|
|move|p2a: Aerodactyl|Stone Edge|p1a: Vanilla Ice
|-supereffective|p1a: Vanilla Ice
|-damage|p1a: Vanilla Ice|0 fnt
|faint|p1a: Vanilla Ice
|
|
|switch|p1a: Robin Hood|Swellow, F|261\/261
|-damage|p1a: Robin Hood|196\/261|[from] Stealth Rock
|turn|12
|
|move|p1a: Robin Hood|Protect|p1a: Robin Hood
|-singleturn|p1a: Robin Hood|Protect
|move|p2a: Aerodactyl|Aerial Ace|p1a: Robin Hood
|-activate|p1a: Robin Hood|Protect
|
|-status|p1a: Robin Hood|brn|[from] item: Flame Orb
|turn|13
|
|move|p2a: Aerodactyl|Aerial Ace|p1a: Robin Hood
|-damage|p1a: Robin Hood|0 fnt
|faint|p1a: Robin Hood
|
|win|zoid's warhorse
|raw|Ladder updating...
|raw|DaJuice's rating: 1332 &rarr; <strong>1318<\/strong><br \/>(-14 for losing)
|raw|zoid&apos;s warhorse's rating: 1440 &rarr; <strong>1454<\/strong><br \/>(+14 for winning)
|c|★zoid's warhorse|gg
|c|★DaJuice|gg
|leave|DaJuice
|player|p1
|leave|zoid's warhorse
|player|p2
|join|zoid's warhorse