|join|zoid's warhorse
|join|anamchara
|player|p1|zoid's warhorse|188
|player|p2|anamchara|169
|gametype|singles
|gen|6
|tier|UU
|rated
|rule|Sleep Clause Mod: Limit one foe put to sleep
|rule|Species Clause: Limit one of each Pokémon
|rule|OHKO Clause: OHKO moves are banned
|rule|Moody Clause: Moody is banned
|rule|Evasion Moves Clause: Evasion moves are banned
|rule|Endless Battle Clause: Forcing endless battles is banned
|rule|HP Percentage Mod: HP is shown in percentages
|clearpoke
|poke|p1|Aerodactyl, F
|poke|p1|Azelf
|poke|p1|Dragalge, F
|poke|p1|Lucario, M
|poke|p1|Magneton
|poke|p1|Serperior, M
|poke|p2|Azelf
|poke|p2|Arcanine, F
|poke|p2|Florges, F
|poke|p2|Honchkrow, M
|poke|p2|Nidoking, M
|poke|p2|Infernape, M
|rule|Swagger Clause: Swagger is banned
|rule|Baton Pass Clause: Limit one Pokémon knowing Baton Pass
|teampreview
|
|start
|switch|p1a: Azelf|Azelf|291\/291
|switch|p2a: Infernape|Infernape, M|293\/293
|turn|1
|
|move|p1a: Azelf|Stealth Rock|p2a: Infernape
|-sidestart|p2: anamchara|move: Stealth Rock
|move|p2a: Infernape|U-turn|p1a: Azelf
|-supereffective|p1a: Azelf
|-damage|p1a: Azelf|26\/291
|-damage|p2a: Infernape|264\/293|[from] item: Life Orb
|
|switch|p2a: Honchkrow|Honchkrow, M|341\/341
|-damage|p2a: Honchkrow|256\/341|[from] Stealth Rock
|
|turn|2
|
|switch|p1a: Magneton|Magneton|303\/303
|move|p2a: Honchkrow|Sucker Punch|p1a: Magneton
|-fail|p1a: Magneton
|
|turn|3
|
|switch|p2a: Nidoking|Nidoking, M|303\/303
|-damage|p2a: Nidoking|285\/303|[from] Stealth Rock
|switch|p1a: Lucario|Lucario, M|279\/279
|
|turn|4
|
|move|p1a: Lucario|Earthquake|p2a: Nidoking
|-supereffective|p2a: Nidoking
|-damage|p2a: Nidoking|0 fnt
|-damage|p1a: Lucario|252\/279|[from] item: Life Orb
|faint|p2a: Nidoking
|
|
|switch|p2a: Infernape|Infernape, M|264\/293
|-damage|p2a: Infernape|228\/293|[from] Stealth Rock
|turn|5
|
|switch|p1a: Azelf|Azelf|26\/291
|move|p2a: Infernape|Close Combat|p1a: Azelf
|-resisted|p1a: Azelf
|-damage|p1a: Azelf|0 fnt
|-unboost|p2a: Infernape|def|1
|-unboost|p2a: Infernape|spd|1
|-damage|p2a: Infernape|199\/293|[from] item: Life Orb
|faint|p1a: Azelf
|
|
|switch|p1a: Dragalge|Dragalge, F|283\/283
|turn|6
|
|move|p2a: Infernape|U-turn|p1a: Dragalge
|-resisted|p1a: Dragalge
|-damage|p1a: Dragalge|236\/283
|-damage|p2a: Infernape|170\/293|[from] item: Life Orb
|
|switch|p2a: Azelf|Azelf|291\/291
|-damage|p2a: Azelf|255\/291|[from] Stealth Rock
|move|p1a: Dragalge|Sludge Wave|p2a: Azelf
|-damage|p2a: Azelf|0 fnt
|faint|p2a: Azelf
|
|
|switch|p2a: Honchkrow|Honchkrow, M|256\/341
|-damage|p2a: Honchkrow|171\/341|[from] Stealth Rock
|turn|7
|
|switch|p1a: Magneton|Magneton|303\/303
|move|p2a: Honchkrow|Brave Bird|p1a: Magneton
|-resisted|p1a: Magneton
|-damage|p1a: Magneton|254\/303
|-damage|p2a: Honchkrow|155\/341|[from] recoil|[of] p1a: Magneton
|-damage|p2a: Honchkrow|121\/341|[from] item: Life Orb
|
|turn|8
|
|move|p2a: Honchkrow|Heat Wave|p1a: Magneton
|-supereffective|p1a: Magneton
|-damage|p1a: Magneton|85\/303
|-damage|p2a: Honchkrow|87\/341|[from] item: Life Orb
|move|p1a: Magneton|Volt Switch|p2a: Honchkrow
|-supereffective|p2a: Honchkrow
|-damage|p2a: Honchkrow|0 fnt
|faint|p2a: Honchkrow
|
|switch|p1a: Dragalge|Dragalge, F|236\/283
|
|
|switch|p2a: Infernape|Infernape, M|170\/293
|-damage|p2a: Infernape|134\/293|[from] Stealth Rock
|turn|9
|
|move|p2a: Infernape|Close Combat|p1a: Dragalge
|-resisted|p1a: Dragalge
|-damage|p1a: Dragalge|120\/283
|-unboost|p2a: Infernape|def|1
|-unboost|p2a: Infernape|spd|1
|-damage|p2a: Infernape|105\/293|[from] item: Life Orb
|move|p1a: Dragalge|Sludge Wave|p2a: Infernape
|-damage|p2a: Infernape|0 fnt
|faint|p2a: Infernape
|
|
|switch|p2a: Florges|Florges, F|360\/360
|-damage|p2a: Florges|315\/360|[from] Stealth Rock
|turn|10
|
|move|p2a: Florges|Moonblast|p1a: Dragalge
|-damage|p1a: Dragalge|15\/283
|move|p1a: Dragalge|Sludge Wave|p2a: Florges
|-supereffective|p2a: Florges
|-damage|p2a: Florges|0 fnt
|faint|p2a: Florges
|
|-message|anamchara forfeited.
|leave|anamchara
|
|win|zoid's warhorse
|raw|Ladder updating...
|player|p2
|raw|zoid&apos;s warhorse's rating: 1507 &rarr; <strong>1518<\/strong><br \/>(+11 for winning)
|raw|anamchara's rating: 1348 &rarr; <strong>1336<\/strong><br \/>(-12 for losing)