|join|zoid's warhorse
|join|Al Ve
|player|p1|zoid's warhorse|188
|player|p2|Al Ve|4
|gametype|singles
|gen|6
|tier|UU
|rated
|rule|Sleep Clause Mod: Limit one foe put to sleep
|rule|Species Clause: Limit one of each Pokémon
|rule|OHKO Clause: OHKO moves are banned
|rule|Moody Clause: Moody is banned
|rule|Evasion Moves Clause: Evasion moves are banned
|rule|Endless Battle Clause: Forcing endless battles is banned
|rule|HP Percentage Mod: HP is shown in percentages
|clearpoke
|poke|p1|Aerodactyl, M
|poke|p1|Azelf
|poke|p1|Dragalge, M
|poke|p1|Lucario, F
|poke|p1|Magneton
|poke|p1|Serperior, M
|poke|p2|Hippowdon, M
|poke|p2|Umbreon, F
|poke|p2|Mienshao, M
|poke|p2|Absol, M
|poke|p2|Chandelure, M
|poke|p2|Jirachi
|rule|Swagger Clause: Swagger is banned
|rule|Baton Pass Clause: Limit one Pokémon knowing Baton Pass
|teampreview
|
|start
|switch|p1a: Dragalge|Dragalge, M|283\/283
|switch|p2a: Mienshao|Mienshao, M|271\/271
|turn|1
|
|move|p2a: Mienshao|High Jump Kick|p1a: Dragalge
|-resisted|p1a: Dragalge
|-damage|p1a: Dragalge|72\/283
|move|p1a: Dragalge|Draco Meteor|p2a: Mienshao
|-damage|p2a: Mienshao|0 fnt
|-unboost|p1a: Dragalge|spa|2
|faint|p2a: Mienshao
|
|
|switch|p2a: Absol|Absol, M|271\/271
|turn|2
|
|detailschange|p2a: Absol|Absol-Mega, M
|-mega|p2a: Absol|Absol|Absolite
|move|p2a: Absol|Knock Off|p1a: Dragalge
|-damage|p1a: Dragalge|0 fnt
|-enditem|p1a: Dragalge|Choice Specs|[from] move: Knock Off|[of] p2a: Absol
|faint|p1a: Dragalge
|
|
|switch|p1a: Lucario|Lucario, F|279\/279
|turn|3
|
|switch|p2a: Hippowdon|Hippowdon, M|420\/420
|-weather|Sandstorm
|move|p1a: Lucario|Close Combat|p2a: Hippowdon
|-damage|p2a: Hippowdon|267\/420
|-unboost|p1a: Lucario|def|1
|-unboost|p1a: Lucario|spd|1
|-damage|p1a: Lucario|252\/279|[from] item: Life Orb
|
|-weather|Sandstorm|[upkeep]
|-heal|p2a: Hippowdon|293\/420|[from] item: Leftovers
|turn|4
|
|switch|p1a: Aerodactyl|Aerodactyl, M|302\/302
|-ability|p1a: Aerodactyl|Unnerve|p2: Al Ve
|move|p2a: Hippowdon|Slack Off|p2a: Hippowdon
|-heal|p2a: Hippowdon|420\/420
|
|-weather|Sandstorm|[upkeep]
|turn|5
|
|detailschange|p1a: Aerodactyl|Aerodactyl-Mega, M
|-mega|p1a: Aerodactyl|Aerodactyl|Aerodactylite
|move|p1a: Aerodactyl|Aqua Tail|p2a: Hippowdon
|-supereffective|p2a: Hippowdon
|-damage|p2a: Hippowdon|246\/420
|move|p2a: Hippowdon|Stone Edge|p1a: Aerodactyl
|-supereffective|p1a: Aerodactyl
|-damage|p1a: Aerodactyl|112\/302
|
|-weather|Sandstorm|[upkeep]
|-heal|p2a: Hippowdon|272\/420|[from] item: Leftovers
|turn|6
|
|move|p1a: Aerodactyl|Aqua Tail|p2a: Hippowdon
|-supereffective|p2a: Hippowdon
|-damage|p2a: Hippowdon|72\/420
|move|p2a: Hippowdon|Stone Edge|p1a: Aerodactyl
|-crit|p1a: Aerodactyl
|-supereffective|p1a: Aerodactyl
|-damage|p1a: Aerodactyl|0 fnt
|faint|p1a: Aerodactyl
|
|-weather|Sandstorm|[upkeep]
|-heal|p2a: Hippowdon|98\/420|[from] item: Leftovers
|
|switch|p1a: Serperior|Serperior, M|303\/303
|turn|7
|
|move|p1a: Serperior|Leaf Storm|p2a: Hippowdon
|-supereffective|p2a: Hippowdon
|-damage|p2a: Hippowdon|0 fnt
|-boost|p1a: Serperior|spa|2
|faint|p2a: Hippowdon
|
|-weather|none
|
|switch|p2a: Jirachi|Jirachi|341\/341
|turn|8
|
|move|p2a: Jirachi|Iron Head|p1a: Serperior
|-damage|p1a: Serperior|198\/303
|cant|p1a: Serperior|flinch
|
|turn|9
|
|move|p2a: Jirachi|Iron Head|p1a: Serperior
|-damage|p1a: Serperior|80\/303
|cant|p1a: Serperior|flinch
|
|turn|10
|
|move|p2a: Jirachi|Iron Head|p1a: Serperior
|-damage|p1a: Serperior|0 fnt
|faint|p1a: Serperior
|
|
|switch|p1a: Magneton|Magneton|303\/303
|turn|11
|
|move|p2a: Jirachi|Iron Head|p1a: Magneton
|-resisted|p1a: Magneton
|-damage|p1a: Magneton|281\/303
|cant|p1a: Magneton|flinch
|
|turn|12
|
|move|p2a: Jirachi|Iron Head|p1a: Magneton
|-resisted|p1a: Magneton
|-damage|p1a: Magneton|261\/303
|move|p1a: Magneton|Thunderbolt|p2a: Jirachi
|-damage|p2a: Jirachi|178\/341
|
|turn|13
|
|move|p2a: Jirachi|Iron Head|p1a: Magneton
|-resisted|p1a: Magneton
|-damage|p1a: Magneton|241\/303
|cant|p1a: Magneton|flinch
|
|turn|14
|
|move|p2a: Jirachi|Iron Head|p1a: Magneton
|-resisted|p1a: Magneton
|-damage|p1a: Magneton|220\/303
|move|p1a: Magneton|Hidden Power|p2a: Jirachi
|-resisted|p2a: Jirachi
|-damage|p2a: Jirachi|142\/341
|
|turn|15
|
|move|p2a: Jirachi|Iron Head|p1a: Magneton
|-resisted|p1a: Magneton
|-damage|p1a: Magneton|199\/303
|move|p1a: Magneton|Volt Switch|p2a: Jirachi
|-damage|p2a: Jirachi|16\/341
|
|switch|p1a: Lucario|Lucario, F|252\/279
|
|turn|16
|
|switch|p2a: Chandelure|Chandelure, M|261\/261
|move|p1a: Lucario|Swords Dance|p1a: Lucario
|-boost|p1a: Lucario|atk|2
|
|turn|17
|
|move|p1a: Lucario|Earthquake|p2a: Chandelure
|-supereffective|p2a: Chandelure
|-damage|p2a: Chandelure|0 fnt
|-damage|p1a: Lucario|225\/279|[from] item: Life Orb
|faint|p2a: Chandelure
|
|
|switch|p2a: Jirachi|Jirachi|16\/341
|turn|18
|
|move|p1a: Lucario|Bullet Punch|p2a: Jirachi
|-resisted|p2a: Jirachi
|-damage|p2a: Jirachi|0 fnt
|-damage|p1a: Lucario|198\/279|[from] item: Life Orb
|faint|p2a: Jirachi
|
|
|switch|p2a: Absol|Absol-Mega, M|271\/271
|turn|19
|c|★Al Ve|o -0
|
|move|p2a: Absol|Superpower|p1a: Lucario
|-supereffective|p1a: Lucario
|-damage|p1a: Lucario|0 fnt
|-unboost|p2a: Absol|atk|1
|-unboost|p2a: Absol|def|1
|faint|p1a: Lucario
|
|
|switch|p1a: Azelf|Azelf|291\/291
|turn|20
|
|move|p2a: Absol|Sucker Punch|p1a: Azelf
|-supereffective|p1a: Azelf
|-enditem|p1a: Azelf|Focus Sash
|-damage|p1a: Azelf|1\/291
|move|p1a: Azelf|Explosion|p2a: Absol
|-damage|p2a: Absol|0 fnt
|faint|p1a: Azelf
|faint|p2a: Absol
|
|
|switch|p1a: Magneton|Magneton|199\/303
|switch|p2a: Umbreon|Umbreon, F|394\/394
|turn|21
|
|move|p1a: Magneton|Thunderbolt|p2a: Umbreon
|-crit|p2a: Umbreon
|-damage|p2a: Umbreon|246\/394
|move|p2a: Umbreon|Foul Play|p1a: Magneton
|-damage|p1a: Magneton|159\/303
|
|-heal|p2a: Umbreon|270\/394|[from] item: Leftovers
|turn|22
|
|move|p2a: Umbreon|Protect|p2a: Umbreon
|-singleturn|p2a: Umbreon|Protect
|move|p1a: Magneton|Thunderbolt|p2a: Umbreon
|-activate|p2a: Umbreon|Protect
|
|-heal|p2a: Umbreon|294\/394|[from] item: Leftovers
|turn|23
|
|move|p1a: Magneton|Thunderbolt|p2a: Umbreon
|-damage|p2a: Umbreon|189\/394
|move|p2a: Umbreon|Wish|p2a: Umbreon
|
|-heal|p2a: Umbreon|213\/394|[from] item: Leftovers
|turn|24
|
|move|p1a: Magneton|Thunderbolt|p2a: Umbreon
|-damage|p2a: Umbreon|108\/394
|-status|p2a: Umbreon|par
|move|p2a: Umbreon|Foul Play|p1a: Magneton
|-damage|p1a: Magneton|122\/303
|
|-heal|p2a: Umbreon|305\/394 par|[from] move: Wish|[wisher] Umbreon
|-heal|p2a: Umbreon|329\/394 par|[from] item: Leftovers
|turn|25
|
|move|p1a: Magneton|Flash Cannon|p2a: Umbreon
|-damage|p2a: Umbreon|232\/394 par
|move|p2a: Umbreon|Heal Bell|p2a: Umbreon
|-cureteam|p2a: Umbreon|[from] move: HealBell
|
|-heal|p2a: Umbreon|256\/394|[from] item: Leftovers
|turn|26
|
|move|p2a: Umbreon|Protect|p2a: Umbreon
|-singleturn|p2a: Umbreon|Protect
|move|p1a: Magneton|Flash Cannon|p2a: Umbreon
|-activate|p2a: Umbreon|Protect
|
|-heal|p2a: Umbreon|280\/394|[from] item: Leftovers
|turn|27
|
|move|p1a: Magneton|Flash Cannon|p2a: Umbreon
|-crit|p2a: Umbreon
|-damage|p2a: Umbreon|156\/394
|move|p2a: Umbreon|Wish|p2a: Umbreon
|
|-heal|p2a: Umbreon|180\/394|[from] item: Leftovers
|turn|28
|
|move|p2a: Umbreon|Protect|p2a: Umbreon
|-singleturn|p2a: Umbreon|Protect
|move|p1a: Magneton|Flash Cannon|p2a: Umbreon
|-activate|p2a: Umbreon|Protect
|
|-heal|p2a: Umbreon|377\/394|[from] move: Wish|[wisher] Umbreon
|-heal|p2a: Umbreon|394\/394|[from] item: Leftovers
|turn|29
|
|move|p1a: Magneton|Flash Cannon|p2a: Umbreon
|-damage|p2a: Umbreon|304\/394
|move|p2a: Umbreon|Wish|p2a: Umbreon
|
|-heal|p2a: Umbreon|328\/394|[from] item: Leftovers
|turn|30
|
|move|p1a: Magneton|Flash Cannon|p2a: Umbreon
|-damage|p2a: Umbreon|243\/394
|move|p2a: Umbreon|Foul Play|p1a: Magneton
|-damage|p1a: Magneton|85\/303
|
|-heal|p2a: Umbreon|394\/394|[from] move: Wish|[wisher] Umbreon
|turn|31
|
|move|p1a: Magneton|Flash Cannon|p2a: Umbreon
|-damage|p2a: Umbreon|298\/394
|-unboost|p2a: Umbreon|spd|1
|move|p2a: Umbreon|Foul Play|p1a: Magneton
|-damage|p1a: Magneton|43\/303
|
|-heal|p2a: Umbreon|322\/394|[from] item: Leftovers
|turn|32
|
|move|p2a: Umbreon|Protect|p2a: Umbreon
|-singleturn|p2a: Umbreon|Protect
|move|p1a: Magneton|Thunderbolt|p2a: Umbreon
|-activate|p2a: Umbreon|Protect
|
|-heal|p2a: Umbreon|346\/394|[from] item: Leftovers
|turn|33
|
|move|p1a: Magneton|Thunderbolt|p2a: Umbreon
|-damage|p2a: Umbreon|198\/394
|move|p2a: Umbreon|Foul Play|p1a: Magneton
|-damage|p1a: Magneton|1\/303
|
|-heal|p2a: Umbreon|222\/394|[from] item: Leftovers
|turn|34
|
|move|p2a: Umbreon|Protect|p2a: Umbreon
|-singleturn|p2a: Umbreon|Protect
|move|p1a: Magneton|Thunderbolt|p2a: Umbreon
|-activate|p2a: Umbreon|Protect
|
|-heal|p2a: Umbreon|246\/394|[from] item: Leftovers
|turn|35
|
|move|p1a: Magneton|Thunderbolt|p2a: Umbreon
|-crit|p2a: Umbreon
|-damage|p2a: Umbreon|20\/394
|move|p2a: Umbreon|Foul Play|p1a: Magneton
|-damage|p1a: Magneton|0 fnt
|faint|p1a: Magneton
|
|win|Al Ve
|raw|Ladder updating...
|raw|zoid&apos;s warhorse's rating: 1506 &rarr; <strong>1479<\/strong><br \/>(-27 for losing)
|raw|Al Ve's rating: 1371 &rarr; <strong>1398<\/strong><br \/>(+27 for winning)
|c|★zoid's warhorse|gg