|join|zoid's warhorse
|join|chickenmcphaggot
|player|p1|zoid's warhorse|188
|player|p2|chickenmcphaggot|244
|gametype|singles
|gen|6
|tier|UU
|rated
|rule|Sleep Clause Mod: Limit one foe put to sleep
|rule|Species Clause: Limit one of each Pokémon
|rule|OHKO Clause: OHKO moves are banned
|rule|Moody Clause: Moody is banned
|rule|Evasion Moves Clause: Evasion moves are banned
|rule|Endless Battle Clause: Forcing endless battles is banned
|rule|HP Percentage Mod: HP is shown in percentages
|clearpoke
|poke|p1|Aerodactyl, F
|poke|p1|Azelf
|poke|p1|Dragalge, M
|poke|p1|Lucario, M
|poke|p1|Magneton
|poke|p1|Serperior, M
|poke|p2|Crobat, M
|poke|p2|Suicune
|poke|p2|Arcanine, M
|poke|p2|Absol, M
|poke|p2|Nidoking, M, shiny
|poke|p2|Trevenant, M, shiny
|rule|Swagger Clause: Swagger is banned
|rule|Baton Pass Clause: Limit one Pokémon knowing Baton Pass
|teampreview
|
|start
|switch|p1a: Aerodactyl|Aerodactyl, F|302\/302
|switch|p2a: Arcanine|Arcanine, M|384\/384
|-ability|p1a: Aerodactyl|Unnerve|p2: chickenmcphaggot
|-ability|p2a: Arcanine|Intimidate|[of] p1a: Aerodactyl
|-unboost|p1a: Aerodactyl|atk|1
|turn|1
|
|switch|p1a: Dragalge|Dragalge, M|283\/283
|move|p2a: Arcanine|Will-O-Wisp|p1a: Dragalge
|-status|p1a: Dragalge|brn
|
|-damage|p1a: Dragalge|248\/283 brn|[from] brn
|turn|2
|
|switch|p2a: Nidoking|Nidoking, M, shiny|303\/303
|move|p1a: Dragalge|Draco Meteor|p2a: Nidoking|[miss]
|-miss|p1a: Dragalge|p2a: Nidoking
|
|-damage|p1a: Dragalge|213\/283 brn|[from] brn
|turn|3
|
|switch|p1a: Azelf|Azelf|291\/291
|move|p2a: Nidoking|Stealth Rock|p1a: Azelf
|-sidestart|p1: zoid's warhorse|move: Stealth Rock
|
|turn|4
|
|switch|p2a: Arcanine|Arcanine, M|384\/384
|-ability|p2a: Arcanine|Intimidate|[of] p1a: Azelf
|-unboost|p1a: Azelf|atk|1
|move|p1a: Azelf|Stealth Rock|p2a: Arcanine
|-sidestart|p2: chickenmcphaggot|move: Stealth Rock
|
|turn|5
|
|switch|p1a: Dragalge|Dragalge, M|213\/283 brn
|-damage|p1a: Dragalge|178\/283 brn|[from] Stealth Rock
|move|p2a: Arcanine|Flare Blitz|p1a: Dragalge
|-crit|p1a: Dragalge
|-resisted|p1a: Dragalge
|-damage|p1a: Dragalge|61\/283 brn
|-damage|p2a: Arcanine|345\/384|[from] recoil|[of] p1a: Dragalge
|
|-heal|p2a: Arcanine|369\/384|[from] item: Leftovers
|-damage|p1a: Dragalge|26\/283 brn|[from] brn
|turn|6
|
|move|p2a: Arcanine|Flare Blitz|p1a: Dragalge
|-resisted|p1a: Dragalge
|-damage|p1a: Dragalge|0 fnt
|-damage|p2a: Arcanine|360\/384|[from] recoil|[of] p1a: Dragalge
|faint|p1a: Dragalge
|
|-heal|p2a: Arcanine|384\/384|[from] item: Leftovers
|
|switch|p1a: Azelf|Azelf|291\/291
|-damage|p1a: Azelf|255\/291|[from] Stealth Rock
|turn|7
|
|move|p1a: Azelf|Knock Off|p2a: Arcanine
|-damage|p2a: Arcanine|293\/384
|-enditem|p2a: Arcanine|Leftovers|[from] move: Knock Off|[of] p1a: Azelf
|move|p2a: Arcanine|Flare Blitz|p1a: Azelf
|-damage|p1a: Azelf|56\/291
|-damage|p2a: Arcanine|227\/384|[from] recoil|[of] p1a: Azelf
|
|turn|8
|
|move|p2a: Arcanine|Extreme Speed|p1a: Azelf
|-damage|p1a: Azelf|0 fnt
|faint|p1a: Azelf
|
|
|switch|p1a: Aerodactyl|Aerodactyl, F|302\/302
|-damage|p1a: Aerodactyl|227\/302|[from] Stealth Rock
|-ability|p1a: Aerodactyl|Unnerve|p2: chickenmcphaggot
|turn|9
|
|switch|p2a: Nidoking|Nidoking, M, shiny|303\/303
|-damage|p2a: Nidoking|285\/303|[from] Stealth Rock
|detailschange|p1a: Aerodactyl|Aerodactyl-Mega, F
|-mega|p1a: Aerodactyl|Aerodactyl|Aerodactylite
|move|p1a: Aerodactyl|Stone Edge|p2a: Nidoking|[miss]
|-miss|p1a: Aerodactyl|p2a: Nidoking
|
|turn|10
|
|move|p2a: Nidoking|Ice Beam|p1a: Aerodactyl
|-supereffective|p1a: Aerodactyl
|-damage|p1a: Aerodactyl|9\/302
|move|p1a: Aerodactyl|Aqua Tail|p2a: Nidoking
|-supereffective|p2a: Nidoking
|-damage|p2a: Nidoking|0 fnt
|faint|p2a: Nidoking
|
|
|switch|p2a: Absol|Absol, M|271\/271
|-damage|p2a: Absol|238\/271|[from] Stealth Rock
|-ability|p2a: Absol|Pressure
|turn|11
|
|switch|p1a: Lucario|Lucario, M|279\/279
|-damage|p1a: Lucario|271\/279|[from] Stealth Rock
|detailschange|p2a: Absol|Absol-Mega, M
|-mega|p2a: Absol|Absol|Absolite
|move|p2a: Absol|Sucker Punch|p1a: Lucario
|-fail|p1a: Lucario
|
|turn|12
|
|switch|p2a: Arcanine|Arcanine, M|227\/384
|-damage|p2a: Arcanine|131\/384|[from] Stealth Rock
|-ability|p2a: Arcanine|Intimidate|[of] p1a: Lucario
|-unboost|p1a: Lucario|atk|1
|move|p1a: Lucario|Swords Dance|p1a: Lucario
|-boost|p1a: Lucario|atk|2
|
|turn|13
|
|move|p1a: Lucario|Close Combat|p2a: Arcanine
|-damage|p2a: Arcanine|0 fnt
|-unboost|p1a: Lucario|def|1
|-unboost|p1a: Lucario|spd|1
|-damage|p1a: Lucario|244\/279|[from] item: Life Orb
|faint|p2a: Arcanine
|
|
|switch|p2a: Absol|Absol-Mega, M|238\/271
|-damage|p2a: Absol|205\/271|[from] Stealth Rock
|turn|14
|
|move|p2a: Absol|Superpower|p1a: Lucario
|-supereffective|p1a: Lucario
|-damage|p1a: Lucario|0 fnt
|-unboost|p2a: Absol|atk|1
|-unboost|p2a: Absol|def|1
|faint|p1a: Lucario
|
|
|switch|p1a: Serperior|Serperior, M|303\/303
|-damage|p1a: Serperior|266\/303|[from] Stealth Rock
|turn|15
|
|move|p2a: Absol|Knock Off|p1a: Serperior
|-damage|p1a: Serperior|139\/303
|-enditem|p1a: Serperior|Lum Berry|[from] move: Knock Off|[of] p2a: Absol
|move|p1a: Serperior|Leaf Storm|p2a: Absol
|-damage|p2a: Absol|3\/271
|-boost|p1a: Serperior|spa|2
|
|turn|16
|
|move|p2a: Absol|Sucker Punch|p1a: Serperior
|-damage|p1a: Serperior|46\/303
|move|p1a: Serperior|Dragon Pulse|p2a: Absol
|-damage|p2a: Absol|0 fnt
|faint|p2a: Absol
|
|
|switch|p2a: Crobat|Crobat, M|373\/373
|-damage|p2a: Crobat|280\/373|[from] Stealth Rock
|turn|17
|
|switch|p1a: Magneton|Magneton|303\/303
|-damage|p1a: Magneton|285\/303|[from] Stealth Rock
|move|p2a: Crobat|U-turn|p1a: Magneton
|-resisted|p1a: Magneton
|-damage|p1a: Magneton|266\/303
|
|switch|p2a: Trevenant|Trevenant, M, shiny|369\/369
|-damage|p2a: Trevenant|323\/369|[from] Stealth Rock
|
|turn|18
|
|move|p1a: Magneton|Volt Switch|p2a: Trevenant
|-resisted|p2a: Trevenant
|-damage|p2a: Trevenant|265\/369
|
|switch|p1a: Serperior|Serperior, M|46\/303
|-damage|p1a: Serperior|9\/303|[from] Stealth Rock
|move|p2a: Trevenant|Substitute|p2a: Trevenant
|-start|p2a: Trevenant|Substitute
|-damage|p2a: Trevenant|173\/369
|-enditem|p2a: Trevenant|Sitrus Berry|[eat]
|-heal|p2a: Trevenant|265\/369|[from] item: Sitrus Berry
|
|-item|p2a: Trevenant|Sitrus Berry|[from] ability: Harvest
|turn|19
|
|move|p1a: Serperior|Hidden Power|p2a: Trevenant
|-supereffective|p2a: Trevenant
|-activate|p2a: Trevenant|Substitute|[damage]
|move|p2a: Trevenant|Will-O-Wisp|p1a: Serperior
|-status|p1a: Serperior|brn
|
|-damage|p1a: Serperior|0 fnt|[from] brn
|faint|p1a: Serperior
|
|switch|p1a: Magneton|Magneton|266\/303
|-damage|p1a: Magneton|248\/303|[from] Stealth Rock
|turn|20
|
|move|p1a: Magneton|Volt Switch|p2a: Trevenant
|-resisted|p2a: Trevenant
|-end|p2a: Trevenant|Substitute
|
|switch|p1a: Aerodactyl|Aerodactyl-Mega, F|9\/302
|-damage|p1a: Aerodactyl|0 fnt|[from] Stealth Rock
|faint|p1a: Aerodactyl
|move|p2a: Trevenant|Will-O-Wisp|p1: Aerodactyl|[notarget]
|-notarget
|
|
|switch|p1a: Magneton|Magneton|248\/303
|-damage|p1a: Magneton|230\/303|[from] Stealth Rock
|turn|21
|
|move|p1a: Magneton|Flash Cannon|p2a: Trevenant
|-damage|p2a: Trevenant|141\/369
|-enditem|p2a: Trevenant|Sitrus Berry|[eat]
|-heal|p2a: Trevenant|233\/369|[from] item: Sitrus Berry
|move|p2a: Trevenant|Substitute|p2a: Trevenant
|-start|p2a: Trevenant|Substitute
|-damage|p2a: Trevenant|141\/369
|
|turn|22
|
|move|p1a: Magneton|Flash Cannon|p2a: Trevenant
|-crit|p2a: Trevenant
|-end|p2a: Trevenant|Substitute
|move|p2a: Trevenant|Leech Seed|p1a: Magneton|[miss]
|-miss|p2a: Trevenant|p1a: Magneton
|
|-item|p2a: Trevenant|Sitrus Berry|[from] ability: Harvest
|-enditem|p2a: Trevenant|Sitrus Berry|[eat]
|-heal|p2a: Trevenant|233\/369|[from] item: Sitrus Berry
|turn|23
|
|move|p1a: Magneton|Flash Cannon|p2a: Trevenant
|-damage|p2a: Trevenant|107\/369
|move|p2a: Trevenant|Leech Seed|p1a: Magneton
|-start|p1a: Magneton|move: Leech Seed
|
|-damage|p1a: Magneton|193\/303|[from] Leech Seed|[of] p2a: Trevenant
|-heal|p2a: Trevenant|144\/369|[silent]
|turn|24
|
|move|p1a: Magneton|Flash Cannon|p2a: Trevenant
|-damage|p2a: Trevenant|17\/369
|move|p2a: Trevenant|Will-O-Wisp|p1a: Magneton
|-status|p1a: Magneton|brn
|
|-damage|p1a: Magneton|156\/303 brn|[from] Leech Seed|[of] p2a: Trevenant
|-heal|p2a: Trevenant|54\/369|[silent]
|-damage|p1a: Magneton|119\/303 brn|[from] brn
|turn|25
|
|switch|p2a: Suicune|Suicune|341\/341
|-damage|p2a: Suicune|299\/341|[from] Stealth Rock
|-ability|p2a: Suicune|Pressure
|move|p1a: Magneton|Thunderbolt|p2a: Suicune
|-supereffective|p2a: Suicune
|-damage|p2a: Suicune|15\/341
|
|-heal|p2a: Suicune|36\/341|[from] item: Leftovers
|-damage|p1a: Magneton|82\/303 brn|[from] Leech Seed|[of] p2a: Suicune
|-heal|p2a: Suicune|73\/341|[silent]
|-damage|p1a: Magneton|45\/303 brn|[from] brn
|turn|26
|
|move|p2a: Suicune|Scald|p1a: Magneton
|-damage|p1a: Magneton|0 fnt
|faint|p1a: Magneton
|
|win|chickenmcphaggot
|raw|Ladder updating...
|raw|zoid&apos;s warhorse's rating: 1517 &rarr; <strong>1489<\/strong><br \/>(-28 for losing)
|raw|chickenmcphaggot's rating: 1372 &rarr; <strong>1399<\/strong><br \/>(+27 for winning)
|c|★zoid's warhorse|gg