|join|Torterrakion
|join|WebBowser
|player|p1|Torterrakion|163
|player|p2|WebBowser|266
|gametype|singles
|gen|6
|tier|OU
|rated
|clearpoke
|poke|p1|Klefki, M
|poke|p1|Bisharp, F
|poke|p1|Azumarill, M
|poke|p1|Charizard, F
|poke|p1|Mew
|poke|p1|Cloyster, M
|poke|p2|Starmie
|poke|p2|Weavile, M
|poke|p2|Breloom, F
|poke|p2|Manectric, F
|poke|p2|Clefable, F
|poke|p2|Talonflame, M
|rule|Swagger Clause: Swagger is banned
|rule|Baton Pass Clause: Limit one Pokémon knowing Baton Pass
|rule|Sleep Clause Mod: Limit one foe put to sleep
|rule|Species Clause: Limit one of each Pokémon
|rule|OHKO Clause: OHKO moves are banned
|rule|Moody Clause: Moody is banned
|rule|Evasion Moves Clause: Evasion moves are banned
|rule|Endless Battle Clause: Forcing endless battles is banned
|rule|HP Percentage Mod: HP is shown in percentages
|teampreview
|
|start
|switch|p1a: Mew|Mew|404\/404
|switch|p2a: Starmie|Starmie|261\/261
|turn|1
|
|switch|p2a: Weavile|Weavile, M|281\/281
|-ability|p2a: Weavile|Pressure
|move|p1a: Mew|Knock Off|p2a: Weavile
|-resisted|p2a: Weavile
|-damage|p2a: Weavile|229\/281
|-enditem|p2a: Weavile|Life Orb|[from] move: Knock Off|[of] p1a: Mew
|
|turn|2
|
|move|p2a: Weavile|Knock Off|p1a: Mew
|-crit|p1a: Mew
|-supereffective|p1a: Mew
|-damage|p1a: Mew|38\/404
|-enditem|p1a: Mew|Leftovers|[from] move: Knock Off|[of] p2a: Weavile
|move|p1a: Mew|Will-O-Wisp|p2a: Weavile
|-status|p2a: Weavile|brn
|
|-damage|p2a: Weavile|194\/281 brn|[from] brn
|turn|3
|c|★WebBowser|sry
|c|★Torterrakion|=[
|
|move|p2a: Weavile|Knock Off|p1a: Mew
|-supereffective|p1a: Mew
|-damage|p1a: Mew|0 fnt
|faint|p1a: Mew
|
|-damage|p2a: Weavile|159\/281 brn|[from] brn
|
|switch|p1a: Charizard|Charizard, F|298\/298
|turn|4
|
|switch|p2a: Starmie|Starmie|261\/261
|detailschange|p1a: Charizard|Charizard-Mega-X, F
|message|Charizard has Mega Evolved into Mega Charizard!
|move|p1a: Charizard|Flare Blitz|p2a: Starmie
|-resisted|p2a: Starmie
|-damage|p2a: Starmie|106\/261
|-damage|p1a: Charizard|247\/298|[from] recoil|[of] p2a: Starmie
|
|turn|5
|c|★WebBowser|nb, nb
|
|move|p2a: Starmie|Hydro Pump|p1a: Charizard
|-damage|p1a: Charizard|17\/298
|-damage|p2a: Starmie|80\/261|[from] item: Life Orb
|move|p1a: Charizard|Dragon Claw|p2a: Starmie
|-damage|p2a: Starmie|0 fnt
|faint|p2a: Starmie
|
|
|switch|p2a: Breloom|Breloom, F|261\/261
|turn|6
|
|switch|p1a: Klefki|Klefki, M|318\/318
|move|p2a: Breloom|Mach Punch|p1a: Klefki
|-damage|p1a: Klefki|212\/318
|
|turn|7
|
|move|p1a: Klefki|Reflect|p1a: Klefki
|-sidestart|p1: Torterrakion|Reflect
|move|p2a: Breloom|Spore|p1a: Klefki
|-status|p1a: Klefki|slp
|
|turn|8
|
|switch|p2a: Manectric|Manectric, F|281\/281
|switch|p1a: Charizard|Charizard-Mega-X, F|17\/298
|
|turn|9
|c|★WebBowser|yes I am willing to put klef to sleep
|
|detailschange|p2a: Manectric|Manectric-Mega, F
|message|Manectric has Mega Evolved into Mega Manectric!
|-ability|p2a: Manectric|Intimidate|[of] p1a: Charizard
|-unboost|p1a: Charizard|atk|1
|move|p2a: Manectric|Volt Switch|p1a: Charizard
|-resisted|p1a: Charizard
|-damage|p1a: Charizard|0 fnt
|faint|p1a: Charizard
|
|switch|p2a: Breloom|Breloom, F|261\/261
|
|
|switch|p1a: Cloyster|Cloyster, M|278\/278
|turn|10
|
|switch|p2a: Weavile|Weavile, M|159\/281 brn
|-ability|p2a: Weavile|Pressure
|move|p1a: Cloyster|Icicle Spear|p2a: Weavile
|-resisted|p2a: Weavile
|-damage|p2a: Weavile|130\/281 brn
|-crit|p2a: Weavile
|-resisted|p2a: Weavile
|-damage|p2a: Weavile|90\/281 brn
|-resisted|p2a: Weavile
|-damage|p2a: Weavile|63\/281 brn
|-resisted|p2a: Weavile
|-damage|p2a: Weavile|35\/281 brn
|-resisted|p2a: Weavile
|-damage|p2a: Weavile|8\/281 brn
|-hitcount|p2a: Weavile|5
|
|-damage|p2a: Weavile|0 fnt|[from] brn
|faint|p2a: Weavile
|
|switch|p2a: Manectric|Manectric-Mega, F|281\/281
|-ability|p2a: Manectric|Intimidate|[of] p1a: Cloyster
|-unboost|p1a: Cloyster|atk|1
|turn|11
|
|switch|p1a: Klefki|Klefki, M|212\/318 slp
|move|p2a: Manectric|Thunderbolt|p1a: Klefki
|-damage|p1a: Klefki|50\/318 slp
|
|turn|12
|
|cant|p1a: Klefki|slp
|move|p2a: Manectric|Thunderbolt|p1a: Klefki
|-damage|p1a: Klefki|0 fnt
|faint|p1a: Klefki
|
|join|Geertos
|c|★Torterrakion|kan bish een flamethrower hebbe?
|c| Geertos|denk het niet
|
|switch|p1a: Bisharp|Bisharp, F|272\/272
|turn|13
|c|★Torterrakion|tis me enige play
|c| Geertos|oh ja wel
|c| Geertos|als het goed is wel
|
|move|p1a: Bisharp|Sucker Punch|p2a: Manectric
|-damage|p2a: Manectric|56\/281
|move|p2a: Manectric|Flamethrower|p1a: Bisharp
|-supereffective|p1a: Bisharp
|-damage|p1a: Bisharp|0 fnt
|faint|p1a: Bisharp
|
|c|★Torterrakion|dom dat ik met zard in bleef
|c|★Torterrakion|tegen starmie
|
|switch|p1a: Azumarill|Azumarill, M|372\/372
|turn|14
|
|switch|p2a: Breloom|Breloom, F|261\/261
|move|p1a: Azumarill|Aqua Jet|p2a: Breloom
|-resisted|p2a: Breloom
|-damage|p2a: Breloom|213\/261
|
|-sideend|p1: Torterrakion|Reflect
|turn|15
|
|move|p2a: Breloom|Bullet Seed|p1a: Azumarill
|-supereffective|p1a: Azumarill
|-damage|p1a: Azumarill|208\/372
|-supereffective|p1a: Azumarill
|-damage|p1a: Azumarill|22\/372
|-enditem|p1a: Azumarill|Sitrus Berry|[eat]
|-heal|p1a: Azumarill|115\/372|[from] item: Sitrus Berry
|-supereffective|p1a: Azumarill
|-damage|p1a: Azumarill|0 fnt
|-hitcount|p1a: Azumarill|3
|faint|p1a: Azumarill
|
|c|★WebBowser|excellent
|
|switch|p1a: Cloyster|Cloyster, M|278\/278
|turn|16
|
|move|p2a: Breloom|Mach Punch|p1a: Cloyster
|-supereffective|p1a: Cloyster
|-damage|p1a: Cloyster|122\/278
|move|p1a: Cloyster|Shell Smash|p1a: Cloyster
|-boost|p1a: Cloyster|atk|2
|-boost|p1a: Cloyster|spa|2
|-boost|p1a: Cloyster|spe|2
|-unboost|p1a: Cloyster|def|1
|-unboost|p1a: Cloyster|spd|1
|
|turn|17
|c|★Torterrakion|nice choke
|c|★Torterrakion|nvm
|c| Geertos|wou ik net zeggen
|c|★Torterrakion|not gonna ko bird
|
|move|p1a: Cloyster|Ice Shard|p2a: Breloom
|-supereffective|p2a: Breloom
|-damage|p2a: Breloom|0 fnt
|faint|p2a: Breloom
|
|c| Geertos|oh nee
|
|switch|p2a: Talonflame|Talonflame, M|327\/327
|turn|18
|
|move|p1a: Cloyster|Ice Shard|p2a: Talonflame
|-damage|p2a: Talonflame|146\/327
|move|p2a: Talonflame|Brave Bird|p1a: Cloyster
|-crit|p1a: Cloyster
|-damage|p1a: Cloyster|0 fnt
|-damage|p2a: Talonflame|106\/327|[from] recoil|[of] p1a: Cloyster
|faint|p1a: Cloyster
|
|win|WebBowser
|raw|Ladder updating...
|raw|Torterrakion's rating: 1898 &rarr; <strong>1879<\/strong><br \/>(-19 for losing)
|raw|WebBowser's rating: 1916 &rarr; <strong>1935<\/strong><br \/>(+19 for winning)
|c|★Torterrakion|damnit
|c|★Torterrakion|gg
|leave|Torterrakion
|player|p1
|c|★WebBowser|gg