|join|WebBowser
|join|One Hit2001
|player|p1|WebBowser|92
|player|p2|One Hit2001|167
|gametype|singles
|gen|6
|tier|OU
|rated
|clearpoke
|poke|p1|Scolipede, F
|poke|p1|Espeon, M
|poke|p1|Latios, M
|poke|p1|Greninja, M
|poke|p1|Charizard, M
|poke|p1|Sylveon, M
|poke|p2|Latios, M
|poke|p2|Gyarados, M
|poke|p2|Landorus-Therian, M
|poke|p2|Gengar, M
|poke|p2|Ferrothorn, F
|poke|p2|Azumarill, M
|rule|Swagger Clause: Swagger is banned
|rule|Baton Pass Clause: Limit one Pokémon knowing Baton Pass
|rule|Sleep Clause Mod: Limit one foe put to sleep
|rule|Species Clause: Limit one of each Pokémon
|rule|OHKO Clause: OHKO moves are banned
|rule|Moody Clause: Moody is banned
|rule|Evasion Moves Clause: Evasion moves are banned
|rule|Endless Battle Clause: Forcing endless battles is banned
|rule|HP Percentage Mod: HP is shown in percentages
|teampreview
|
|start
|switch|p1a: Latios|Latios, M|364\/364
|switch|p2a: Gengar|Gengar, M|262\/262
|turn|1
|
|move|p2a: Gengar|Shadow Ball|p1a: Latios
|-supereffective|p1a: Latios
|-damage|p1a: Latios|98\/364
|move|p1a: Latios|Light Screen|p1a: Latios
|-sidestart|p1: WebBowser|move: Light Screen
|
|turn|2
|
|move|p2a: Gengar|Shadow Ball|p1a: Latios
|-supereffective|p1a: Latios
|-damage|p1a: Latios|0 fnt
|faint|p1a: Latios
|
|
|switch|p1a: Scolipede|Scolipede, F|323\/323
|turn|3
|
|switch|p2a: Latios|Latios, M|302\/302
|move|p1a: Scolipede|Iron Defense|p1a: Scolipede
|-boost|p1a: Scolipede|def|2
|
|-boost|p1a: Scolipede|spe|1|[from] ability: Speed Boost
|turn|4
|
|switch|p2a: Gengar|Gengar, M|262\/262
|move|p1a: Scolipede|Protect|p1a: Scolipede
|-fail|p1a: Scolipede
|
|-boost|p1a: Scolipede|spe|1|[from] ability: Speed Boost
|turn|5
|
|move|p2a: Gengar|Trick|p1a: Scolipede
|-activate|p2a: Gengar|move: Trick|[of] p1a: Scolipede
|-item|p1a: Scolipede|Choice Scarf|[from] move: Trick
|-item|p2a: Gengar|Mental Herb|[from] move: Trick
|move|p1a: Scolipede|Iron Defense|p1a: Scolipede
|-boost|p1a: Scolipede|def|2
|
|-boost|p1a: Scolipede|spe|1|[from] ability: Speed Boost
|turn|6
|chat|WebBowser|even at +2 you ouspeed? eff
|
|switch|p1a: Sylveon|Sylveon, M|394\/394
|move|p2a: Gengar|Thunderbolt|p1a: Sylveon
|-damage|p1a: Sylveon|349\/394
|
|turn|7
|
|switch|p2a: Ferrothorn|Ferrothorn, F|352\/352
|move|p1a: Sylveon|Hyper Voice|p2a: Ferrothorn
|-resisted|p2a: Ferrothorn
|-damage|p2a: Ferrothorn|225\/352
|
|turn|8
|
|move|p1a: Sylveon|Hyper Voice|p2a: Ferrothorn
|-resisted|p2a: Ferrothorn
|-damage|p2a: Ferrothorn|84\/352
|move|p2a: Ferrothorn|Gyro Ball|p1a: Sylveon
|-supereffective|p1a: Sylveon
|-damage|p1a: Sylveon|61\/394
|
|-sideend|p1: WebBowser|move: Light Screen
|turn|9
|
|move|p1a: Sylveon|Hyper Voice|p2a: Ferrothorn
|-resisted|p2a: Ferrothorn
|-damage|p2a: Ferrothorn|0 fnt
|faint|p2a: Ferrothorn
|
|
|switch|p2a: Gengar|Gengar, M|262\/262
|turn|10
|
|move|p2a: Gengar|Sludge Bomb|p1a: Sylveon
|-supereffective|p1a: Sylveon
|-damage|p1a: Sylveon|0 fnt
|faint|p1a: Sylveon
|
|
|switch|p1a: Greninja|Greninja, M|286\/286
|turn|11
|
|switch|p2a: Azumarill|Azumarill, M|404\/404
|move|p1a: Greninja|Extrasensory|p2a: Azumarill
|-start|p1a: Greninja|typechange|Psychic|[from] Protean
|-damage|p2a: Azumarill|275\/404
|-damage|p1a: Greninja|258\/286|[from] item: Life Orb
|
|turn|12
|
|switch|p1a: Scolipede|Scolipede, F|323\/323
|move|p2a: Azumarill|Knock Off|p1a: Scolipede
|-damage|p1a: Scolipede|214\/323
|-enditem|p1a: Scolipede|Choice Scarf|[from] move: Knock Off|[of] p2a: Azumarill
|
|turn|13
|chat|WebBowser|ty
|
|move|p1a: Scolipede|Iron Defense|p1a: Scolipede
|-boost|p1a: Scolipede|def|2
|move|p2a: Azumarill|Play Rough|p1a: Scolipede
|-resisted|p1a: Scolipede
|-damage|p1a: Scolipede|177\/323
|-unboost|p1a: Scolipede|atk|1
|
|-boost|p1a: Scolipede|spe|1|[from] ability: Speed Boost
|turn|14
|
|switch|p2a: Gyarados|Gyarados, M|332\/332
|-ability|p2a: Gyarados|Intimidate|[of] p1a: Scolipede
|-unboost|p1a: Scolipede|atk|1
|move|p1a: Scolipede|Iron Defense|p1a: Scolipede
|-boost|p1a: Scolipede|def|2
|
|-boost|p1a: Scolipede|spe|1|[from] ability: Speed Boost
|turn|15
|join|SporeSpam
|chat|WebBowser|that was actually really helpful of you
|chat|SporeSpam|oi
|
|move|p1a: Scolipede|Iron Defense|p1a: Scolipede
|-boost|p1a: Scolipede|def|2
|move|p2a: Gyarados|Dragon Dance|p2a: Gyarados
|-boost|p2a: Gyarados|atk|1
|-boost|p2a: Gyarados|spe|1
|
|-boost|p1a: Scolipede|spe|1|[from] ability: Speed Boost
|turn|16
|chat|WebBowser|oi
|
|detailschange|p2a: Gyarados|Gyarados-Mega, M
|message|Gyarados has Mega Evolved into Mega Gyarados!
|-ability|p2a: Gyarados|Mold Breaker
|move|p1a: Scolipede|Baton Pass|p1a: Scolipede
|
|switch|p1a: Espeon|Espeon, M|334\/334
|move|p2a: Gyarados|Dragon Dance|p2a: Gyarados
|-boost|p2a: Gyarados|atk|1
|-boost|p2a: Gyarados|spe|1
|
|turn|17
|
|move|p1a: Espeon|Calm Mind|p1a: Espeon
|-boost|p1a: Espeon|spa|1
|-boost|p1a: Espeon|spd|1
|move|p2a: Gyarados|Waterfall|p1a: Espeon
|-damage|p1a: Espeon|255\/334
|
|-heal|p1a: Espeon|275\/334|[from] item: Leftovers
|turn|18
|
|move|p1a: Espeon|Hidden Power|p2a: Gyarados
|-supereffective|p2a: Gyarados
|-damage|p2a: Gyarados|192\/332
|move|p2a: Gyarados|Waterfall|p1a: Espeon
|-damage|p1a: Espeon|190\/334
|
|-heal|p1a: Espeon|210\/334|[from] item: Leftovers
|turn|19
|chat|SporeSpam|ur ranked 48 o.o
|chat|One Hit2001|only i pokemon can learn bqton
|chat|WebBowser|I was in top 20
|
|move|p1a: Espeon|Calm Mind|p1a: Espeon
|-boost|p1a: Espeon|spa|1
|-boost|p1a: Espeon|spd|1
|move|p2a: Gyarados|Waterfall|p1a: Espeon
|-damage|p1a: Espeon|123\/334
|
|-heal|p1a: Espeon|143\/334|[from] item: Leftovers
|turn|20
|chat|SporeSpam|ooo
|chat|WebBowser|but then I tilted
|
|move|p1a: Espeon|Hidden Power|p2a: Gyarados
|-supereffective|p2a: Gyarados
|-damage|p2a: Gyarados|0 fnt
|faint|p2a: Gyarados
|
|-heal|p1a: Espeon|163\/334|[from] item: Leftovers
|
|switch|p2a: Azumarill|Azumarill, M|275\/404
|turn|21
|
|move|p1a: Espeon|Stored Power|p2a: Azumarill
|-damage|p2a: Azumarill|0 fnt
|faint|p2a: Azumarill
|
|-heal|p1a: Espeon|183\/334|[from] item: Leftovers
|
|switch|p2a: Latios|Latios, M|302\/302
|turn|22
|
|move|p1a: Espeon|Stored Power|p2a: Latios
|-resisted|p2a: Latios
|-damage|p2a: Latios|0 fnt
|faint|p2a: Latios
|
|-heal|p1a: Espeon|203\/334|[from] item: Leftovers
|chat|One Hit2001|your anooying
|
|switch|p2a: Gengar|Gengar, M|262\/262
|turn|23
|chat|SporeSpam|anooying
|
|move|p1a: Espeon|Stored Power|p2a: Gengar
|-supereffective|p2a: Gengar
|-damage|p2a: Gengar|0 fnt
|faint|p2a: Gengar
|
|-heal|p1a: Espeon|223\/334|[from] item: Leftovers
|-message|One Hit2001 forfeited.
|
|win|WebBowser
|raw|Ladder updating...
|chat|SporeSpam|Leave him be
|leave|One Hit2001
|player|p2
|raw|WebBowser's rating: 1846 &rarr; <strong>1857<\/strong><br \/>(+11 for winning)
|raw|One Hit2001's rating: 1668 &rarr; <strong>1657<\/strong><br \/>(-11 for losing)
|chat|WebBowser|he knocked off my scarf
|chat|SporeSpam|ur not annoying 
|chat|SporeSpam|m8
|chat|WebBowser|twas hillarious
|chat|SporeSpam|lel
|chat|WebBowser|he tricked scoli a scarf then knocked it off