|join|azogue
|join|poek69x
|player|p1|azogue|280
|player|p2|poek69x|283
|gametype|singles
|gen|6
|tier|OU
|clearpoke
|poke|p1|Medicham, F
|poke|p1|Bisharp, M
|poke|p1|Azumarill, F
|poke|p1|Landorus, M
|poke|p1|Latias, F
|poke|p1|Raikou
|poke|p2|Vileplume, M
|poke|p2|Poliwrath, M
|poke|p2|Spiritomb, M
|poke|p2|Pawniard, M
|poke|p2|Flygon, M
|poke|p2|Camerupt, F
|rule|Swagger Clause: Swagger is banned
|rule|Baton Pass Clause: Limit one Pokémon knowing Baton Pass
|rule|Sleep Clause Mod: Limit one foe put to sleep
|rule|Species Clause: Limit one of each Pokémon
|rule|OHKO Clause: OHKO moves are banned
|rule|Moody Clause: Moody is banned
|rule|Evasion Moves Clause: Evasion moves are banned
|rule|Endless Battle Clause: Forcing endless battles is banned
|rule|HP Percentage Mod: HP is shown in percentages
|teampreview
|c|★poek69x|ahora k ase
|c|★azogue|ojo, tienes 3 debilidades al hada
|c|★poek69x|estamos haciendo ct
|c|★poek69x|no pasa nada
|c|★azogue|vileplume muere y te la lia mi azu
|c|★poek69x|bueno
|
|start
|switch|p1a: Medicham|Medicham, F|261\/261
|switch|p2a: Flygon|Flygon, M|364\/364
|turn|1
|c|★poek69x|haz que muera
|
|switch|p1a: Azumarill|Azumarill, F|399\/399
|switch|p2a: Spiritomb|Spiritomb, M|304\/304
|
|turn|2
|c|★azogue|xD
|
|switch|p1a: Latias|Latias, F|317\/317
|switch|p2a: Vileplume|Vileplume, M|354\/354
|
|turn|3
|
|switch|p1a: Landorus|Landorus, M|319\/319
|switch|p2a: Pawniard|Pawniard, M|294\/294
|
|turn|4
|
|switch|p2a: Flygon|Flygon, M|364\/364
|move|p1a: Landorus|Stealth Rock|p2a: Flygon
|-sidestart|p2: poek69x|move: Stealth Rock
|
|turn|5
|
|switch|p1a: Azumarill|Azumarill, F|399\/399
|move|p2a: Flygon|Hidden Power|p1a: Azumarill
|-resisted|p1a: Azumarill
|-damage|p1a: Azumarill|376\/399
|
|turn|6
|
|switch|p2a: Vileplume|Vileplume, M|354\/354
|-damage|p2a: Vileplume|310\/354|[from] Stealth Rock
|switch|p1a: Latias|Latias, F|317\/317
|
|-heal|p2a: Vileplume|332\/354|[from] item: Black Sludge
|turn|7
|
|switch|p1a: Landorus|Landorus, M|319\/319
|switch|p2a: Pawniard|Pawniard, M|294\/294
|-damage|p2a: Pawniard|276\/294|[from] Stealth Rock
|
|turn|8
|
|switch|p2a: Flygon|Flygon, M|364\/364
|-damage|p2a: Flygon|342\/364|[from] Stealth Rock
|move|p1a: Landorus|Psychic|p2a: Flygon
|-damage|p2a: Flygon|203\/364
|
|-heal|p2a: Flygon|225\/364|[from] item: Leftovers
|turn|9
|
|switch|p1a: Azumarill|Azumarill, F|376\/399
|move|p2a: Flygon|Defog|p1a: Azumarill
|-unboost|p1a: Azumarill|evasion|1
|-sideend|p2: poek69x|Stealth Rock|[from] move: Defog|[of] p2a: Flygon
|
|-heal|p2a: Flygon|247\/364|[from] item: Leftovers
|turn|10
|
|switch|p2a: Vileplume|Vileplume, M|332\/354
|switch|p1a: Landorus|Landorus, M|319\/319
|
|-heal|p2a: Vileplume|354\/354|[from] item: Black Sludge
|turn|11
|
|switch|p2a: Pawniard|Pawniard, M|276\/294
|move|p1a: Landorus|Earth Power|p2a: Pawniard
|-supereffective|p2a: Pawniard
|-damage|p2a: Pawniard|0 fnt
|faint|p2a: Pawniard
|
|c|★poek69x|los plays
|c|★azogue|get predicted
|
|switch|p2a: Flygon|Flygon, M|247\/364
|turn|12
|c|★azogue|mira, tu consuelo
|c|★azogue|es que cuando este tipo venga y use el team
|c|★azogue|no hara las plays que te hago yo
|c|★azogue|hahaha
|
|move|p1a: Landorus|Stealth Rock|p2a: Flygon
|-sidestart|p2: poek69x|move: Stealth Rock
|move|p2a: Flygon|Roost|p2a: Flygon
|-heal|p2a: Flygon|364\/364
|
|turn|13
|
|switch|p1a: Azumarill|Azumarill, F|376\/399
|move|p2a: Flygon|Defog|p1a: Azumarill
|-unboost|p1a: Azumarill|evasion|1
|-sideend|p2: poek69x|Stealth Rock|[from] move: Defog|[of] p2a: Flygon
|
|turn|14
|
|switch|p2a: Vileplume|Vileplume, M|354\/354
|switch|p1a: Bisharp|Bisharp, M|279\/279
|
|turn|15
|c|★poek69x|ya
|c|★poek69x|es que tu te sabes el team
|c|★poek69x|ves
|
|move|p1a: Bisharp|Pursuit|p2a: Vileplume|[from]Pursuit
|-damage|p2a: Vileplume|242\/354
|switch|p2a: Poliwrath|Poliwrath, M|384\/384
|
|turn|16
|c|★poek69x|buff damage
|c|★azogue|dolor
|
|switch|p1a: Latias|Latias, F|317\/317
|switch|p2a: Camerupt|Camerupt, F|344\/344
|
|turn|17
|
|move|p1a: Latias|Draco Meteor|p2a: Camerupt
|-damage|p2a: Camerupt|140\/344
|-unboost|p1a: Latias|spa|2
|-damage|p1a: Latias|286\/317|[from] item: Life Orb
|move|p2a: Camerupt|Stealth Rock|p1a: Latias
|-sidestart|p1: azogue|move: Stealth Rock
|
|-heal|p2a: Camerupt|161\/344|[from] item: Leftovers
|turn|18
|c|★azogue|holy shit
|
|move|p1a: Latias|Defog|p2a: Camerupt
|-unboost|p2a: Camerupt|evasion|1
|-sideend|p1: azogue|Stealth Rock|[from] move: Defog|[of] p1a: Latias
|move|p2a: Camerupt|Toxic|p1a: Latias|[miss]
|-miss|p2a: Camerupt|p1a: Latias
|
|-heal|p2a: Camerupt|182\/344|[from] item: Leftovers
|turn|19
|
|switch|p1a: Raikou|Raikou|321\/321
|-ability|p1a: Raikou|Pressure
|move|p2a: Camerupt|Stealth Rock|p1a: Raikou
|-sidestart|p1: azogue|move: Stealth Rock
|
|-heal|p2a: Camerupt|203\/344|[from] item: Leftovers
|turn|20
|
|move|p1a: Raikou|Shadow Ball|p2a: Camerupt
|-damage|p2a: Camerupt|122\/344
|-unboost|p2a: Camerupt|spd|1
|move|p2a: Camerupt|Earth Power|p1a: Raikou
|-supereffective|p1a: Raikou
|-damage|p1a: Raikou|169\/321
|
|-heal|p2a: Camerupt|143\/344|[from] item: Leftovers
|turn|21
|
|move|p1a: Raikou|Hidden Power|p2a: Camerupt
|-damage|p2a: Camerupt|64\/344
|move|p2a: Camerupt|Earth Power|p1a: Raikou
|-supereffective|p1a: Raikou
|-damage|p1a: Raikou|23\/321
|-unboost|p1a: Raikou|spd|1
|
|-heal|p2a: Camerupt|85\/344|[from] item: Leftovers
|turn|22
|
|switch|p2a: Flygon|Flygon, M|364\/364
|move|p1a: Raikou|Shadow Ball|p2a: Flygon
|-damage|p2a: Flygon|292\/364
|
|-heal|p2a: Flygon|314\/364|[from] item: Leftovers
|turn|23
|
|switch|p2a: Camerupt|Camerupt, F|85\/344
|move|p1a: Raikou|Hidden Power|p2a: Camerupt
|-damage|p2a: Camerupt|30\/344
|
|-heal|p2a: Camerupt|51\/344|[from] item: Leftovers
|turn|24
|
|move|p1a: Raikou|Shadow Ball|p2a: Camerupt
|-damage|p2a: Camerupt|0 fnt
|faint|p2a: Camerupt
|
|
|switch|p2a: Spiritomb|Spiritomb, M|304\/304
|turn|25
|
|move|p2a: Spiritomb|Shadow Sneak|p1a: Raikou
|-crit|p1a: Raikou
|-damage|p1a: Raikou|0 fnt
|faint|p1a: Raikou
|
|
|switch|p1a: Azumarill|Azumarill, F|376\/399
|-damage|p1a: Azumarill|327\/399|[from] Stealth Rock
|turn|26
|
|switch|p1a: Medicham|Medicham, F|261\/261
|-damage|p1a: Medicham|245\/261|[from] Stealth Rock
|switch|p2a: Vileplume|Vileplume, M|242\/354
|
|-heal|p2a: Vileplume|264\/354|[from] item: Black Sludge
|turn|27
|
|switch|p2a: Spiritomb|Spiritomb, M|304\/304
|detailschange|p1a: Medicham|Medicham-Mega, F
|message|Medicham has Mega Evolved into Mega Medicham!
|move|p1a: Medicham|Substitute|p1a: Medicham
|-start|p1a: Medicham|Substitute
|-damage|p1a: Medicham|180\/261
|
|turn|28
|
|move|p1a: Medicham|Ice Punch|p2a: Spiritomb
|-damage|p2a: Spiritomb|204\/304
|move|p2a: Spiritomb|Will-O-Wisp|p1a: Medicham
|-status|p1a: Medicham|brn
|
|-heal|p2a: Spiritomb|223\/304|[from] item: Leftovers
|-damage|p1a: Medicham|148\/261 brn|[from] brn
|turn|29
|c|★azogue|o
|
|move|p1a: Medicham|Ice Punch|p2a: Spiritomb
|-damage|p2a: Spiritomb|172\/304
|move|p2a: Spiritomb|Will-O-Wisp|p1a: Medicham
|-fail|p1a: Medicham|brn
|
|-heal|p2a: Spiritomb|191\/304|[from] item: Leftovers
|-damage|p1a: Medicham|116\/261 brn|[from] brn
|turn|30
|c|★azogue|que counter
|
|move|p1a: Medicham|Ice Punch|p2a: Spiritomb
|-damage|p2a: Spiritomb|145\/304
|move|p2a: Spiritomb|Rest|p2a: Spiritomb
|-status|p2a: Spiritomb|slp
|-heal|p2a: Spiritomb|304\/304 slp|[silent]
|-status|p2a: Spiritomb|slp|[from] move: Rest
|
|-damage|p1a: Medicham|84\/261 brn|[from] brn
|turn|31
|
|move|p1a: Medicham|Ice Punch|p2a: Spiritomb
|-damage|p2a: Spiritomb|256\/304 slp
|cant|p2a: Spiritomb|slp
|move|p2a: Spiritomb|Sleep Talk|p2a: Spiritomb
|move|p2a: Spiritomb|Shadow Sneak|p1a: Medicham|[from]Sleep Talk
|-supereffective|p1a: Medicham
|-damage|p1a: Medicham|0 fnt
|faint|p1a: Medicham
|
|-heal|p2a: Spiritomb|275\/304 slp|[from] item: Leftovers
|
|switch|p1a: Bisharp|Bisharp, M|279\/279
|-damage|p1a: Bisharp|262\/279|[from] Stealth Rock
|turn|32
|
|move|p1a: Bisharp|Pursuit|p2a: Spiritomb|[from]Pursuit
|-damage|p2a: Spiritomb|163\/304 slp
|switch|p2a: Poliwrath|Poliwrath, M|384\/384
|
|turn|33
|
|move|p1a: Bisharp|Knock Off|p2a: Poliwrath
|-resisted|p2a: Poliwrath
|-damage|p2a: Poliwrath|320\/384
|-enditem|p2a: Poliwrath|Leftovers|[from] move: Knock Off|[of] p1a: Bisharp
|move|p2a: Poliwrath|Circle Throw|p1a: Bisharp
|-supereffective|p1a: Bisharp
|-damage|p1a: Bisharp|0 fnt
|faint|p1a: Bisharp
|
|
|switch|p1a: Latias|Latias, F|286\/317
|-damage|p1a: Latias|247\/317|[from] Stealth Rock
|turn|34
|
|move|p1a: Latias|Psyshock|p2a: Poliwrath
|-supereffective|p2a: Poliwrath
|-damage|p2a: Poliwrath|102\/384
|-damage|p1a: Latias|216\/317|[from] item: Life Orb
|move|p2a: Poliwrath|Circle Throw|p1a: Latias
|-resisted|p1a: Latias
|-damage|p1a: Latias|182\/317
|drag|p1a: Azumarill|Azumarill, F|327\/399
|-damage|p1a: Azumarill|278\/399|[from] Stealth Rock
|
|turn|35
|
|switch|p1a: Landorus|Landorus, M|319\/319
|-damage|p1a: Landorus|280\/319|[from] Stealth Rock
|move|p2a: Poliwrath|Scald|p1a: Landorus
|-supereffective|p1a: Landorus
|-damage|p1a: Landorus|124\/319
|
|turn|36
|
|move|p1a: Landorus|Psychic|p2a: Poliwrath
|-supereffective|p2a: Poliwrath
|-damage|p2a: Poliwrath|0 fnt
|faint|p2a: Poliwrath
|
|
|switch|p2a: Flygon|Flygon, M|314\/364
|turn|37
|
|move|p1a: Landorus|Sludge Wave|p2a: Flygon
|-resisted|p2a: Flygon
|-damage|p2a: Flygon|240\/364
|move|p2a: Flygon|Hidden Power|p1a: Landorus
|-supereffective|p1a: Landorus
|-damage|p1a: Landorus|0 fnt
|faint|p1a: Landorus
|
|-heal|p2a: Flygon|262\/364|[from] item: Leftovers
|
|switch|p1a: Azumarill|Azumarill, F|278\/399
|-damage|p1a: Azumarill|229\/399|[from] Stealth Rock
|turn|38
|
|switch|p1a: Latias|Latias, F|182\/317
|-damage|p1a: Latias|143\/317|[from] Stealth Rock
|move|p2a: Flygon|Earthquake|p1a: Latias
|-immune|p1a: Latias|[msg]
|
|-heal|p2a: Flygon|284\/364|[from] item: Leftovers
|turn|39
|
|move|p1a: Latias|Roost|p1a: Latias
|-heal|p1a: Latias|302\/317
|move|p2a: Flygon|Hidden Power|p1a: Latias
|-supereffective|p1a: Latias
|-damage|p1a: Latias|240\/317
|
|-heal|p2a: Flygon|306\/364|[from] item: Leftovers
|turn|40
|
|move|p1a: Latias|Psyshock|p2a: Flygon
|-damage|p2a: Flygon|82\/364
|-damage|p1a: Latias|209\/317|[from] item: Life Orb
|move|p2a: Flygon|Hidden Power|p1a: Latias
|-supereffective|p1a: Latias
|-damage|p1a: Latias|149\/317
|
|-heal|p2a: Flygon|104\/364|[from] item: Leftovers
|turn|41
|
|move|p1a: Latias|Roost|p1a: Latias
|-heal|p1a: Latias|308\/317
|move|p2a: Flygon|Hidden Power|p1a: Latias
|-supereffective|p1a: Latias
|-damage|p1a: Latias|244\/317
|
|-heal|p2a: Flygon|126\/364|[from] item: Leftovers
|turn|42
|
|move|p1a: Latias|Psyshock|p2a: Flygon
|-damage|p2a: Flygon|0 fnt
|-damage|p1a: Latias|213\/317|[from] item: Life Orb
|faint|p2a: Flygon
|
|
|switch|p2a: Spiritomb|Spiritomb, M|163\/304 slp
|turn|43
|
|switch|p2a: Vileplume|Vileplume, M|264\/354
|move|p1a: Latias|Draco Meteor|p2a: Vileplume
|-damage|p2a: Vileplume|0 fnt
|-unboost|p1a: Latias|spa|2
|-damage|p1a: Latias|182\/317|[from] item: Life Orb
|faint|p2a: Vileplume
|
|
|switch|p2a: Spiritomb|Spiritomb, M|163\/304 slp
|turn|44
|
|switch|p1a: Azumarill|Azumarill, F|229\/399
|-damage|p1a: Azumarill|180\/399|[from] Stealth Rock
|cant|p2a: Spiritomb|slp
|move|p2a: Spiritomb|Sleep Talk|p2a: Spiritomb
|move|p2a: Spiritomb|Will-O-Wisp|p1a: Azumarill|[from]Sleep Talk
|-status|p1a: Azumarill|brn
|
|-heal|p2a: Spiritomb|182\/304 slp|[from] item: Leftovers
|-damage|p1a: Azumarill|131\/399 brn|[from] brn
|turn|45
|
|move|p1a: Azumarill|Play Rough|p2a: Spiritomb
|-supereffective|p2a: Spiritomb
|-damage|p2a: Spiritomb|0 fnt
|faint|p2a: Spiritomb
|
|win|azogue
|c|★azogue|gg
|c|★poek69x|gg
|c|★poek69x|mmm