|join|I WANT 2 SUICIDE
|join|poek69x
|player|p1|I WANT 2 SUICIDE|188
|player|p2|poek69x|283
|gametype|singles
|gen|6
|tier|OU
|rated
|clearpoke
|poke|p1|Skarmory, F
|poke|p1|Bisharp, F, shiny
|poke|p1|Heatran, F
|poke|p1|Venusaur, F
|poke|p1|Chansey, F
|poke|p1|Keldeo
|poke|p2|Garchomp, F
|poke|p2|Greninja, M
|poke|p2|Latios, M
|poke|p2|Magneton
|poke|p2|Venusaur, M
|poke|p2|Heatran, F
|rule|Swagger Clause: Swagger is banned
|rule|Baton Pass Clause: Limit one Pokémon knowing Baton Pass
|rule|Sleep Clause Mod: Limit one foe put to sleep
|rule|Species Clause: Limit one of each Pokémon
|rule|OHKO Clause: OHKO moves are banned
|rule|Moody Clause: Moody is banned
|rule|Evasion Moves Clause: Evasion moves are banned
|rule|Endless Battle Clause: Forcing endless battles is banned
|rule|HP Percentage Mod: HP is shown in percentages
|teampreview
|join|Albacore
|
|start
|switch|p1a: jeeby|Heatran, F|323\/323
|switch|p2a: Greninja|Greninja, M|285\/285
|-item|p1a: jeeby|Air Balloon
|turn|1
|
|switch|p1a: TEAM CHANSEE|Chansey, F|703\/703
|move|p2a: Greninja|Spikes|p1a: TEAM CHANSEE
|-start|p2a: Greninja|typechange|Ground|[from] Protean
|-sidestart|p1: I WANT 2 SUICIDE|Spikes
|
|turn|2
|
|switch|p2a: Venusaur|Venusaur, M|364\/364
|move|p1a: TEAM CHANSEE|Seismic Toss|p2a: Venusaur
|-damage|p2a: Venusaur|264\/364
|
|turn|3
|
|detailschange|p2a: Venusaur|Venusaur-Mega, M
|message|Venusaur has Mega Evolved into Mega Venusaur!
|move|p2a: Venusaur|Knock Off|p1a: TEAM CHANSEE
|-damage|p1a: TEAM CHANSEE|608\/703
|-enditem|p1a: TEAM CHANSEE|Eviolite|[from] move: Knock Off|[of] p2a: Venusaur
|move|p1a: TEAM CHANSEE|Thunder Wave|p2a: Venusaur
|-status|p2a: Venusaur|par
|
|turn|4
|
|switch|p1a: jeeby|Heatran, F|323\/323
|-item|p1a: jeeby|Air Balloon
|move|p2a: Venusaur|Giga Drain|p1a: jeeby
|-resisted|p1a: jeeby
|-damage|p1a: jeeby|290\/323
|-heal|p2a: Venusaur|281\/364 par|[from] drain|[of] p1a: jeeby
|-enditem|p1a: jeeby|Air Balloon
|
|turn|5
|
|switch|p2a: Heatran|Heatran, F|323\/323
|-item|p2a: Heatran|Air Balloon
|move|p1a: jeeby|Stealth Rock|p2a: Heatran
|-sidestart|p2: poek69x|move: Stealth Rock
|
|turn|6
|
|move|p2a: Heatran|Stealth Rock|p1a: jeeby
|-sidestart|p1: I WANT 2 SUICIDE|move: Stealth Rock
|move|p1a: jeeby|Taunt|p2a: Heatran
|-start|p2a: Heatran|move: Taunt
|
|turn|7
|
|switch|p2a: Garchomp|Garchomp, F|358\/358
|-damage|p2a: Garchomp|336\/358|[from] Stealth Rock
|move|p1a: jeeby|Toxic|p2a: Garchomp
|-status|p2a: Garchomp|tox
|
|-damage|p2a: Garchomp|314\/358 tox|[from] psn
|turn|8
|
|switch|p2a: Magneton|Magneton|242\/242
|-damage|p2a: Magneton|227\/242|[from] Stealth Rock
|switch|p1a: math rock|Skarmory, F|333\/333
|-damage|p1a: math rock|292\/333|[from] Stealth Rock
|
|turn|9
|
|move|p2a: Magneton|Volt Switch|p1a: math rock
|-supereffective|p1a: math rock
|-damage|p1a: math rock|56\/333
|
|switch|p2a: Greninja|Greninja, M|285\/285
|-damage|p2a: Greninja|250\/285|[from] Stealth Rock
|move|p1a: math rock|Spikes|p2a: Greninja
|-sidestart|p2: poek69x|Spikes
|
|turn|10
|
|move|p2a: Greninja|Ice Beam|p1a: math rock
|-start|p2a: Greninja|typechange|Ice|[from] Protean
|-damage|p1a: math rock|0 fnt
|-damage|p2a: Greninja|222\/285|[from] item: Life Orb
|faint|p1a: math rock
|
|
|switch|p1a: thomas|Bisharp, F, shiny|272\/272
|-damage|p1a: thomas|255\/272|[from] Stealth Rock
|-damage|p1a: thomas|221\/272|[from] Spikes
|turn|11
|
|move|p2a: Greninja|Hydro Pump|p1a: thomas
|-start|p2a: Greninja|typechange|Water|[from] Protean
|-damage|p1a: thomas|0 fnt
|-damage|p2a: Greninja|194\/285|[from] item: Life Orb
|faint|p1a: thomas
|
|
|switch|p1a: TEAM CHANSEE|Chansey, F|608\/703
|-damage|p1a: TEAM CHANSEE|521\/703|[from] Spikes
|-damage|p1a: TEAM CHANSEE|434\/703|[from] Stealth Rock
|turn|12
|
|move|p2a: Greninja|Spikes|p1a: TEAM CHANSEE
|-start|p2a: Greninja|typechange|Ground|[from] Protean
|-sidestart|p1: I WANT 2 SUICIDE|Spikes
|move|p1a: TEAM CHANSEE|Seismic Toss|p2a: Greninja
|-damage|p2a: Greninja|94\/285
|
|turn|13
|
|move|p2a: Greninja|Spikes|p1a: TEAM CHANSEE
|-sidestart|p1: I WANT 2 SUICIDE|Spikes
|move|p1a: TEAM CHANSEE|Soft-Boiled|p1a: TEAM CHANSEE
|-heal|p1a: TEAM CHANSEE|703\/703
|
|turn|14
|
|switch|p2a: Venusaur|Venusaur-Mega, M|281\/364 par
|-damage|p2a: Venusaur|236\/364 par|[from] Stealth Rock
|-damage|p2a: Venusaur|191\/364 par|[from] Spikes
|move|p1a: TEAM CHANSEE|Seismic Toss|p2a: Venusaur
|-damage|p2a: Venusaur|91\/364 par
|
|turn|15
|
|move|p1a: TEAM CHANSEE|Seismic Toss|p2a: Venusaur
|-damage|p2a: Venusaur|0 fnt
|faint|p2a: Venusaur
|
|
|switch|p2a: Latios|Latios, M|302\/302
|-damage|p2a: Latios|265\/302|[from] Stealth Rock
|turn|16
|
|move|p2a: Latios|Psyshock|p1a: TEAM CHANSEE
|-damage|p1a: TEAM CHANSEE|441\/703
|move|p1a: TEAM CHANSEE|Thunder Wave|p2a: Latios
|-status|p2a: Latios|par
|
|turn|17
|
|switch|p2a: Heatran|Heatran, F|323\/323
|-damage|p2a: Heatran|283\/323|[from] Stealth Rock
|-item|p2a: Heatran|Air Balloon
|move|p1a: TEAM CHANSEE|Soft-Boiled|p1a: TEAM CHANSEE
|-heal|p1a: TEAM CHANSEE|703\/703
|
|turn|18
|
|move|p2a: Heatran|Taunt|p1a: TEAM CHANSEE
|-start|p1a: TEAM CHANSEE|move: Taunt
|cant|p1a: TEAM CHANSEE|move: Taunt|Thunder Wave
|
|turn|19
|
|move|p2a: Heatran|Fire Blast|p1a: TEAM CHANSEE
|-damage|p1a: TEAM CHANSEE|520\/703
|move|p1a: TEAM CHANSEE|Seismic Toss|p2a: Heatran
|-damage|p2a: Heatran|183\/323
|-enditem|p2a: Heatran|Air Balloon
|
|turn|20
|
|move|p2a: Heatran|Fire Blast|p1a: TEAM CHANSEE
|-damage|p1a: TEAM CHANSEE|340\/703
|move|p1a: TEAM CHANSEE|Seismic Toss|p2a: Heatran
|-damage|p2a: Heatran|83\/323
|
|-end|p1a: TEAM CHANSEE|move: Taunt
|turn|21
|
|move|p2a: Heatran|Taunt|p1a: TEAM CHANSEE
|-start|p1a: TEAM CHANSEE|move: Taunt
|move|p1a: TEAM CHANSEE|Seismic Toss|p2a: Heatran
|-damage|p2a: Heatran|0 fnt
|faint|p2a: Heatran
|
|
|switch|p2a: Garchomp|Garchomp, F|314\/358 tox
|-damage|p2a: Garchomp|270\/358 tox|[from] Spikes
|-damage|p2a: Garchomp|248\/358 tox|[from] Stealth Rock
|turn|22
|
|move|p2a: Garchomp|Earthquake|p1a: TEAM CHANSEE
|-damage|p1a: TEAM CHANSEE|0 fnt
|faint|p1a: TEAM CHANSEE
|
|-damage|p2a: Garchomp|226\/358 tox|[from] psn
|
|switch|p1a: finna|Keldeo|322\/322
|-damage|p1a: finna|302\/322|[from] Stealth Rock
|-damage|p1a: finna|222\/322|[from] Spikes
|turn|23
|
|switch|p2a: Latios|Latios, M|265\/302 par
|-damage|p2a: Latios|228\/302 par|[from] Stealth Rock
|move|p1a: finna|Scald|p2a: Latios
|-resisted|p2a: Latios
|-damage|p2a: Latios|162\/302 par
|
|-heal|p1a: finna|242\/322|[from] item: Leftovers
|turn|24
|
|switch|p1a: jeeby|Heatran, F|290\/323
|-damage|p1a: jeeby|210\/323|[from] Spikes
|-damage|p1a: jeeby|170\/323|[from] Stealth Rock
|cant|p2a: Latios|par
|
|turn|25
|
|switch|p1a: finna|Keldeo|242\/322
|-damage|p1a: finna|162\/322|[from] Spikes
|-damage|p1a: finna|142\/322|[from] Stealth Rock
|switch|p2a: Greninja|Greninja, M|94\/285
|-damage|p2a: Greninja|59\/285|[from] Spikes
|-damage|p2a: Greninja|24\/285|[from] Stealth Rock
|
|-heal|p1a: finna|162\/322|[from] item: Leftovers
|turn|26
|
|move|p2a: Greninja|Hydro Pump|p1a: finna|[miss]
|-start|p2a: Greninja|typechange|Water|[from] Protean
|-miss|p2a: Greninja|p1a: finna
|move|p1a: finna|Secret Sword|p2a: Greninja
|-damage|p2a: Greninja|0 fnt
|faint|p2a: Greninja
|
|-heal|p1a: finna|182\/322|[from] item: Leftovers
|
|switch|p2a: Magneton|Magneton|227\/242
|-damage|p2a: Magneton|212\/242|[from] Stealth Rock
|-damage|p2a: Magneton|182\/242|[from] Spikes
|turn|27
|
|switch|p1a: Venusaur|Venusaur, F|363\/363
|-damage|p1a: Venusaur|318\/363|[from] Stealth Rock
|-damage|p1a: Venusaur|228\/363|[from] Spikes
|move|p2a: Magneton|Volt Switch|p1a: Venusaur
|-resisted|p1a: Venusaur
|-damage|p1a: Venusaur|171\/363
|
|switch|p2a: Latios|Latios, M|162\/302 par
|-damage|p2a: Latios|125\/302 par|[from] Stealth Rock
|
|turn|28
|
|detailschange|p1a: Venusaur|Venusaur-Mega, F
|message|Venusaur has Mega Evolved into Mega Venusaur!
|move|p1a: Venusaur|Synthesis|p1a: Venusaur
|-heal|p1a: Venusaur|352\/363
|move|p2a: Latios|Psyshock|p1a: Venusaur
|-supereffective|p1a: Venusaur
|-damage|p1a: Venusaur|184\/363
|
|turn|29
|
|move|p1a: Venusaur|Synthesis|p1a: Venusaur
|-heal|p1a: Venusaur|363\/363
|move|p2a: Latios|Psyshock|p1a: Venusaur
|-supereffective|p1a: Venusaur
|-damage|p1a: Venusaur|199\/363
|
|turn|30
|
|move|p1a: Venusaur|Leech Seed|p2a: Latios
|-start|p2a: Latios|move: Leech Seed
|move|p2a: Latios|Psyshock|p1a: Venusaur
|-supereffective|p1a: Venusaur
|-damage|p1a: Venusaur|7\/363
|
|-damage|p2a: Latios|88\/302 par|[from] Leech Seed|[of] p1a: Venusaur
|-heal|p1a: Venusaur|44\/363|[silent]
|turn|31
|
|switch|p2a: Magneton|Magneton|182\/242
|-damage|p2a: Magneton|167\/242|[from] Stealth Rock
|-damage|p2a: Magneton|137\/242|[from] Spikes
|move|p1a: Venusaur|Synthesis|p1a: Venusaur
|-heal|p1a: Venusaur|225\/363
|
|turn|32
|
|move|p2a: Magneton|Flash Cannon|p1a: Venusaur
|-damage|p1a: Venusaur|116\/363
|move|p1a: Venusaur|Synthesis|p1a: Venusaur
|-heal|p1a: Venusaur|297\/363
|
|turn|33
|
|move|p2a: Magneton|Flash Cannon|p1a: Venusaur
|-damage|p1a: Venusaur|173\/363
|move|p1a: Venusaur|Hidden Power|p2a: Magneton
|-supereffective|p2a: Magneton
|-damage|p2a: Magneton|0 fnt
|faint|p2a: Magneton
|
|
|switch|p2a: Garchomp|Garchomp, F|226\/358 tox
|-damage|p2a: Garchomp|182\/358 tox|[from] Spikes
|-damage|p2a: Garchomp|160\/358 tox|[from] Stealth Rock
|turn|34
|
|move|p2a: Garchomp|Earthquake|p1a: Venusaur
|-damage|p1a: Venusaur|59\/363
|move|p1a: Venusaur|Synthesis|p1a: Venusaur
|-heal|p1a: Venusaur|240\/363
|
|-damage|p2a: Garchomp|138\/358 tox|[from] psn
|turn|35
|
|move|p2a: Garchomp|Swords Dance|p2a: Garchomp
|-boost|p2a: Garchomp|atk|2
|move|p1a: Venusaur|Leech Seed|p2a: Garchomp
|-start|p2a: Garchomp|move: Leech Seed
|
|-damage|p2a: Garchomp|94\/358 tox|[from] Leech Seed|[of] p1a: Venusaur
|-heal|p1a: Venusaur|284\/363|[silent]
|-damage|p2a: Garchomp|50\/358 tox|[from] psn
|turn|36
|
|move|p2a: Garchomp|Outrage|p1a: Venusaur
|-damage|p1a: Venusaur|20\/363
|move|p1a: Venusaur|Synthesis|p1a: Venusaur
|-heal|p1a: Venusaur|201\/363
|
|-damage|p2a: Garchomp|6\/358 tox|[from] Leech Seed|[of] p1a: Venusaur
|-heal|p1a: Venusaur|245\/363|[silent]
|-damage|p2a: Garchomp|0 fnt|[from] psn
|faint|p2a: Garchomp
|
|switch|p2a: Latios|Latios, M|88\/302 par
|-damage|p2a: Latios|51\/302 par|[from] Stealth Rock
|turn|37
|
|move|p1a: Venusaur|Leech Seed|p2a: Latios
|-start|p2a: Latios|move: Leech Seed
|cant|p2a: Latios|par
|
|-damage|p2a: Latios|14\/302 par|[from] Leech Seed|[of] p1a: Venusaur
|-heal|p1a: Venusaur|282\/363|[silent]
|turn|38
|-message|poek69x forfeited.
|
|win|I WANT 2 SUICIDE
|raw|Ladder updating...
|leave|poek69x
|player|p2
|raw|I WANT 2 SUICIDE's rating: 1673 &rarr; <strong>1692<\/strong><br \/>(+19 for winning)
|raw|poek69x's rating: 1656 &rarr; <strong>1637<\/strong><br \/>(-19 for losing)