|join|poek69x
|join|ferst imo
|player|p1|poek69x|283
|player|p2|ferst imo|137
|gametype|singles
|gen|6
|tier|OU
|rated
|clearpoke
|poke|p1|Crawdaunt, F
|poke|p1|Celebi
|poke|p1|Heatran, M
|poke|p1|Manectric, M
|poke|p1|Landorus-Therian, M
|poke|p1|Gengar, M
|poke|p2|Garchomp, F
|poke|p2|Gallade, M
|poke|p2|Bisharp, M
|poke|p2|Diggersby, M
|poke|p2|Greninja, M
|poke|p2|Thundurus, M
|rule|Swagger Clause: Swagger is banned
|rule|Baton Pass Clause: Limit one Pokémon knowing Baton Pass
|rule|Sleep Clause Mod: Limit one foe put to sleep
|rule|Species Clause: Limit one of each Pokémon
|rule|OHKO Clause: OHKO moves are banned
|rule|Moody Clause: Moody is banned
|rule|Evasion Moves Clause: Evasion moves are banned
|rule|Endless Battle Clause: Forcing endless battles is banned
|rule|HP Percentage Mod: HP is shown in percentages
|teampreview
|join|Albacore
|
|start
|switch|p1a: Celebi|Celebi|404\/404
|switch|p2a: Garchomp|Garchomp, F|357\/357
|turn|1
|
|move|p2a: Garchomp|Stealth Rock|p1a: Celebi
|-sidestart|p1: poek69x|move: Stealth Rock
|move|p1a: Celebi|Giga Drain|p2a: Garchomp
|-damage|p2a: Garchomp|242\/357
|
|turn|2
|
|switch|p2a: Bisharp|Bisharp, M|271\/271
|move|p1a: Celebi|Substitute|p1a: Celebi
|-start|p1a: Celebi|Substitute
|-damage|p1a: Celebi|303\/404
|
|-heal|p1a: Celebi|328\/404|[from] item: Leftovers
|turn|3
|
|move|p1a: Celebi|Baton Pass|p1a: Celebi
|
|switch|p1a: Crawdaunt|Crawdaunt, F|267\/267
|-damage|p1a: Crawdaunt|234\/267|[from] Stealth Rock
|move|p2a: Bisharp|Knock Off|p1a: Crawdaunt
|-resisted|p1a: Crawdaunt
|-end|p1a: Crawdaunt|Substitute
|-damage|p2a: Bisharp|244\/271|[from] item: Life Orb
|
|turn|4
|join|ShinyDennis
|leave|ShinyDennis
|
|switch|p2a: Garchomp|Garchomp, F|242\/357
|move|p1a: Crawdaunt|Crabhammer|p2a: Garchomp
|-damage|p2a: Garchomp|0 fnt
|-damage|p1a: Crawdaunt|201\/267|[from] ability: Rough Skin|[of] p2a: Garchomp
|-damage|p1a: Crawdaunt|175\/267|[from] item: Life Orb
|faint|p2a: Garchomp
|
|
|switch|p2a: Gallade|Gallade, M|277\/277
|turn|5
|
|switch|p1a: Landorus-Therian|Landorus-Therian, M|319\/319
|-damage|p1a: Landorus-Therian|280\/319|[from] Stealth Rock
|-ability|p1a: Landorus-Therian|Intimidate|[of] p2a: Gallade
|-unboost|p2a: Gallade|atk|1
|detailschange|p2a: Gallade|Gallade-Mega, M
|message|Gallade has Mega Evolved into Mega Gallade!
|move|p2a: Gallade|Knock Off|p1a: Landorus-Therian
|-damage|p1a: Landorus-Therian|186\/319
|-enditem|p1a: Landorus-Therian|Choice Scarf|[from] move: Knock Off|[of] p2a: Gallade
|
|turn|6
|
|switch|p2a: Thundurus|Thundurus, M|299\/299
|move|p1a: Landorus-Therian|U-turn|p2a: Thundurus
|-resisted|p2a: Thundurus
|-damage|p2a: Thundurus|239\/299
|
|switch|p1a: Manectric|Manectric, M|281\/281
|-damage|p1a: Manectric|246\/281|[from] Stealth Rock
|
|turn|7
|
|detailschange|p1a: Manectric|Manectric-Mega, M
|message|Manectric has Mega Evolved into Mega Manectric!
|-ability|p1a: Manectric|Intimidate|[of] p2a: Thundurus
|-unboost|p2a: Thundurus|atk|1
|move|p2a: Thundurus|Focus Blast|p1a: Manectric
|-damage|p1a: Manectric|33\/281
|-damage|p2a: Thundurus|210\/299|[from] item: Life Orb
|move|p1a: Manectric|Flamethrower|p2a: Thundurus
|-damage|p2a: Thundurus|78\/299
|
|turn|8
|
|switch|p2a: Diggersby|Diggersby, M|311\/311
|move|p1a: Manectric|Flamethrower|p2a: Diggersby
|-damage|p2a: Diggersby|171\/311
|
|turn|9
|
|move|p2a: Diggersby|Quick Attack|p1a: Manectric
|-damage|p1a: Manectric|0 fnt
|-damage|p2a: Diggersby|140\/311|[from] item: Life Orb
|faint|p1a: Manectric
|
|
|switch|p1a: Gengar|Gengar, M|261\/261
|-damage|p1a: Gengar|229\/261|[from] Stealth Rock
|turn|10
|
|switch|p2a: Thundurus|Thundurus, M|78\/299
|move|p1a: Gengar|Focus Blast|p2a: Thundurus
|-resisted|p2a: Thundurus
|-damage|p2a: Thundurus|0 fnt
|-damage|p1a: Gengar|203\/261|[from] item: Life Orb
|faint|p2a: Thundurus
|
|
|switch|p2a: Greninja|Greninja, M|285\/285
|turn|11
|
|switch|p1a: Heatran|Heatran, M|386\/386
|-damage|p1a: Heatran|338\/386|[from] Stealth Rock
|move|p2a: Greninja|Dark Pulse|p1a: Heatran
|-start|p2a: Greninja|typechange|Dark|[from] Protean
|-damage|p1a: Heatran|217\/386
|-damage|p2a: Greninja|257\/285|[from] item: Life Orb
|
|-heal|p1a: Heatran|241\/386|[from] item: Leftovers
|turn|12
|
|move|p2a: Greninja|Hydro Pump|p1a: Heatran
|-start|p2a: Greninja|typechange|Water|[from] Protean
|-supereffective|p1a: Heatran
|-damage|p1a: Heatran|0 fnt
|-damage|p2a: Greninja|229\/285|[from] item: Life Orb
|faint|p1a: Heatran
|
|
|switch|p1a: Landorus-Therian|Landorus-Therian, M|186\/319
|-damage|p1a: Landorus-Therian|147\/319|[from] Stealth Rock
|-ability|p1a: Landorus-Therian|Intimidate|[of] p2a: Greninja
|-unboost|p2a: Greninja|atk|1
|turn|13
|
|move|p2a: Greninja|Ice Beam|p1a: Landorus-Therian
|-start|p2a: Greninja|typechange|Ice|[from] Protean
|-supereffective|p1a: Landorus-Therian
|-damage|p1a: Landorus-Therian|0 fnt
|-damage|p2a: Greninja|201\/285|[from] item: Life Orb
|faint|p1a: Landorus-Therian
|
|
|switch|p1a: Crawdaunt|Crawdaunt, F|175\/267
|-damage|p1a: Crawdaunt|142\/267|[from] Stealth Rock
|turn|14
|
|switch|p2a: Diggersby|Diggersby, M|140\/311
|move|p1a: Crawdaunt|Aqua Jet|p2a: Diggersby
|-supereffective|p2a: Diggersby
|-damage|p2a: Diggersby|0 fnt
|-damage|p1a: Crawdaunt|116\/267|[from] item: Life Orb
|faint|p2a: Diggersby
|
|
|switch|p2a: Gallade|Gallade-Mega, M|277\/277
|turn|15
|
|switch|p1a: Celebi|Celebi|328\/404
|-damage|p1a: Celebi|278\/404|[from] Stealth Rock
|move|p2a: Gallade|Knock Off|p1a: Celebi
|-supereffective|p1a: Celebi
|-damage|p1a: Celebi|82\/404
|-enditem|p1a: Celebi|Leftovers|[from] move: Knock Off|[of] p2a: Gallade
|
|turn|16
|
|move|p2a: Gallade|Knock Off|p1a: Celebi
|-supereffective|p1a: Celebi
|-damage|p1a: Celebi|0 fnt
|faint|p1a: Celebi
|
|
|switch|p1a: Gengar|Gengar, M|203\/261
|-damage|p1a: Gengar|171\/261|[from] Stealth Rock
|turn|17
|
|move|p1a: Gengar|Shadow Ball|p2a: Gallade
|-supereffective|p2a: Gallade
|-damage|p2a: Gallade|0 fnt
|-damage|p1a: Gengar|145\/261|[from] item: Life Orb
|faint|p2a: Gallade
|
|
|switch|p2a: Greninja|Greninja, M|201\/285
|turn|18
|
|move|p2a: Greninja|Dark Pulse|p1a: Gengar
|-start|p2a: Greninja|typechange|Dark|[from] Protean
|-supereffective|p1a: Gengar
|-damage|p1a: Gengar|0 fnt
|-damage|p2a: Greninja|173\/285|[from] item: Life Orb
|faint|p1a: Gengar
|
|
|switch|p1a: Crawdaunt|Crawdaunt, F|116\/267
|-damage|p1a: Crawdaunt|83\/267|[from] Stealth Rock
|turn|19
|join|Souppy
|
|move|p1a: Crawdaunt|Aqua Jet|p2a: Greninja
|-damage|p2a: Greninja|0 fnt
|-damage|p1a: Crawdaunt|57\/267|[from] item: Life Orb
|faint|p2a: Greninja
|
|
|switch|p2a: Bisharp|Bisharp, M|244\/271
|turn|20
|
|move|p2a: Bisharp|Sucker Punch|p1a: Crawdaunt
|-fail|p1a: Crawdaunt
|move|p1a: Crawdaunt|Swords Dance|p1a: Crawdaunt
|-boost|p1a: Crawdaunt|atk|2
|
|turn|21
|
|move|p2a: Bisharp|Sucker Punch|p1a: Crawdaunt
|-fail|p1a: Crawdaunt
|move|p1a: Crawdaunt|Swords Dance|p1a: Crawdaunt
|-boost|p1a: Crawdaunt|atk|2
|
|turn|22
|
|move|p2a: Bisharp|Sucker Punch|p1a: Crawdaunt
|-fail|p1a: Crawdaunt
|move|p1a: Crawdaunt|Swords Dance|p1a: Crawdaunt
|-boost|p1a: Crawdaunt|atk|2
|
|turn|23
|
|move|p2a: Bisharp|Sucker Punch|p1a: Crawdaunt
|-fail|p1a: Crawdaunt
|move|p1a: Crawdaunt|Swords Dance|p1a: Crawdaunt
|-fail|p1a: Crawdaunt
|
|turn|24
|
|move|p2a: Bisharp|Sucker Punch|p1a: Crawdaunt
|-fail|p1a: Crawdaunt
|move|p1a: Crawdaunt|Swords Dance|p1a: Crawdaunt
|-fail|p1a: Crawdaunt
|
|turn|25
|
|move|p2a: Bisharp|Sucker Punch|p1a: Crawdaunt
|-resisted|p1a: Crawdaunt
|-damage|p1a: Crawdaunt|0 fnt
|-damage|p2a: Bisharp|217\/271|[from] item: Life Orb
|faint|p1a: Crawdaunt
|
|win|ferst imo
|raw|Ladder updating...
|raw|poek69x's rating: 1821 &rarr; <strong>1792<\/strong><br \/>(-29 for losing)
|raw|ferst imo's rating: 1654 &rarr; <strong>1683<\/strong><br \/>(+29 for winning)