|join|poek69x
|join|Hogback_fosh_men
|player|p1|poek69x|283
|player|p2|Hogback_fosh_men|170
|gametype|singles
|gen|6
|tier|OU
|rated
|clearpoke
|poke|p1|Scizor, M
|poke|p1|Keldeo
|poke|p1|Garchomp, M
|poke|p1|Tyranitar, F
|poke|p1|Celebi
|poke|p1|Gengar, F
|poke|p2|Pinsir, F
|poke|p2|Gengar, M, shiny
|poke|p2|Rotom-Wash
|poke|p2|Ferrothorn, F
|poke|p2|Heatran, M
|poke|p2|Conkeldurr, M, shiny
|rule|Swagger Clause: Swagger is banned
|rule|Baton Pass Clause: Limit one Pokémon knowing Baton Pass
|rule|Sleep Clause Mod: Limit one foe put to sleep
|rule|Species Clause: Limit one of each Pokémon
|rule|OHKO Clause: OHKO moves are banned
|rule|Moody Clause: Moody is banned
|rule|Evasion Moves Clause: Evasion moves are banned
|rule|Endless Battle Clause: Forcing endless battles is banned
|rule|HP Percentage Mod: HP is shown in percentages
|teampreview
|
|start
|switch|p1a: Garchomp|Garchomp, M|357\/357
|switch|p2a: Pinsir|Pinsir, F|272\/272
|turn|1
|
|detailschange|p2a: Pinsir|Pinsir-Mega, F
|message|Pinsir has Mega Evolved into Mega Pinsir!
|move|p1a: Garchomp|Stealth Rock|p2a: Pinsir
|-sidestart|p2: Hogback_fosh_men|move: Stealth Rock
|move|p2a: Pinsir|Return|p1a: Garchomp
|-damage|p1a: Garchomp|63\/357
|-damage|p2a: Pinsir|238\/272|[from] ability: Rough Skin|[of] p1a: Garchomp
|
|turn|2
|
|move|p2a: Pinsir|Return|p1a: Garchomp
|-damage|p1a: Garchomp|0 fnt
|-damage|p2a: Pinsir|204\/272|[from] ability: Rough Skin|[of] p1a: Garchomp
|faint|p1a: Garchomp
|
|
|switch|p1a: Tyranitar|Tyranitar, F|342\/342
|-weather|Sandstorm
|turn|3
|
|move|p1a: Tyranitar|Stone Edge|p2a: Pinsir
|-supereffective|p2a: Pinsir
|-damage|p2a: Pinsir|0 fnt
|faint|p2a: Pinsir
|
|-weather|Sandstorm|[upkeep]
|
|switch|p2a: Ferrothorn|Ferrothorn, F|352\/352
|-damage|p2a: Ferrothorn|330\/352|[from] Stealth Rock
|turn|4
|
|switch|p1a: Celebi|Celebi|404\/404
|move|p2a: Ferrothorn|Stealth Rock|p1a: Celebi
|-sidestart|p1: poek69x|move: Stealth Rock
|
|-weather|Sandstorm|[upkeep]
|-damage|p1a: Celebi|379\/404|[from] sandstorm
|-heal|p1a: Celebi|404\/404|[from] item: Leftovers
|turn|5
|
|move|p1a: Celebi|Substitute|p1a: Celebi
|-start|p1a: Celebi|Substitute
|-damage|p1a: Celebi|303\/404
|move|p2a: Ferrothorn|Spikes|p1a: Celebi
|-sidestart|p1: poek69x|Spikes
|
|-weather|Sandstorm|[upkeep]
|-damage|p1a: Celebi|278\/404|[from] sandstorm
|-heal|p1a: Celebi|303\/404|[from] item: Leftovers
|turn|6
|
|move|p1a: Celebi|Baton Pass|p1a: Celebi
|
|switch|p1a: Scizor|Scizor, M|290\/290
|-damage|p1a: Scizor|254\/290|[from] Stealth Rock
|-damage|p1a: Scizor|218\/290|[from] Spikes
|move|p2a: Ferrothorn|Spikes|p1a: Scizor
|-sidestart|p1: poek69x|Spikes
|
|-weather|Sandstorm|[upkeep]
|turn|7
|
|switch|p2a: Rotom-Wash|Rotom-Wash|242\/242
|-damage|p2a: Rotom-Wash|212\/242|[from] Stealth Rock
|detailschange|p1a: Scizor|Scizor-Mega, M
|message|Scizor has Mega Evolved into Mega Scizor!
|move|p1a: Scizor|Swords Dance|p1a: Scizor
|-boost|p1a: Scizor|atk|2
|
|-weather|none
|turn|8
|
|move|p2a: Rotom-Wash|Volt Switch|p1a: Scizor
|-end|p1a: Scizor|Substitute
|
|switch|p2a: Ferrothorn|Ferrothorn, F|330\/352
|-damage|p2a: Ferrothorn|308\/352|[from] Stealth Rock
|move|p1a: Scizor|Bug Bite|p2a: Ferrothorn
|-damage|p2a: Ferrothorn|28\/352
|-damage|p1a: Scizor|182\/290|[from] ability: Iron Barbs|[of] p2a: Ferrothorn
|-damage|p1a: Scizor|134\/290|[from] item: Rocky Helmet|[of] p2a: Ferrothorn
|
|turn|9
|
|move|p1a: Scizor|Bug Bite|p2a: Ferrothorn
|-damage|p2a: Ferrothorn|0 fnt
|-damage|p1a: Scizor|98\/290|[from] ability: Iron Barbs|[of] p2a: Ferrothorn
|-damage|p1a: Scizor|50\/290|[from] item: Rocky Helmet|[of] p2a: Ferrothorn
|faint|p2a: Ferrothorn
|
|
|switch|p2a: Heatran|Heatran, M|324\/324
|-damage|p2a: Heatran|284\/324|[from] Stealth Rock
|turn|10
|
|move|p2a: Heatran|Lava Plume|p1a: Scizor
|-crit|p1a: Scizor
|-supereffective|p1a: Scizor
|-damage|p1a: Scizor|0 fnt
|faint|p1a: Scizor
|
|-heal|p2a: Heatran|304\/324|[from] item: Leftovers
|
|switch|p1a: Keldeo|Keldeo|323\/323
|-damage|p1a: Keldeo|270\/323|[from] Spikes
|-damage|p1a: Keldeo|250\/323|[from] Stealth Rock
|turn|11
|
|move|p2a: Heatran|Protect|p2a: Heatran
|-singleturn|p2a: Heatran|Protect
|move|p1a: Keldeo|Substitute|p1a: Keldeo
|-start|p1a: Keldeo|Substitute
|-damage|p1a: Keldeo|170\/323
|
|-heal|p1a: Keldeo|190\/323|[from] item: Leftovers
|-heal|p2a: Heatran|324\/324|[from] item: Leftovers
|turn|12
|
|switch|p2a: Rotom-Wash|Rotom-Wash|212\/242
|-damage|p2a: Rotom-Wash|182\/242|[from] Stealth Rock
|move|p1a: Keldeo|Calm Mind|p1a: Keldeo
|-boost|p1a: Keldeo|spa|1
|-boost|p1a: Keldeo|spd|1
|
|-heal|p1a: Keldeo|210\/323|[from] item: Leftovers
|turn|13
|
|move|p2a: Rotom-Wash|Volt Switch|p1a: Keldeo
|-supereffective|p1a: Keldeo
|-end|p1a: Keldeo|Substitute
|
|switch|p2a: Nightmare|Gengar, M, shiny|262\/262
|-damage|p2a: Nightmare|230\/262|[from] Stealth Rock
|move|p1a: Keldeo|Substitute|p1a: Keldeo
|-start|p1a: Keldeo|Substitute
|-damage|p1a: Keldeo|130\/323
|
|-heal|p1a: Keldeo|150\/323|[from] item: Leftovers
|turn|14
|
|move|p2a: Nightmare|Sludge Bomb|p1a: Keldeo
|-end|p1a: Keldeo|Substitute
|move|p1a: Keldeo|Scald|p2a: Nightmare
|-damage|p2a: Nightmare|0 fnt
|faint|p2a: Nightmare
|
|-heal|p1a: Keldeo|170\/323|[from] item: Leftovers
|
|switch|p2a: Rotom-Wash|Rotom-Wash|182\/242
|-damage|p2a: Rotom-Wash|152\/242|[from] Stealth Rock
|turn|15
|
|move|p2a: Rotom-Wash|Thunderbolt|p1a: Keldeo
|-supereffective|p1a: Keldeo
|-damage|p1a: Keldeo|0 fnt
|faint|p1a: Keldeo
|
|
|switch|p1a: Celebi|Celebi|303\/404
|-damage|p1a: Celebi|236\/404|[from] Spikes
|-damage|p1a: Celebi|186\/404|[from] Stealth Rock
|turn|16
|
|switch|p2a: Heatran|Heatran, M|324\/324
|-damage|p2a: Heatran|284\/324|[from] Stealth Rock
|move|p1a: Celebi|Substitute|p1a: Celebi
|-start|p1a: Celebi|Substitute
|-damage|p1a: Celebi|85\/404
|
|-heal|p2a: Heatran|304\/324|[from] item: Leftovers
|-heal|p1a: Celebi|110\/404|[from] item: Leftovers
|turn|17
|
|move|p2a: Heatran|Lava Plume|p1a: Celebi
|-supereffective|p1a: Celebi
|-end|p1a: Celebi|Substitute
|move|p1a: Celebi|Recover|p1a: Celebi
|-heal|p1a: Celebi|312\/404
|
|-heal|p2a: Heatran|324\/324|[from] item: Leftovers
|-heal|p1a: Celebi|337\/404|[from] item: Leftovers
|turn|18
|
|switch|p1a: Tyranitar|Tyranitar, F|342\/342
|-damage|p1a: Tyranitar|300\/342|[from] Stealth Rock
|-damage|p1a: Tyranitar|243\/342|[from] Spikes
|-weather|Sandstorm
|move|p2a: Heatran|Lava Plume|p1a: Tyranitar
|-resisted|p1a: Tyranitar
|-damage|p1a: Tyranitar|198\/342
|
|-weather|Sandstorm|[upkeep]
|turn|19
|
|move|p2a: Heatran|Protect|p2a: Heatran
|-singleturn|p2a: Heatran|Protect
|move|p1a: Tyranitar|Stone Edge|p2a: Heatran
|-activate|p2a: Heatran|Protect
|
|-weather|Sandstorm|[upkeep]
|turn|20
|
|switch|p2a: UncleRucus|Conkeldurr, M, shiny|402\/402
|-damage|p2a: UncleRucus|377\/402|[from] Stealth Rock
|move|p1a: Tyranitar|Stone Edge|p2a: UncleRucus|[miss]
|-miss|p1a: Tyranitar|p2a: UncleRucus
|
|-weather|Sandstorm|[upkeep]
|-damage|p2a: UncleRucus|352\/402|[from] sandstorm
|turn|21
|
|move|p1a: Tyranitar|Stone Edge|p2a: UncleRucus
|-resisted|p2a: UncleRucus
|-damage|p2a: UncleRucus|249\/402
|move|p2a: UncleRucus|Drain Punch|p1a: Tyranitar
|-supereffective|p1a: Tyranitar
|-damage|p1a: Tyranitar|0 fnt
|-heal|p2a: UncleRucus|348\/402|[from] drain|[of] p1a: Tyranitar
|faint|p1a: Tyranitar
|
|-weather|Sandstorm|[upkeep]
|-damage|p2a: UncleRucus|323\/402|[from] sandstorm
|
|switch|p1a: Gengar|Gengar, F|262\/262
|-damage|p1a: Gengar|230\/262|[from] Stealth Rock
|turn|22
|
|move|p1a: Gengar|Sludge Wave|p2a: UncleRucus
|-damage|p2a: UncleRucus|127\/402
|-damage|p1a: Gengar|204\/262|[from] item: Life Orb
|move|p2a: UncleRucus|Knock Off|p1a: Gengar
|-supereffective|p1a: Gengar
|-damage|p1a: Gengar|0 fnt
|-enditem|p1a: Gengar|Life Orb|[from] move: Knock Off|[of] p2a: UncleRucus
|faint|p1a: Gengar
|
|-weather|none
|-message|poek69x forfeited.
|
|win|Hogback_fosh_men
|raw|Ladder updating...
|leave|poek69x
|player|p1
|raw|poek69x's rating: 1668 &rarr; <strong>1649<\/strong><br \/>(-19 for losing)
|raw|Hogback_fosh_men's rating: 1693 &rarr; <strong>1711<\/strong><br \/>(+18 for winning)