|join|guoguopi
|join|maxilla
|player|p1|guoguopi|266
|player|p2|maxilla|102
|gametype|singles
|gen|6
|tier|OU
|rated
|clearpoke
|poke|p1|Venusaur, F
|poke|p1|Gliscor, F
|poke|p1|Rotom-Wash
|poke|p1|Heatran, M
|poke|p1|Chansey, F
|poke|p1|Conkeldurr, F
|poke|p2|Froslass, F
|poke|p2|Talonflame, M
|poke|p2|Bisharp, F
|poke|p2|Weavile, F
|poke|p2|Thundurus, M
|poke|p2|Diancie
|rule|Swagger Clause: Swagger is banned
|rule|Baton Pass Clause: Limit one Pokémon knowing Baton Pass
|rule|Sleep Clause Mod: Limit one foe put to sleep
|rule|Species Clause: Limit one of each Pokémon
|rule|OHKO Clause: OHKO moves are banned
|rule|Moody Clause: Moody is banned
|rule|Evasion Moves Clause: Evasion moves are banned
|rule|Endless Battle Clause: Forcing endless battles is banned
|rule|HP Percentage Mod: HP is shown in percentages
|teampreview
|
|start
|switch|p1a: Rotom-Wash|Rotom-Wash|303\/303
|switch|p2a: Diancie|Diancie|241\/241
|turn|1
|
|move|p1a: Rotom-Wash|Volt Switch|p2a: Diancie
|-damage|p2a: Diancie|177\/241
|
|switch|p1a: Chansey|Chansey, F|704\/704
|move|p2a: Diancie|Stealth Rock|p1a: Chansey
|-sidestart|p1: guoguopi|move: Stealth Rock
|
|turn|2
|
|detailschange|p2a: Diancie|Diancie-Mega
|-mega|p2a: Diancie|Diancie|Diancite
|move|p2a: Diancie|Protect|p2a: Diancie
|-singleturn|p2a: Diancie|Protect
|move|p1a: Chansey|Thunder Wave|p2a: Diancie
|-activate|p2a: Diancie|Protect
|
|turn|3
|
|move|p2a: Diancie|Moonblast|p1a: Chansey
|-damage|p1a: Chansey|583\/704
|-unboost|p1a: Chansey|spa|1
|move|p1a: Chansey|Wish|p1a: Chansey
|
|turn|4
|
|switch|p2a: Froslass|Froslass, F|281\/281
|move|p1a: Chansey|Seismic Toss|p2a: Froslass
|-immune|p2a: Froslass|[msg]
|
|-heal|p1a: Chansey|704\/704|[from] move: Wish|[wisher] Chansey
|turn|5
|
|switch|p1a: Rotom-Wash|Rotom-Wash|303\/303
|-damage|p1a: Rotom-Wash|266\/303|[from] Stealth Rock
|move|p2a: Froslass|Taunt|p1a: Rotom-Wash
|-start|p1a: Rotom-Wash|move: Taunt
|
|-heal|p1a: Rotom-Wash|284\/303|[from] item: Leftovers
|turn|6
|
|move|p2a: Froslass|Spikes|p1a: Rotom-Wash
|-sidestart|p1: guoguopi|Spikes
|move|p1a: Rotom-Wash|Volt Switch|p2a: Froslass
|-damage|p2a: Froslass|164\/281
|-start|p1a: Rotom-Wash|Disable|Volt Switch
|
|switch|p1a: Heatran|Heatran, M|386\/386
|-damage|p1a: Heatran|338\/386|[from] Spikes
|-damage|p1a: Heatran|290\/386|[from] Stealth Rock
|
|-heal|p1a: Heatran|314\/386|[from] item: Leftovers
|turn|7
|
|switch|p2a: Diancie|Diancie-Mega|177\/241
|move|p1a: Heatran|Stealth Rock|p2a: Diancie
|move|p2a: Diancie|Stealth Rock|p1a: Heatran|[from]Magic Bounce
|-fail|p1a: Heatran
|
|-heal|p1a: Heatran|338\/386|[from] item: Leftovers
|turn|8
|
|move|p2a: Diancie|Earth Power|p1a: Heatran
|-supereffective|p1a: Heatran
|-damage|p1a: Heatran|22\/386
|move|p1a: Heatran|Roar|p2a: Diancie
|move|p2a: Diancie|Roar|p1a: Heatran|[from]Magic Bounce
|drag|p1a: Conkeldurr|Conkeldurr, F|372\/372
|-damage|p1a: Conkeldurr|349\/372|[from] Stealth Rock
|-damage|p1a: Conkeldurr|303\/372|[from] Spikes
|
|turn|9
|
|switch|p2a: Froslass|Froslass, F|164\/281
|move|p1a: Conkeldurr|Drain Punch|p2a: Froslass
|-immune|p2a: Froslass|[msg]
|
|turn|10
|
|move|p2a: Froslass|Spikes|p1a: Conkeldurr
|-sidestart|p1: guoguopi|Spikes
|move|p1a: Conkeldurr|Knock Off|p2a: Froslass
|-supereffective|p2a: Froslass
|-damage|p2a: Froslass|0 fnt
|-enditem|p2a: Froslass|Focus Sash|[from] move: Knock Off|[of] p1a: Conkeldurr
|faint|p2a: Froslass
|
|
|switch|p2a: easy game|Talonflame, M|297\/297
|turn|11
|
|switch|p1a: Rotom-Wash|Rotom-Wash|284\/303
|-damage|p1a: Rotom-Wash|247\/303|[from] Stealth Rock
|move|p2a: easy game|U-turn|p1a: Rotom-Wash
|-damage|p1a: Rotom-Wash|177\/303
|
|switch|p2a: Thundurus|Thundurus, M|299\/299
|
|-heal|p1a: Rotom-Wash|195\/303|[from] item: Leftovers
|turn|12
|
|move|p2a: Thundurus|Thunderbolt|p1a: Rotom-Wash
|-crit|p1a: Rotom-Wash
|-damage|p1a: Rotom-Wash|0 fnt
|-damage|p2a: Thundurus|270\/299|[from] item: Life Orb
|faint|p1a: Rotom-Wash
|
|
|switch|p1a: Venusaur|Venusaur, F|364\/364
|-damage|p1a: Venusaur|319\/364|[from] Stealth Rock
|-damage|p1a: Venusaur|259\/364|[from] Spikes
|turn|13
|
|detailschange|p1a: Venusaur|Venusaur-Mega, F
|-mega|p1a: Venusaur|Venusaur|Venusaurite
|move|p2a: Thundurus|Taunt|p1a: Venusaur
|-start|p1a: Venusaur|move: Taunt
|cant|p1a: Venusaur|move: Taunt|Sleep Powder
|
|turn|14
|
|switch|p2a: Bisharp|Bisharp, F|269\/269
|move|p1a: Venusaur|Sludge Bomb|p2a: Bisharp
|-immune|p2a: Bisharp|[msg]
|
|turn|15
|
|move|p2a: Bisharp|Swords Dance|p2a: Bisharp
|-boost|p2a: Bisharp|atk|2
|move|p1a: Venusaur|Giga Drain|p2a: Bisharp
|-resisted|p2a: Bisharp
|-damage|p2a: Bisharp|203\/269
|-heal|p1a: Venusaur|292\/364|[from] drain|[of] p2a: Bisharp
|
|-end|p1a: Venusaur|move: Taunt
|turn|16
|
|move|p2a: Bisharp|Iron Head|p1a: Venusaur
|-damage|p1a: Venusaur|68\/364
|-damage|p2a: Bisharp|177\/269|[from] item: Life Orb
|cant|p1a: Venusaur|flinch
|
|turn|17
|
|move|p2a: Bisharp|Iron Head|p1a: Venusaur
|-damage|p1a: Venusaur|0 fnt
|-damage|p2a: Bisharp|151\/269|[from] item: Life Orb
|faint|p1a: Venusaur
|
|
|switch|p1a: Gliscor|Gliscor, F|353\/353
|-damage|p1a: Gliscor|309\/353|[from] Stealth Rock
|turn|18
|
|move|p2a: Bisharp|Knock Off|p1a: Gliscor
|-damage|p1a: Gliscor|15\/353
|-enditem|p1a: Gliscor|Toxic Orb|[from] move: Knock Off|[of] p2a: Bisharp
|-damage|p2a: Bisharp|125\/269|[from] item: Life Orb
|move|p1a: Gliscor|Substitute|p1a: Gliscor
|-fail|p1a: Gliscor|move: Substitute|[weak]
|
|turn|19
|-message|guoguopi forfeited.
|
|win|maxilla
|raw|Ladder updating...
|leave|guoguopi
|player|p1
|raw|guoguopi's rating: 1328 &rarr; <strong>1311<\/strong><br \/>(-17 for losing)
|raw|maxilla's rating: 1388 &rarr; <strong>1404<\/strong><br \/>(+16 for winning)