|join|MoB Barley
|join|Yeah I'm Thankful
|player|p1|MoB Barley|161
|player|p2|Yeah I'm Thankful|126
|gametype|singles
|gen|6
|tier|OU
|clearpoke
|poke|p1|Mandibuzz, F, shiny
|poke|p1|Azumarill, M
|poke|p1|Breloom, M
|poke|p1|Latios, M
|poke|p1|Metagross, shiny
|poke|p1|Landorus, M
|poke|p2|Chansey, F
|poke|p2|Cresselia, F
|poke|p2|Skarmory, F
|poke|p2|Sableye, M
|poke|p2|Quagsire, M
|poke|p2|Keldeo
|rule|Swagger Clause: Swagger is banned
|rule|Baton Pass Clause: Limit one Pokémon knowing Baton Pass
|rule|Sleep Clause Mod: Limit one foe put to sleep
|rule|Species Clause: Limit one of each Pokémon
|rule|OHKO Clause: OHKO moves are banned
|rule|Moody Clause: Moody is banned
|rule|Evasion Moves Clause: Evasion moves are banned
|rule|Endless Battle Clause: Forcing endless battles is banned
|rule|HP Percentage Mod: HP is shown in percentages
|teampreview
|join|Demandred
|join|WaitTilYesterday
|join|Smash Monkey
|join|Vrin
|join|PragaSV
|join|DracoNinja
|join|gvybhujkn
|join|nielssenberg
|join|Doc.Potato
|join|Risky Chance
|join|Villager B
|join|TFL
|join|SwaggBoii
|join|FunkyCrackudoCat
|join|yaboyaids
|join|I Iike Squirtles
|join|Terra Olympus
|c| WaitTilYesterday|ewwwwwwww
|join|fix the ladder
|c| PragaSV|modchat please
|c|★MoB Barley|should brought the hydra
|leave|Terra Olympus
|c| fix the ladder|lel
|join|Deluxe Guy
|c| nielssenberg|lets get sweaty and wrestleeeee
|
|start
|switch|p1a: Landorus|Landorus, M|319\/319
|switch|p2a: Sableye|Sableye, M|304\/304
|turn|1
|c| Doc.Potato|voice meh
|c| FunkyCrackudoCat|modchat
|c| fix the ladder|haven't seen this stall team before
|
|switch|p2a: Cresselia|Cresselia, F|444\/444
|move|p1a: Landorus|Earth Power|p2a: Cresselia
|-immune|p2a: Cresselia|[msg]
|
|turn|2
|join|Mystialized
|c| fix the ladder|amiright guys
|join|rususpecttesting
|
|move|p1a: Landorus|Stealth Rock|p2a: Cresselia
|-sidestart|p2: Yeah I'm Thankful|move: Stealth Rock
|move|p2a: Cresselia|Toxic|p1a: Landorus
|-status|p1a: Landorus|tox
|
|-damage|p1a: Landorus|300\/319 tox|[from] psn
|turn|3
|join|RayDalio
|c| Doc.Potato|^
|
|switch|p1a: Latios|Latios, M|301\/301
|move|p2a: Cresselia|Psyshock|p1a: Latios
|-resisted|p1a: Latios
|-damage|p1a: Latios|257\/301
|
|turn|4
|c| Risky Chance|Keledeo over Clefable is interesting
|
|move|p1a: Latios|Trick|p2a: Cresselia
|-activate|p1a: Latios|move: Trick|[of] p2a: Cresselia
|-item|p2a: Cresselia|Choice Scarf|[from] move: Trick
|-item|p1a: Latios|Leftovers|[from] move: Trick
|move|p2a: Cresselia|Toxic|p1a: Latios
|-status|p1a: Latios|tox
|
|-heal|p1a: Latios|275\/301 tox|[from] item: Leftovers
|-damage|p1a: Latios|257\/301 tox|[from] psn
|turn|5
|join|only team testing
|c| PragaSV|kek
|join|Dements
|
|switch|p1a: Metagross|Metagross, shiny|301\/301
|switch|p2a: Quagsire|Quagsire, M|394\/394
|-damage|p2a: Quagsire|370\/394|[from] Stealth Rock
|
|-heal|p2a: Quagsire|394\/394|[from] item: Leftovers
|turn|6
|
|switch|p1a: Breloom|Breloom, M|261\/261
|move|p2a: Quagsire|Scald|p1a: Breloom
|-resisted|p1a: Breloom
|-damage|p1a: Breloom|210\/261
|
|turn|7
|join|Doc Sportello
|
|switch|p2a: Keldeo|Keldeo|386\/386
|-damage|p2a: Keldeo|362\/386|[from] Stealth Rock
|move|p1a: Breloom|Spore|p2a: Keldeo
|-status|p2a: Keldeo|slp
|
|-heal|p2a: Keldeo|386\/386 slp|[from] item: Leftovers
|turn|8
|c| PragaSV|GK?
|join|The Ess of Johan
|
|switch|p2a: Skarmory|Skarmory, F|334\/334
|-damage|p2a: Skarmory|293\/334|[from] Stealth Rock
|switch|p1a: Landorus|Landorus, M|300\/319 tox
|
|-damage|p1a: Landorus|281\/319 tox|[from] psn
|turn|9
|c| PragaSV|why u no run gk
|leave|SwaggBoii
|join|Leyn
|c|★MoB Barley|just a test team
|
|switch|p2a: Cresselia|Cresselia, F|444\/444
|-damage|p2a: Cresselia|389\/444|[from] Stealth Rock
|move|p1a: Landorus|Focus Blast|p2a: Cresselia
|-resisted|p2a: Cresselia
|-damage|p2a: Cresselia|323\/444
|
|-damage|p1a: Landorus|243\/319 tox|[from] psn
|turn|10
|join|Marcoco
|
|switch|p1a: Latios|Latios, M|257\/301 tox
|move|p2a: Cresselia|Psyshock|p1a: Latios
|-resisted|p1a: Latios
|-damage|p1a: Latios|209\/301 tox
|
|-heal|p1a: Latios|227\/301 tox|[from] item: Leftovers
|-damage|p1a: Latios|209\/301 tox|[from] psn
|turn|11
|c|★Yeah I'm Thankful|can i get my leftovers back please?
|
|move|p1a: Latios|Psyshock|p2a: Cresselia
|-resisted|p2a: Cresselia
|-damage|p2a: Cresselia|267\/444
|move|p2a: Cresselia|Psyshock|p1a: Latios
|-resisted|p1a: Latios
|-damage|p1a: Latios|165\/301 tox
|
|-heal|p1a: Latios|183\/301 tox|[from] item: Leftovers
|-damage|p1a: Latios|147\/301 tox|[from] psn
|turn|12
|
|switch|p1a: Mandibuzz|Mandibuzz, F, shiny|423\/423
|switch|p2a: Quagsire|Quagsire, M|394\/394
|-damage|p2a: Quagsire|370\/394|[from] Stealth Rock
|
|-heal|p2a: Quagsire|394\/394|[from] item: Leftovers
|turn|13
|c| fix the ladder|llllllllllllllllllllllllllllllllllllllllllllllllll
|leave|Villager B
|c| fix the ladder|eeeeeeeeeeeeeeeeeeeeeeee
|c| fix the ladder|llllllllllllllllllllllllllllllllllllllll
|c| WaitTilYesterday|modchat pls
|c| fix the ladder|lel
|
|switch|p1a: Latios|Latios, M|147\/301 tox
|switch|p2a: Sableye|Sableye, M|304\/304
|-damage|p2a: Sableye|266\/304|[from] Stealth Rock
|
|-heal|p1a: Latios|165\/301 tox|[from] item: Leftovers
|-damage|p1a: Latios|147\/301 tox|[from] psn
|turn|14
|c| I Iike Squirtles|I mean serperior breaks this team ez
|c| Doc.Potato|modchattttttttt
|c| fix the ladder|modchattttttt
|
|switch|p1a: Azumarill|Azumarill, M|401\/401
|switch|p2a: Cresselia|Cresselia, F|267\/444
|-damage|p2a: Cresselia|212\/444|[from] Stealth Rock
|
|turn|15
|c| Doc.Potato|modchattttttttt
|join|ANAL TISSUE
|
|move|p2a: Cresselia|Toxic|p1a: Azumarill
|-status|p1a: Azumarill|tox
|move|p1a: Azumarill|Play Rough|p2a: Cresselia
|-damage|p2a: Cresselia|50\/444
|
|-damage|p1a: Azumarill|376\/401 tox|[from] psn
|turn|16
|c| fix the ladder|modchattttttt
|join|Trafflaw
|join|c1one
|
|switch|p2a: Skarmory|Skarmory, F|293\/334
|-damage|p2a: Skarmory|252\/334|[from] Stealth Rock
|move|p1a: Azumarill|Knock Off|p2a: Skarmory
|-damage|p2a: Skarmory|167\/334
|-enditem|p2a: Skarmory|Shed Shell|[from] move: Knock Off|[of] p1a: Azumarill
|
|-damage|p1a: Azumarill|326\/401 tox|[from] psn
|turn|17
|leave|ANAL TISSUE
|c|★Yeah I'm Thankful|lel fuck
|c| nielssenberg|or riot
|c| Doc.Potato|modchattttttttt
|c| Doc.Potato|modchattttttttt
|leave|rususpecttesting
|
|switch|p1a: Mandibuzz|Mandibuzz, F, shiny|423\/423
|move|p2a: Skarmory|Roost|p2a: Skarmory
|-heal|p2a: Skarmory|334\/334
|
|turn|18
|c| fix the ladder|Mob chat amiright
|c| PragaSV|this skarm is annoying af
|
|move|p1a: Mandibuzz|Taunt|p2a: Skarmory
|-start|p2a: Skarmory|move: Taunt
|cant|p2a: Skarmory|move: Taunt|Spikes
|
|turn|19
|join|BeQuietTiffany
|c| PragaSV|oo
|c| Doc.Potato|lol
|
|switch|p1a: Metagross|Metagross, shiny|301\/301
|move|p2a: Skarmory|Counter|p1a: Metagross
|-fail|p1a: Metagross
|
|turn|20
|c| Doc.Potato|NOICE
|
|switch|p1a: Landorus|Landorus, M|243\/319 tox
|switch|p2a: Quagsire|Quagsire, M|394\/394
|-damage|p2a: Quagsire|370\/394|[from] Stealth Rock
|
|-heal|p2a: Quagsire|394\/394|[from] item: Leftovers
|-damage|p1a: Landorus|224\/319 tox|[from] psn
|turn|21
|c| Doc.Potato|ROCK polish
|c| Doc.Potato|tf
|
|move|p1a: Landorus|Earth Power|p2a: Quagsire
|-damage|p2a: Quagsire|16\/394
|move|p2a: Quagsire|Scald|p1a: Landorus
|-crit|p1a: Landorus
|-supereffective|p1a: Landorus
|-damage|p1a: Landorus|0 fnt
|faint|p1a: Landorus
|
|-heal|p2a: Quagsire|40\/394|[from] item: Leftovers
|c| PragaSV|cress incoming
|c| PragaSV|OOO
|
|switch|p1a: Metagross|Metagross, shiny|301\/301
|turn|22
|c| PragaSV|if it missing
|
|switch|p2a: Skarmory|Skarmory, F|334\/334
|-damage|p2a: Skarmory|293\/334|[from] Stealth Rock
|detailschange|p1a: Metagross|Metagross-Mega, shiny
|-mega|p1a: Metagross|Metagross|Metagrossite
|move|p1a: Metagross|Meteor Mash|p2a: Skarmory
|-resisted|p2a: Skarmory
|-damage|p2a: Skarmory|222\/334
|
|turn|23
|c| PragaSV|misses
|c| PragaSV|*
|join|Chillingtilnoon
|
|switch|p1a: Mandibuzz|Mandibuzz, F, shiny|423\/423
|move|p2a: Skarmory|Roost|p2a: Skarmory
|-heal|p2a: Skarmory|334\/334
|
|turn|24
|c| nielssenberg|reveal hp fire
|
|move|p1a: Mandibuzz|Taunt|p2a: Skarmory
|-start|p2a: Skarmory|move: Taunt
|move|p2a: Skarmory|Counter|p1a: Mandibuzz
|-fail|p1a: Mandibuzz
|
|turn|25
|
|move|p1a: Mandibuzz|Foul Play|p2a: Skarmory
|-damage|p2a: Skarmory|280\/334
|move|p2a: Skarmory|Counter|p1a: Mandibuzz
|-damage|p1a: Mandibuzz|315\/423
|-damage|p2a: Skarmory|225\/334|[from] item: Rocky Helmet|[of] p1a: Mandibuzz
|
|turn|26
|c| Doc.Potato|wasted spiked
|leave|DracoNinja
|leave|Leyn
|c| PragaSV|lol
|
|switch|p2a: Sableye|Sableye, M|266\/304
|-damage|p2a: Sableye|228\/304|[from] Stealth Rock
|move|p1a: Mandibuzz|Foul Play|p2a: Sableye
|-damage|p2a: Sableye|117\/304
|
|turn|27
|leave|Deluxe Guy
|c| fix the ladder|reveal counter counter
|c| Doc.Potato|nb
|c| PragaSV|OMG
|
|switch|p1a: Azumarill|Azumarill, M|326\/401 tox
|detailschange|p2a: Sableye|Sableye-Mega, M
|-mega|p2a: Sableye|Sableye|Sablenite
|move|p2a: Sableye|Knock Off|p1a: Azumarill
|-resisted|p1a: Azumarill
|-damage|p1a: Azumarill|266\/401 tox
|-enditem|p1a: Azumarill|Assault Vest|[from] move: Knock Off|[of] p2a: Sableye
|
|-damage|p1a: Azumarill|241\/401 tox|[from] psn
|turn|28
|c| PragaSV|physical sab
|c| Doc.Potato|dayum]
|c| Doc.Potato|:]
|c| PragaSV|skarm incoming
|
|switch|p1a: Latios|Latios, M|147\/301 tox
|switch|p2a: Skarmory|Skarmory, F|225\/334
|-damage|p2a: Skarmory|184\/334|[from] Stealth Rock
|
|-heal|p1a: Latios|165\/301 tox|[from] item: Leftovers
|-damage|p1a: Latios|147\/301 tox|[from] psn
|turn|29
|c| fix the ladder|hp fire
|
|move|p1a: Latios|Thunderbolt|p2a: Skarmory
|-supereffective|p2a: Skarmory
|-damage|p2a: Skarmory|0 fnt
|faint|p2a: Skarmory
|
|-heal|p1a: Latios|165\/301 tox|[from] item: Leftovers
|-damage|p1a: Latios|129\/301 tox|[from] psn
|c| fix the ladder|:O
|
|switch|p2a: Sableye|Sableye-Mega, M|117\/304
|-damage|p2a: Sableye|79\/304|[from] Stealth Rock
|turn|30
|c| Doc.Potato|nice
|c| fix the ladder|even better
|c| TFL|ooooooo
|
|move|p1a: Latios|Draco Meteor|p2a: Sableye
|-damage|p2a: Sableye|0 fnt
|-unboost|p1a: Latios|spa|2
|faint|p2a: Sableye
|
|-heal|p1a: Latios|147\/301 tox|[from] item: Leftovers
|-damage|p1a: Latios|93\/301 tox|[from] psn
|c| Doc.Potato|i usually rin surf w\/ lati
|c| fix the ladder|TOP KEKEKE
|c| nielssenberg|DICK SNEEZE
|c|★Yeah I'm Thankful|yo after this
|c| PragaSV|LO Lati> any lati
|join|lawzooo
|
|switch|p2a: Chansey|Chansey, F|704\/704
|-damage|p2a: Chansey|616\/704|[from] Stealth Rock
|turn|31
|
|switch|p1a: Mandibuzz|Mandibuzz, F, shiny|315\/423
|switch|p2a: Cresselia|Cresselia, F|50\/444
|-damage|p2a: Cresselia|0 fnt|[from] Stealth Rock
|faint|p2a: Cresselia
|
|c| PragaSV|but trick is a thing
|
|switch|p2a: Keldeo|Keldeo|386\/386 slp
|-damage|p2a: Keldeo|362\/386 slp|[from] Stealth Rock
|turn|32
|leave|Yeah I'm Thankful
|player|p2
|c| fix the ladder|gg fgt
|c| PragaSV|gg
|c| Doc.Potato|lol
|c| The Ess of Johan|r00d
|leave|Mystialized
|join|I'm Virus (~'o')~
|-message|MoB Barley forfeited.
|
|win|Yeah I'm Thankful
|leave|Risky Chance
|leave|MoB Barley
|player|p1
|leave|only team testing
|c| Doc.Potato|??????????????????
|leave|Smash Monkey
|join|Alkov
|join|6 agility
|leave|FunkyCrackudoCat
|leave|Doc.Potato
|leave|c1one
|join|Biz
|leave|yaboyaids
|leave|BeQuietTiffany
|leave|The Ess of Johan
|leave|Marcoco
|leave|WaitTilYesterday
|c| nielssenberg|MOB POOPYHEAD
|leave|Vrin
|leave|TFL
|leave|gvybhujkn
|join|Gocowboys
|join|fimbu1vetr
|leave|Demandred
|leave|I'm Virus (~'o')~
|leave|Gocowboys
|leave|PragaSV