|join|MoB Barley
|join|FredRules
|player|p1|MoB Barley|161
|player|p2|FredRules|2
|gametype|singles
|gen|6
|tier|OU
|rated
|clearpoke
|poke|p1|Victini
|poke|p1|Keldeo-Resolute
|poke|p1|Bisharp, M, shiny
|poke|p1|Lopunny, F, shiny
|poke|p1|Azumarill, M
|poke|p1|Latios, M
|poke|p2|Smeargle, M
|poke|p2|Gardevoir, F
|poke|p2|Bisharp, M
|poke|p2|Rotom-Wash
|poke|p2|Talonflame, M
|poke|p2|Breloom, F
|rule|Swagger Clause: Swagger is banned
|rule|Baton Pass Clause: Limit one Pokémon knowing Baton Pass
|rule|Sleep Clause Mod: Limit one foe put to sleep
|rule|Species Clause: Limit one of each Pokémon
|rule|OHKO Clause: OHKO moves are banned
|rule|Moody Clause: Moody is banned
|rule|Evasion Moves Clause: Evasion moves are banned
|rule|Endless Battle Clause: Forcing endless battles is banned
|rule|HP Percentage Mod: HP is shown in percentages
|teampreview
|join|Dark380
|join|Squirrelll
|
|start
|switch|p1a: Pwny|Keldeo-Resolute|323\/323
|switch|p2a: Rotom-Wash|Rotom-Wash|303\/303
|turn|1
|
|move|p1a: Pwny|Secret Sword|p2a: Rotom-Wash
|-crit|p2a: Rotom-Wash
|-damage|p2a: Rotom-Wash|125\/303
|move|p2a: Rotom-Wash|Volt Switch|p1a: Pwny
|-supereffective|p1a: Pwny
|-damage|p1a: Pwny|135\/323
|join|dsafsdafsdfa
|
|switch|p2a: Talonflame|Talonflame, M|297\/297
|
|turn|2
|join|sdfklmsx
|
|move|p2a: Talonflame|Brave Bird|p1a: Pwny
|-supereffective|p1a: Pwny
|-damage|p1a: Pwny|0 fnt
|-damage|p2a: Talonflame|252\/297|[from] recoil|[of] p1a: Pwny
|faint|p1a: Pwny
|
|join|htgbrvfcads
|
|switch|p1a: Prioritize|Bisharp, M, shiny|271\/271
|turn|3
|
|move|p2a: Talonflame|Flare Blitz|p1a: Prioritize
|-supereffective|p1a: Prioritize
|-enditem|p1a: Prioritize|Focus Sash
|-damage|p1a: Prioritize|1\/271
|-damage|p2a: Talonflame|163\/297|[from] recoil|[of] p1a: Prioritize
|move|p1a: Prioritize|Stealth Rock|p2a: Talonflame
|-sidestart|p2: FredRules|move: Stealth Rock
|
|turn|4
|
|move|p2a: Talonflame|Brave Bird|p1a: Prioritize
|-resisted|p1a: Prioritize
|-damage|p1a: Prioritize|0 fnt
|-damage|p2a: Talonflame|162\/297|[from] recoil|[of] p1a: Prioritize
|faint|p1a: Prioritize
|
|join|Fabio96
|c| dsafsdafsdfa|mob ur getting thrashed by this crappy team
|
|switch|p1a: Water Bomb|Azumarill, M|360\/360
|turn|5
|leave|sdfklmsx
|c|★MoB Barley|its over when its over
|c| dsafsdafsdfa|is this ladder?
|
|move|p2a: Talonflame|Brave Bird|p1a: Water Bomb
|-damage|p1a: Water Bomb|146\/360
|-damage|p2a: Talonflame|91\/297|[from] recoil|[of] p1a: Water Bomb
|-enditem|p1a: Water Bomb|Sitrus Berry|[eat]
|-heal|p1a: Water Bomb|236\/360|[from] item: Sitrus Berry
|move|p1a: Water Bomb|Play Rough|p2a: Talonflame
|-crit|p2a: Talonflame
|-resisted|p2a: Talonflame
|-damage|p2a: Talonflame|0 fnt
|faint|p2a: Talonflame
|
|c|★MoB Barley|yes
|
|switch|p2a: Breloom|Breloom, F|261\/261
|-damage|p2a: Breloom|245\/261|[from] Stealth Rock
|turn|6
|c|★MoB Barley|not dealing with sash breloom\/smeargle
|c| dsafsdafsdfa|lol
|join|Murkrow Jupiter
|
|switch|p1a: AC130|Latios, M|301\/301
|move|p2a: Breloom|Spore|p1a: AC130
|-status|p1a: AC130|slp
|
|turn|7
|
|cant|p1a: AC130|slp
|move|p2a: Breloom|Rock Tomb|p1a: AC130
|-damage|p1a: AC130|153\/301 slp
|-unboost|p1a: AC130|spe|1
|
|turn|8
|
|move|p2a: Breloom|Rock Tomb|p1a: AC130
|-damage|p1a: AC130|16\/301 slp
|-unboost|p1a: AC130|spe|1
|cant|p1a: AC130|slp
|
|turn|9
|join|Ill leave
|
|switch|p1a: Destructo Disk|Victini|341\/341
|move|p2a: Breloom|Rock Tomb|p1a: Destructo Disk
|-supereffective|p1a: Destructo Disk
|-damage|p1a: Destructo Disk|89\/341
|-unboost|p1a: Destructo Disk|spe|1
|
|turn|10
|c|★MoB Barley|fuck man
|c|★MoB Barley|too high for this shit
|
|switch|p2a: Rotom-Wash|Rotom-Wash|125\/303
|-damage|p2a: Rotom-Wash|88\/303|[from] Stealth Rock
|move|p1a: Destructo Disk|U-turn|p2a: Rotom-Wash
|-damage|p2a: Rotom-Wash|3\/303
|join|A2tehBR
|c| dsafsdafsdfa|dat roll tho
|
|switch|p1a: Playboy|Lopunny, F, shiny|271\/271
|
|-heal|p2a: Rotom-Wash|21\/303|[from] item: Leftovers
|turn|11
|join|CleanerThanRotom-W
|c|★MoB Barley|itbh
|c|★MoB Barley|tbh
|c|★MoB Barley|i think lop wins
|
|detailschange|p1a: Playboy|Lopunny-Mega, F, shiny
|-mega|p1a: Playboy|Lopunny|Lopunnite
|move|p1a: Playboy|Return|p2a: Rotom-Wash
|-crit|p2a: Rotom-Wash
|-damage|p2a: Rotom-Wash|0 fnt
|faint|p2a: Rotom-Wash
|
|c| Ill leave|how much does mach do
|join|Forums Testing
|leave|CleanerThanRotom-W
|c| A2tehBR|LO ohkos
|c| dsafsdafsdfa|252 Atk Mega Lopunny Return vs. 0 HP \/ 24 Def Mega Gardevoir: 237-279 (85.5 - 100.7%) -- 6.3% chance to OHKO
|
|switch|p2a: Breloom|Breloom, F|245\/261
|-damage|p2a: Breloom|229\/261|[from] Stealth Rock
|turn|12
|join|Omegasization
|join|CleanerThanRotom-W
|leave|CleanerThanRotom-W
|c| dsafsdafsdfa|252 Atk Technician Breloom Mach Punch vs. 0 HP \/ 4 Def Mega Lopunny: 206-246 (76 - 90.7%) -- guaranteed 2HKO
|join|TCBB
|c| Ill leave|mhm ty
|c|★MoB Barley|252+ Atk Technician Breloom Mach Punch vs. 0 HP \/ 0 Def Lopunny: 228-270 (84.1 - 99.6%) -- guaranteed 2HKO
|c| Ill leave|ah interesting
|c| dsafsdafsdfa|he's adamant?
|
|switch|p1a: AC130|Latios, M|16\/301 slp
|move|p2a: Breloom|Mach Punch|p1a: AC130
|-resisted|p1a: AC130
|-damage|p1a: AC130|0 fnt
|faint|p1a: AC130
|
|c| dsafsdafsdfa|isnt sash always jolly
|c|★MoB Barley|he could be
|c| dsafsdafsdfa|for mamo
|c|★MoB Barley|its just to show
|c| A2tehBR|...
|c| A2tehBR|mamo is jolly usually
|c| A2tehBR|why would jolly loom beat that
|c| Squirrelll|youd assume he has the strongest mach punch in that scenario
|c|★MoB Barley|^
|join|CleanerThanRotom-W
|c|★MoB Barley|squirrel gets it
|
|switch|p1a: Destructo Disk|Victini|89\/341
|turn|13
|c| dsafsdafsdfa|mach punch is faster than ice shard
|c| A2tehBR|...
|c| dsafsdafsdfa|if mamo is ada
|c| A2tehBR|mamo wont b ada
|
|switch|p2a: Smeargle|Smeargle, M|313\/313
|-damage|p2a: Smeargle|274\/313|[from] Stealth Rock
|move|p1a: Destructo Disk|U-turn|p2a: Smeargle
|-damage|p2a: Smeargle|35\/313
|c| Ill leave|adament mamo is power
|join|Appreciation
|c|★MoB Barley|squirrel what do u think
|leave|Appreciation
|c|★MoB Barley|lop or azu
|c| A2tehBR|dont u have to go lop
|c| Ill leave|n
|c|★MoB Barley|he's just gonna run to breloom
|
|switch|p1a: Playboy|Lopunny-Mega, F, shiny|271\/271
|
|turn|14
|
|move|p1a: Playboy|Return|p2a: Smeargle
|-damage|p2a: Smeargle|0 fnt
|faint|p2a: Smeargle
|
|c| dsafsdafsdfa|sash smeargle
|c| dsafsdafsdfa|string shot
|c| A2tehBR|i think u lose
|join|Justin T1
|c|★MoB Barley|nope
|c|★MoB Barley|ik how this is going down
|c| dsafsdafsdfa|how does he lose lol
|c|★MoB Barley|i got it
|
|switch|p2a: Breloom|Breloom, F|229\/261
|-damage|p2a: Breloom|213\/261|[from] Stealth Rock
|turn|15
|c| Ill leave|i mean either way you have to have lope and tini
|c| dsafsdafsdfa|50\/50
|c|★MoB Barley|im good
|c| A2tehBR|its not a 50 50
|c| A2tehBR|fred wins
|join|chiquita banana
|c| dsafsdafsdfa|tomb or mach
|c|★MoB Barley|a2tehbr
|
|move|p2a: Breloom|Mach Punch|p1a: Playboy
|-supereffective|p1a: Playboy
|-damage|p1a: Playboy|31\/271
|move|p1a: Playboy|Return|p2a: Breloom
|-damage|p2a: Breloom|0 fnt
|faint|p2a: Breloom
|
|c|★MoB Barley|gonna prove u wrong
|c| Ill leave|mob
|c| A2tehBR|doesnt bish win now
|c| Ill leave|how do you beat bish
|c|★MoB Barley|about to get fucked
|c| htgbrvfcads|yes
|
|switch|p2a: Bisharp|Bisharp, M|271\/271
|-damage|p2a: Bisharp|255\/271|[from] Stealth Rock
|turn|16
|c| Ill leave|lol
|join|RayDalio
|c| A2tehBR|wait
|c| A2tehBR|r u
|join|Appreciation
|c| Ill leave|shoulda sacked azu
|c| Ill leave|then v created
|c|★MoB Barley|ur all nub
|c| A2tehBR|ah is this
|c|★MoB Barley|this is why
|
|switch|p1a: Destructo Disk|Victini|89\/341
|move|p2a: Bisharp|Swords Dance|p2a: Bisharp
|-boost|p2a: Bisharp|atk|2
|
|turn|17
|c| Ill leave|ok
|c| Dark380|lmao
|c| A2tehBR|that was
|leave|TCBB
|c| dsafsdafsdfa|?
|c| Ill leave|wut
|c| A2tehBR|so unnecessary
|c| A2tehBR|lmao
|c| Dark380|why
|c| htgbrvfcads|that was the worst play u cuda made @fred
|
|move|p2a: Bisharp|Sucker Punch|p1a: Destructo Disk
|-fail|p1a: Destructo Disk
|move|p1a: Destructo Disk|Trick|p2a: Bisharp
|-activate|p1a: Destructo Disk|move: Trick|[of] p2a: Bisharp
|-item|p2a: Bisharp|Choice Band|[from] move: Trick
|-item|p1a: Destructo Disk|Life Orb|[from] move: Trick
|
|turn|18
|c|★MoB Barley|your all dumb noobs
|c| dsafsdafsdfa|mob go home ur drunk
|c|★FredRules|azumarrill im not sure
|c| Squirrelll|uhhh
|c| dsafsdafsdfa|LOL
|c| Squirrelll|nice
|c| Murkrow Jupiter|#**FREDRULES**
|c| Ill leave|mob youre so good
|c| A2tehBR|why
|c| A2tehBR|mob
|c| Murkrow Jupiter|that is all
|c| A2tehBR|why didnt u sack azu
|c| chiquita banana|u didnt u knock off on switch lol
|c|★MoB Barley|ur all bad
|c|★MoB Barley|i played it eprfectly
|c| Ill leave|he wins now
|c| Squirrelll|if he didnt sucker he lost
|c| Ill leave|he played it right
|c| A2tehBR|lol
|c| chiquita banana|i wasnt talkin 2 u
|c| A2tehBR|if he predicted anything
|c| A2tehBR|why wouldnt he knock
|c| Squirrelll|but i guess he SDed so with that logic he shoulda atk'ed lol
|c| A2tehBR|sd made no sense
|
|switch|p1a: Water Bomb|Azumarill, M|236\/360
|move|p2a: Bisharp|Sucker Punch|p1a: Water Bomb
|-fail|p1a: Water Bomb
|
|turn|19
|c| Murkrow Jupiter|now mob can jus switch out i think ftw
|c| dsafsdafsdfa|bd
|c|★MoB Barley|★MoB Barley: i got it
|c| A2tehBR|he actually suckered
|leave|Justin T1
|leave|htgbrvfcads
|c| Appreciation|suckering was right
|c| Appreciation|jk
|c| dsafsdafsdfa|bddddd
|c| Appreciation|LKAHAHHAAHHAAH
|
|switch|p1a: Playboy|Lopunny-Mega, F, shiny|31\/271
|move|p2a: Bisharp|Sucker Punch|p1a: Playboy
|-fail|p1a: Playboy
|
|turn|20
|c| Murkrow Jupiter|lmao
|c| chiquita banana|he pridicted switch but used rong move lel
|c| Murkrow Jupiter|problem el solved
|
|switch|p1a: Water Bomb|Azumarill, M|236\/360
|move|p2a: Bisharp|Sucker Punch|p1a: Water Bomb
|-fail|p1a: Water Bomb
|
|turn|21
|c| chiquita banana|banded +2 struggle wins
|
|switch|p1a: Playboy|Lopunny-Mega, F, shiny|31\/271
|move|p2a: Bisharp|Sucker Punch|p1a: Playboy
|-fail|p1a: Playboy
|
|turn|22
|c|★MoB Barley|banded struggle is outspe
|c|★MoB Barley|fool
|c|★MoB Barley|XDDD
|c| Squirrelll|dont let lop take the struggle lol
|c| A2tehBR|^
|c| chiquita banana|no u will accidently click fake out
|
|switch|p1a: Water Bomb|Azumarill, M|236\/360
|move|p2a: Bisharp|Sucker Punch|p1a: Water Bomb
|-fail|p1a: Water Bomb
|
|turn|23
|c| dsafsdafsdfa|hjk miss
|c|★MoB Barley|victini wins
|c| A2tehBR|pls count right
|c| A2tehBR|nah dude
|join|Kimio
|c| Appreciation|he didnt even predict the switch to azu
|c| Appreciation|and went garde................................
|c| Appreciation|noob imo
|
|switch|p2a: Gardevoir|Gardevoir, F|277\/277
|-damage|p2a: Gardevoir|243\/277|[from] Stealth Rock
|switch|p1a: Destructo Disk|Victini|89\/341
|
|turn|24
|c| Appreciation|WOAH!
|c| A2tehBR|wait
|c| dsafsdafsdfa|uh
|c| Appreciation|w-wont help u tho..
|c| chiquita banana|scarf gard gg
|c| A2tehBR|^
|join|htgbrvfcads
|
|detailschange|p2a: Gardevoir|Gardevoir-Mega, F
|-mega|p2a: Gardevoir|Gardevoir|Gardevoirite
|move|p1a: Destructo Disk|V-create|p2a: Gardevoir
|-damage|p2a: Gardevoir|0 fnt
|-unboost|p1a: Destructo Disk|def|1
|-unboost|p1a: Destructo Disk|spd|1
|-unboost|p1a: Destructo Disk|spe|1
|-damage|p1a: Destructo Disk|55\/341|[from] item: Life Orb
|faint|p2a: Gardevoir
|
|c| Murkrow Jupiter|lmao
|c| Squirrelll|wait how did that outspeed
|c| dsafsdafsdfa|if u tricked bish a scarf
|-message|FredRules forfeited.
|c| dsafsdafsdfa|that'd be funny
|leave|FredRules
|c|★MoB Barley|the comeback
|leave|A2tehBR
|c|★MoB Barley|was real af
|c| Appreciation|its 100 baspe speed noob
|
|switch|p2a: Bisharp|Bisharp, M|255\/271
|-damage|p2a: Bisharp|239\/271|[from] Stealth Rock
|turn|25
|leave|Appreciation
|
|win|MoB Barley
|raw|Ladder updating...
|player|p2
|c| chiquita banana|mispley 2 stronk
|raw|MoB Barley's rating: 1844 &rarr; <strong>1850<\/strong><br \/>(+6 for winning)
|raw|FredRules's rating: 1547 &rarr; <strong>1541<\/strong><br \/>(-6 for losing)