|join|RhymeBeat
|join|Win Conditioner
|player|p1|RhymeBeat|249
|player|p2|Win Conditioner|288
|gametype|singles
|gen|6
|tier|OU
|rated
|clearpoke
|poke|p1|Lopunny, F
|poke|p1|Kingdra, F
|poke|p1|Arcanine, M
|poke|p1|Bisharp, F
|poke|p1|Togekiss, M
|poke|p1|Nidoking, M
|poke|p2|Bisharp, F
|poke|p2|Venusaur, F
|poke|p2|Heatran, M
|poke|p2|Keldeo
|poke|p2|Chansey, F
|poke|p2|Skarmory, M
|rule|Swagger Clause: Swagger is banned
|rule|Baton Pass Clause: Limit one Pokémon knowing Baton Pass
|rule|Sleep Clause Mod: Limit one foe put to sleep
|rule|Species Clause: Limit one of each Pokémon
|rule|OHKO Clause: OHKO moves are banned
|rule|Moody Clause: Moody is banned
|rule|Evasion Moves Clause: Evasion moves are banned
|rule|Endless Battle Clause: Forcing endless battles is banned
|rule|HP Percentage Mod: HP is shown in percentages
|teampreview
|
|start
|switch|p1a: Asami|Lopunny, F|272\/272
|switch|p2a: Heatran|Heatran, M|386\/386
|-item|p2a: Heatran|Air Balloon
|turn|1
|
|switch|p2a: Venusaur|Venusaur, F|364\/364
|detailschange|p1a: Asami|Lopunny-Mega, F
|message|Lopunny has Mega Evolved into Mega Lopunny!
|move|p1a: Asami|Fake Out|p2a: Venusaur
|-damage|p2a: Venusaur|306\/364
|
|turn|2
|
|switch|p1a: Lin Bei Fong|Bisharp, F|334\/334
|detailschange|p2a: Venusaur|Venusaur-Mega, F
|message|Venusaur has Mega Evolved into Mega Venusaur!
|move|p2a: Venusaur|Giga Drain|p1a: Lin Bei Fong
|-resisted|p1a: Lin Bei Fong
|-damage|p1a: Lin Bei Fong|266\/334
|-heal|p2a: Venusaur|340\/364|[from] drain|[of] p1a: Lin Bei Fong
|
|turn|3
|
|move|p2a: Venusaur|Hidden Power|p1a: Lin Bei Fong
|-supereffective|p1a: Lin Bei Fong
|-damage|p1a: Lin Bei Fong|122\/334
|move|p1a: Lin Bei Fong|Swords Dance|p1a: Lin Bei Fong
|-boost|p1a: Lin Bei Fong|atk|2
|
|turn|4
|
|move|p1a: Lin Bei Fong|Sucker Punch|p2a: Venusaur
|-damage|p2a: Venusaur|151\/364
|move|p2a: Venusaur|Hidden Power|p1a: Lin Bei Fong
|-crit|p1a: Lin Bei Fong
|-supereffective|p1a: Lin Bei Fong
|-damage|p1a: Lin Bei Fong|0 fnt
|faint|p1a: Lin Bei Fong
|
|
|switch|p1a: Tenzin|Togekiss, M|374\/374
|turn|5
|
|switch|p2a: Heatran|Heatran, M|386\/386
|-item|p2a: Heatran|Air Balloon
|move|p1a: Tenzin|Air Slash|p2a: Heatran
|-resisted|p2a: Heatran
|-damage|p2a: Heatran|325\/386
|-enditem|p2a: Heatran|Air Balloon
|
|turn|6
|
|switch|p1a: Bolin|Nidoking, M|366\/366
|move|p2a: Heatran|Stealth Rock|p1a: Bolin
|-sidestart|p1: RhymeBeat|move: Stealth Rock
|
|turn|7
|
|switch|p2a: Chansey|Chansey, F|704\/704
|move|p1a: Bolin|Earth Power|p2a: Chansey
|-damage|p2a: Chansey|601\/704
|
|turn|8
|
|switch|p1a: Mako|Arcanine, M|374\/374
|-damage|p1a: Mako|281\/374|[from] Stealth Rock
|-ability|p1a: Mako|Intimidate|[of] p2a: Chansey
|-unboost|p2a: Chansey|atk|1
|move|p2a: Chansey|Seismic Toss|p1a: Mako
|-damage|p1a: Mako|181\/374
|
|turn|9
|
|move|p1a: Mako|Close Combat|p2a: Chansey
|-supereffective|p2a: Chansey
|-damage|p2a: Chansey|149\/704
|-unboost|p1a: Mako|def|1
|-unboost|p1a: Mako|spd|1
|-damage|p1a: Mako|144\/374|[from] item: Life Orb
|move|p2a: Chansey|Seismic Toss|p1a: Mako
|-damage|p1a: Mako|44\/374
|
|turn|10
|
|switch|p2a: Heatran|Heatran, M|325\/386
|move|p1a: Mako|Close Combat|p2a: Heatran
|-supereffective|p2a: Heatran
|-damage|p2a: Heatran|0 fnt
|-unboost|p1a: Mako|def|1
|-unboost|p1a: Mako|spd|1
|-damage|p1a: Mako|7\/374|[from] item: Life Orb
|faint|p2a: Heatran
|
|
|switch|p2a: Keldeo|Keldeo|323\/323
|turn|11
|
|move|p1a: Mako|Extreme Speed|p2a: Keldeo
|-damage|p2a: Keldeo|198\/323
|-damage|p1a: Mako|0 fnt|[from] item: Life Orb
|faint|p1a: Mako
|move|p2a: Keldeo|Scald|p1: Mako|[notarget]
|-notarget
|
|-heal|p2a: Keldeo|218\/323|[from] item: Leftovers
|
|switch|p1a: Asami|Lopunny-Mega, F|272\/272
|-damage|p1a: Asami|255\/272|[from] Stealth Rock
|turn|12
|
|switch|p2a: Skarmory|Skarmory, M|334\/334
|move|p1a: Asami|Fake Out|p2a: Skarmory
|-resisted|p2a: Skarmory
|-damage|p2a: Skarmory|309\/334
|-damage|p1a: Asami|210\/272|[from] item: Rocky Helmet|[of] p2a: Skarmory
|
|turn|13
|
|switch|p1a: Bolin|Nidoking, M|366\/366
|-damage|p1a: Bolin|344\/366|[from] Stealth Rock
|move|p2a: Skarmory|Spikes|p1a: Bolin
|-sidestart|p1: RhymeBeat|Spikes
|
|turn|14
|
|switch|p2a: Keldeo|Keldeo|218\/323
|move|p1a: Bolin|Flamethrower|p2a: Keldeo
|-resisted|p2a: Keldeo
|-damage|p2a: Keldeo|160\/323
|
|-heal|p2a: Keldeo|180\/323|[from] item: Leftovers
|turn|15
|
|switch|p1a: Korra|Kingdra, F|354\/354
|-damage|p1a: Korra|310\/354|[from] Spikes
|-damage|p1a: Korra|266\/354|[from] Stealth Rock
|move|p2a: Keldeo|Scald|p1a: Korra
|-resisted|p1a: Korra
|-damage|p1a: Korra|232\/354
|
|-heal|p2a: Keldeo|200\/323|[from] item: Leftovers
|turn|16
|
|move|p2a: Keldeo|Secret Sword|p1a: Korra
|-crit|p1a: Korra
|-damage|p1a: Korra|0 fnt
|faint|p1a: Korra
|
|-heal|p2a: Keldeo|220\/323|[from] item: Leftovers
|
|switch|p1a: Tenzin|Togekiss, M|374\/374
|-damage|p1a: Tenzin|281\/374|[from] Stealth Rock
|turn|17
|
|switch|p2a: Bisharp|Bisharp, F|324\/324
|move|p1a: Tenzin|Air Slash|p2a: Bisharp
|-resisted|p2a: Bisharp
|-damage|p2a: Bisharp|227\/324
|
|-heal|p1a: Tenzin|304\/374|[from] item: Leftovers
|-heal|p2a: Bisharp|247\/324|[from] item: Leftovers
|turn|18
|
|move|p1a: Tenzin|Aura Sphere|p2a: Bisharp
|-supereffective|p2a: Bisharp
|-damage|p2a: Bisharp|0 fnt
|faint|p2a: Bisharp
|
|-heal|p1a: Tenzin|327\/374|[from] item: Leftovers
|
|switch|p2a: Keldeo|Keldeo|220\/323
|turn|19
|
|move|p2a: Keldeo|Calm Mind|p2a: Keldeo
|-boost|p2a: Keldeo|spa|1
|-boost|p2a: Keldeo|spd|1
|move|p1a: Tenzin|Air Slash|p2a: Keldeo
|-supereffective|p2a: Keldeo
|-damage|p2a: Keldeo|32\/323
|
|-heal|p2a: Keldeo|52\/323|[from] item: Leftovers
|-heal|p1a: Tenzin|350\/374|[from] item: Leftovers
|turn|20
|
|move|p2a: Keldeo|Scald|p1a: Tenzin
|-damage|p1a: Tenzin|163\/374
|move|p1a: Tenzin|Air Slash|p2a: Keldeo
|-supereffective|p2a: Keldeo
|-damage|p2a: Keldeo|0 fnt
|faint|p2a: Keldeo
|
|-heal|p1a: Tenzin|186\/374|[from] item: Leftovers
|
|switch|p2a: Skarmory|Skarmory, M|309\/334
|turn|21
|
|move|p1a: Tenzin|Nasty Plot|p1a: Tenzin
|-boost|p1a: Tenzin|spa|2
|move|p2a: Skarmory|Whirlwind|p1a: Tenzin
|drag|p1a: Asami|Lopunny-Mega, F|210\/272
|-damage|p1a: Asami|193\/272|[from] Stealth Rock
|-damage|p1a: Asami|159\/272|[from] Spikes
|
|turn|22
|
|move|p1a: Asami|High Jump Kick|p2a: Skarmory
|-damage|p2a: Skarmory|158\/334
|-damage|p1a: Asami|114\/272|[from] item: Rocky Helmet|[of] p2a: Skarmory
|move|p2a: Skarmory|Brave Bird|p1a: Asami
|-supereffective|p1a: Asami
|-damage|p1a: Asami|0 fnt
|-damage|p2a: Skarmory|120\/334|[from] recoil|[of] p1a: Asami
|faint|p1a: Asami
|
|
|switch|p1a: Bolin|Nidoking, M|344\/366
|-damage|p1a: Bolin|299\/366|[from] Spikes
|-damage|p1a: Bolin|277\/366|[from] Stealth Rock
|turn|23
|
|move|p1a: Bolin|Flamethrower|p2a: Skarmory
|-supereffective|p2a: Skarmory
|-damage|p2a: Skarmory|0 fnt
|faint|p2a: Skarmory
|
|
|switch|p2a: Chansey|Chansey, F|149\/704
|turn|24
|
|move|p1a: Bolin|Sludge Wave|p2a: Chansey
|-damage|p2a: Chansey|23\/704
|move|p2a: Chansey|Soft-Boiled|p2a: Chansey
|-heal|p2a: Chansey|375\/704
|
|turn|25
|
|switch|p1a: Tenzin|Togekiss, M|186\/374
|-damage|p1a: Tenzin|93\/374|[from] Stealth Rock
|move|p2a: Chansey|Soft-Boiled|p2a: Chansey
|-heal|p2a: Chansey|704\/704
|
|-heal|p1a: Tenzin|116\/374|[from] item: Leftovers
|turn|26
|
|move|p1a: Tenzin|Nasty Plot|p1a: Tenzin
|-boost|p1a: Tenzin|spa|2
|move|p2a: Chansey|Seismic Toss|p1a: Tenzin
|-damage|p1a: Tenzin|16\/374
|
|-heal|p1a: Tenzin|39\/374|[from] item: Leftovers
|turn|27
|
|move|p1a: Tenzin|Air Slash|p2a: Chansey
|-crit|p2a: Chansey
|-damage|p2a: Chansey|425\/704
|cant|p2a: Chansey|flinch
|
|-heal|p1a: Tenzin|62\/374|[from] item: Leftovers
|turn|28
|
|move|p1a: Tenzin|Air Slash|p2a: Chansey
|-damage|p2a: Chansey|238\/704
|cant|p2a: Chansey|flinch
|
|-heal|p1a: Tenzin|85\/374|[from] item: Leftovers
|turn|29
|c|★Win Conditioner|cool
|
|move|p1a: Tenzin|Air Slash|p2a: Chansey
|-damage|p2a: Chansey|69\/704
|cant|p2a: Chansey|flinch
|
|-heal|p1a: Tenzin|108\/374|[from] item: Leftovers
|turn|30
|c|★Win Conditioner|jesus christ
|c|★RhymeBeat|Sorry;.
|c|★Win Conditioner|another shit battler with a shit team winning by hax
|c|★RhymeBeat|Serene Grace
|-message|Win Conditioner forfeited.
|
|win|RhymeBeat
|raw|Ladder updating...
|leave|Win Conditioner
|player|p2
|raw|RhymeBeat's rating: 1418 &rarr; <strong>1440<\/strong><br \/>(+22 for winning)
|raw|Win Conditioner's rating: 1441 &rarr; <strong>1420<\/strong><br \/>(-21 for losing)