|join|Win Conditioner
|join|Frankie Ruiz
|player|p1|Win Conditioner|102
|player|p2|Frankie Ruiz|1
|gametype|singles
|gen|6
|tier|OU
|rated
|clearpoke
|poke|p1|Scizor, F
|poke|p1|Breloom, M
|poke|p1|Kyurem-Black
|poke|p1|Keldeo
|poke|p1|Slowbro, M
|poke|p1|Empoleon, F
|poke|p2|Ferrothorn, F
|poke|p2|Vaporeon, F
|poke|p2|Zapdos
|poke|p2|Talonflame, M
|poke|p2|Gallade, M
|poke|p2|Hydreigon, F
|rule|Swagger Clause: Swagger is banned
|rule|Baton Pass Clause: Limit one Pokémon knowing Baton Pass
|rule|Sleep Clause Mod: Limit one foe put to sleep
|rule|Species Clause: Limit one of each Pokémon
|rule|OHKO Clause: OHKO moves are banned
|rule|Moody Clause: Moody is banned
|rule|Evasion Moves Clause: Evasion moves are banned
|rule|Endless Battle Clause: Forcing endless battles is banned
|rule|HP Percentage Mod: HP is shown in percentages
|teampreview
|
|start
|switch|p1a: Keldeo|Keldeo|324\/324
|switch|p2a: Talonflame|Talonflame, M|297\/297
|turn|1
|
|switch|p2a: Vaporeon|Vaporeon, F|449\/449
|move|p1a: Keldeo|Scald|p2a: Vaporeon
|-immune|p2a: Vaporeon|[msg]
|
|turn|2
|
|move|p1a: Keldeo|Substitute|p1a: Keldeo
|-start|p1a: Keldeo|Substitute
|-damage|p1a: Keldeo|243\/324
|move|p2a: Vaporeon|Scald|p1a: Keldeo
|-crit|p1a: Keldeo
|-resisted|p1a: Keldeo
|-end|p1a: Keldeo|Substitute
|
|-heal|p1a: Keldeo|263\/324|[from] item: Leftovers
|turn|3
|
|move|p1a: Keldeo|Substitute|p1a: Keldeo
|-start|p1a: Keldeo|Substitute
|-damage|p1a: Keldeo|182\/324
|move|p2a: Vaporeon|Scald|p1a: Keldeo
|-resisted|p1a: Keldeo
|-activate|p1a: Keldeo|Substitute|[damage]
|
|-heal|p1a: Keldeo|202\/324|[from] item: Leftovers
|turn|4
|
|move|p1a: Keldeo|Calm Mind|p1a: Keldeo
|-boost|p1a: Keldeo|spa|1
|-boost|p1a: Keldeo|spd|1
|move|p2a: Vaporeon|Scald|p1a: Keldeo
|-resisted|p1a: Keldeo
|-end|p1a: Keldeo|Substitute
|
|-heal|p1a: Keldeo|222\/324|[from] item: Leftovers
|turn|5
|
|switch|p2a: Gallade|Gallade, M|277\/277
|move|p1a: Keldeo|Substitute|p1a: Keldeo
|-start|p1a: Keldeo|Substitute
|-damage|p1a: Keldeo|141\/324
|
|-heal|p1a: Keldeo|161\/324|[from] item: Leftovers
|turn|6
|
|detailschange|p2a: Gallade|Gallade-Mega, M
|-mega|p2a: Gallade|Gallade|Galladite
|move|p1a: Keldeo|Scald|p2a: Gallade
|-damage|p2a: Gallade|88\/277
|move|p2a: Gallade|Zen Headbutt|p1a: Keldeo
|-supereffective|p1a: Keldeo
|-end|p1a: Keldeo|Substitute
|
|-heal|p1a: Keldeo|181\/324|[from] item: Leftovers
|turn|7
|
|switch|p1a: Slowbro|Slowbro, M|394\/394
|move|p2a: Gallade|Zen Headbutt|p1a: Slowbro
|-resisted|p1a: Slowbro
|-damage|p1a: Slowbro|333\/394
|
|-heal|p1a: Slowbro|357\/394|[from] item: Leftovers
|turn|8
|
|switch|p2a: Vaporeon|Vaporeon, F|449\/449
|move|p1a: Slowbro|Scald|p2a: Vaporeon
|-immune|p2a: Vaporeon|[msg]
|
|-heal|p1a: Slowbro|381\/394|[from] item: Leftovers
|turn|9
|
|switch|p2a: Ferrothorn|Ferrothorn, F|352\/352
|switch|p1a: Empoleon|Empoleon, F|372\/372
|
|turn|10
|
|move|p1a: Empoleon|Scald|p2a: Ferrothorn
|-resisted|p2a: Ferrothorn
|-damage|p2a: Ferrothorn|316\/352
|move|p2a: Ferrothorn|Stealth Rock|p1a: Empoleon
|-sidestart|p1: Win Conditioner|move: Stealth Rock
|
|-heal|p2a: Ferrothorn|338\/352|[from] item: Leftovers
|turn|11
|
|switch|p2a: Vaporeon|Vaporeon, F|449\/449
|move|p1a: Empoleon|Scald|p2a: Vaporeon
|-immune|p2a: Vaporeon|[msg]
|
|turn|12
|join|Mistaken
|
|move|p2a: Vaporeon|Wish|p2a: Vaporeon
|move|p1a: Empoleon|Defog|p2a: Vaporeon
|-unboost|p2a: Vaporeon|evasion|1
|-sideend|p1: Win Conditioner|Stealth Rock|[from] move: Defog|[of] p1a: Empoleon
|
|turn|13
|
|move|p2a: Vaporeon|Scald|p1a: Empoleon
|-resisted|p1a: Empoleon
|-damage|p1a: Empoleon|327\/372
|move|p1a: Empoleon|Roar|p2a: Vaporeon
|drag|p2a: Talonflame|Talonflame, M|297\/297
|
|-heal|p1a: Empoleon|350\/372|[from] item: Leftovers
|turn|14
|
|move|p2a: Talonflame|Substitute|p2a: Talonflame
|-start|p2a: Talonflame|Substitute
|-damage|p2a: Talonflame|223\/297
|move|p1a: Empoleon|Stealth Rock|p2a: Talonflame
|-sidestart|p2: Frankie Ruiz|move: Stealth Rock
|
|-heal|p2a: Talonflame|241\/297|[from] item: Leftovers
|-heal|p1a: Empoleon|372\/372|[from] item: Leftovers
|turn|15
|
|move|p2a: Talonflame|Flare Blitz|p1a: Empoleon
|-damage|p1a: Empoleon|236\/372
|-damage|p2a: Talonflame|196\/297|[from] recoil|[of] p1a: Empoleon
|move|p1a: Empoleon|Roar|p2a: Talonflame
|drag|p2a: Ferrothorn|Ferrothorn, F|338\/352
|-damage|p2a: Ferrothorn|316\/352|[from] Stealth Rock
|
|-heal|p1a: Empoleon|259\/372|[from] item: Leftovers
|-heal|p2a: Ferrothorn|338\/352|[from] item: Leftovers
|turn|16
|
|move|p1a: Empoleon|Scald|p2a: Ferrothorn
|-resisted|p2a: Ferrothorn
|-damage|p2a: Ferrothorn|305\/352
|move|p2a: Ferrothorn|Leech Seed|p1a: Empoleon
|-start|p1a: Empoleon|move: Leech Seed
|
|-heal|p1a: Empoleon|282\/372|[from] item: Leftovers
|-heal|p2a: Ferrothorn|327\/352|[from] item: Leftovers
|-damage|p1a: Empoleon|236\/372|[from] Leech Seed|[of] p2a: Ferrothorn
|-heal|p2a: Ferrothorn|352\/352|[silent]
|turn|17
|
|move|p1a: Empoleon|Scald|p2a: Ferrothorn
|-resisted|p2a: Ferrothorn
|-damage|p2a: Ferrothorn|314\/352
|-status|p2a: Ferrothorn|brn
|move|p2a: Ferrothorn|Stealth Rock|p1a: Empoleon
|-sidestart|p1: Win Conditioner|move: Stealth Rock
|
|-heal|p1a: Empoleon|259\/372|[from] item: Leftovers
|-heal|p2a: Ferrothorn|336\/352 brn|[from] item: Leftovers
|-damage|p1a: Empoleon|213\/372|[from] Leech Seed|[of] p2a: Ferrothorn
|-heal|p2a: Ferrothorn|352\/352 brn|[silent]
|-damage|p2a: Ferrothorn|308\/352 brn|[from] brn
|turn|18
|
|switch|p1a: Slowbro|Slowbro, M|394\/394
|-damage|p1a: Slowbro|345\/394|[from] Stealth Rock
|switch|p2a: Vaporeon|Vaporeon, F|449\/449
|-damage|p2a: Vaporeon|393\/449|[from] Stealth Rock
|
|-heal|p2a: Vaporeon|421\/449|[from] item: Leftovers
|-heal|p1a: Slowbro|369\/394|[from] item: Leftovers
|turn|19
|
|switch|p1a: Keldeo|Keldeo|181\/324
|-damage|p1a: Keldeo|161\/324|[from] Stealth Rock
|move|p2a: Vaporeon|Wish|p2a: Vaporeon
|
|-heal|p1a: Keldeo|181\/324|[from] item: Leftovers
|-heal|p2a: Vaporeon|449\/449|[from] item: Leftovers
|turn|20
|
|switch|p2a: Gallade|Gallade-Mega, M|88\/277
|-damage|p2a: Gallade|71\/277|[from] Stealth Rock
|move|p1a: Keldeo|Substitute|p1a: Keldeo
|-start|p1a: Keldeo|Substitute
|-damage|p1a: Keldeo|100\/324
|
|-heal|p2a: Gallade|277\/277|[from] move: Wish|[wisher] Vaporeon
|-heal|p1a: Keldeo|120\/324|[from] item: Leftovers
|turn|21
|
|move|p2a: Gallade|Zen Headbutt|p1a: Keldeo
|-crit|p1a: Keldeo
|-supereffective|p1a: Keldeo
|-end|p1a: Keldeo|Substitute
|move|p1a: Keldeo|Scald|p2a: Gallade
|-damage|p2a: Gallade|144\/277
|
|-heal|p1a: Keldeo|140\/324|[from] item: Leftovers
|turn|22
|c| Mistaken|ffs
|
|move|p2a: Gallade|Zen Headbutt|p1a: Keldeo
|-crit|p1a: Keldeo
|-supereffective|p1a: Keldeo
|-damage|p1a: Keldeo|0 fnt
|faint|p1a: Keldeo
|
|c| Mistaken|no burn
|-message|Win Conditioner forfeited.
|
|win|Frankie Ruiz
|raw|Ladder updating...
|leave|Win Conditioner
|player|p1
|raw|Win Conditioner's rating: 1536 &rarr; <strong>1511<\/strong><br \/>(-25 for losing)
|raw|Frankie Ruiz's rating: 1449 &rarr; <strong>1474<\/strong><br \/>(+25 for winning)