|join|Sac Riz
|join|aweonaoMoore
|player|p1|Sac Riz|2
|player|p2|aweonaoMoore|248
|gametype|singles
|gen|6
|tier|UU
|rated
|rule|Sleep Clause Mod: Limit one foe put to sleep
|rule|Species Clause: Limit one of each Pokémon
|rule|OHKO Clause: OHKO moves are banned
|rule|Moody Clause: Moody is banned
|rule|Evasion Moves Clause: Evasion moves are banned
|rule|Endless Battle Clause: Forcing endless battles is banned
|rule|HP Percentage Mod: HP is shown in percentages
|clearpoke
|poke|p1|Absol, M
|poke|p1|Nidoqueen, F
|poke|p1|Chandelure, M
|poke|p1|Vaporeon, F
|poke|p1|Togekiss, M
|poke|p1|Haxorus, F
|poke|p2|Raikou, shiny
|poke|p2|Toxicroak, M
|poke|p2|Tornadus, M
|poke|p2|Hippowdon, F
|poke|p2|Azelf
|poke|p2|Roserade, F
|rule|Swagger Clause: Swagger is banned
|rule|Baton Pass Clause: Limit one Pokémon knowing Baton Pass
|teampreview
|
|start
|switch|p1a: Togekiss|Togekiss, M|374\/374
|switch|p2a: Azelf|Azelf|291\/291
|turn|1
|
|move|p2a: Azelf|Taunt|p1a: Togekiss
|-start|p1a: Togekiss|move: Taunt
|move|p1a: Togekiss|Air Slash|p2a: Azelf
|-damage|p2a: Azelf|141\/291
|
|turn|2
|
|move|p2a: Azelf|Stealth Rock|p1a: Togekiss
|-sidestart|p1: Sac Riz|move: Stealth Rock
|move|p1a: Togekiss|Air Slash|p2a: Azelf
|-damage|p2a: Azelf|6\/291
|
|turn|3
|
|switch|p1a: Chandelure|Chandelure, M|262\/262
|-damage|p1a: Chandelure|197\/262|[from] Stealth Rock
|move|p2a: Azelf|Knock Off|p1a: Chandelure
|-supereffective|p1a: Chandelure
|-damage|p1a: Chandelure|0 fnt
|-enditem|p1a: Chandelure|Leftovers|[from] move: Knock Off|[of] p2a: Azelf
|faint|p1a: Chandelure
|
|join|Hiro Test
|
|switch|p1a: Absol|Absol, M|271\/271
|-damage|p1a: Absol|238\/271|[from] Stealth Rock
|turn|4
|
|switch|p1a: Vaporeon|Vaporeon, F|464\/464
|-damage|p1a: Vaporeon|406\/464|[from] Stealth Rock
|move|p2a: Azelf|U-turn|p1a: Vaporeon
|-damage|p1a: Vaporeon|319\/464
|
|switch|p2a: Raikou|Raikou, shiny|322\/322
|-ability|p2a: Raikou|Pressure
|
|-heal|p1a: Vaporeon|348\/464|[from] item: Leftovers
|turn|5
|
|move|p2a: Raikou|Extrasensory|p1a: Vaporeon
|-damage|p1a: Vaporeon|206\/464
|cant|p1a: Vaporeon|flinch
|
|-heal|p1a: Vaporeon|235\/464|[from] item: Leftovers
|turn|6
|
|switch|p2a: Toxicroak|Toxicroak, M|307\/307
|switch|p1a: Nidoqueen|Nidoqueen, F|384\/384
|-damage|p1a: Nidoqueen|360\/384|[from] Stealth Rock
|
|turn|7
|
|switch|p2a: Azelf|Azelf|6\/291
|move|p1a: Nidoqueen|Stealth Rock|p2a: Azelf
|-sidestart|p2: aweonaoMoore|move: Stealth Rock
|
|turn|8
|
|switch|p1a: Vaporeon|Vaporeon, F|235\/464
|-damage|p1a: Vaporeon|177\/464|[from] Stealth Rock
|move|p2a: Azelf|Knock Off|p1a: Vaporeon
|-crit|p1a: Vaporeon
|-damage|p1a: Vaporeon|5\/464
|-enditem|p1a: Vaporeon|Leftovers|[from] move: Knock Off|[of] p2a: Azelf
|
|turn|9
|
|move|p1a: Vaporeon|Protect|p1a: Vaporeon
|-singleturn|p1a: Vaporeon|Protect
|move|p2a: Azelf|Knock Off|p1a: Vaporeon
|-activate|p1a: Vaporeon|Protect
|
|turn|10
|
|move|p2a: Azelf|U-turn|p1a: Vaporeon
|-damage|p1a: Vaporeon|0 fnt
|faint|p1a: Vaporeon
|
|switch|p2a: Raikou|Raikou, shiny|322\/322
|-damage|p2a: Raikou|282\/322|[from] Stealth Rock
|-ability|p2a: Raikou|Pressure
|
|
|switch|p1a: Togekiss|Togekiss, M|374\/374
|-damage|p1a: Togekiss|281\/374|[from] Stealth Rock
|turn|11
|
|switch|p1a: Nidoqueen|Nidoqueen, F|360\/384
|-damage|p1a: Nidoqueen|336\/384|[from] Stealth Rock
|move|p2a: Raikou|Thunderbolt|p1a: Nidoqueen
|-immune|p1a: Nidoqueen|[msg]
|
|turn|12
|
|switch|p2a: Azelf|Azelf|6\/291
|-damage|p2a: Azelf|0 fnt|[from] Stealth Rock
|faint|p2a: Azelf
|move|p1a: Nidoqueen|Ice Beam|p2: Azelf|[notarget]
|-notarget
|
|
|switch|p2a: Roserade|Roserade, F|324\/324
|-damage|p2a: Roserade|284\/324|[from] Stealth Rock
|turn|13
|
|move|p2a: Roserade|Giga Drain|p1a: Nidoqueen
|-damage|p1a: Nidoqueen|222\/384
|-heal|p2a: Roserade|324\/324|[from] drain|[of] p1a: Nidoqueen
|move|p1a: Nidoqueen|Ice Beam|p2a: Roserade
|-supereffective|p2a: Roserade
|-damage|p2a: Roserade|126\/324
|
|-heal|p2a: Roserade|146\/324|[from] item: Black Sludge
|turn|14
|
|switch|p1a: Togekiss|Togekiss, M|281\/374
|-damage|p1a: Togekiss|188\/374|[from] Stealth Rock
|move|p2a: Roserade|Synthesis|p2a: Roserade
|-heal|p2a: Roserade|308\/324
|
|-heal|p2a: Roserade|324\/324|[from] item: Black Sludge
|-heal|p1a: Togekiss|211\/374|[from] item: Leftovers
|turn|15
|
|move|p2a: Roserade|Sludge Bomb|p1a: Togekiss
|-supereffective|p1a: Togekiss
|-damage|p1a: Togekiss|43\/374
|move|p1a: Togekiss|Roost|p1a: Togekiss
|-heal|p1a: Togekiss|230\/374
|
|-heal|p1a: Togekiss|253\/374|[from] item: Leftovers
|turn|16
|
|move|p2a: Roserade|Sludge Bomb|p1a: Togekiss
|-supereffective|p1a: Togekiss
|-damage|p1a: Togekiss|101\/374
|move|p1a: Togekiss|Air Slash|p2a: Roserade
|-supereffective|p2a: Roserade
|-damage|p2a: Roserade|184\/324
|
|-heal|p2a: Roserade|204\/324|[from] item: Black Sludge
|-heal|p1a: Togekiss|124\/374|[from] item: Leftovers
|turn|17
|
|move|p2a: Roserade|Sludge Bomb|p1a: Togekiss
|-supereffective|p1a: Togekiss
|-damage|p1a: Togekiss|0 fnt
|faint|p1a: Togekiss
|
|-heal|p2a: Roserade|224\/324|[from] item: Black Sludge
|
|switch|p1a: Absol|Absol, M|238\/271
|-damage|p1a: Absol|205\/271|[from] Stealth Rock
|turn|18
|
|detailschange|p1a: Absol|Absol-Mega, M
|message|Absol has Mega Evolved into Mega Absol!
|move|p1a: Absol|Swords Dance|p1a: Absol
|-boost|p1a: Absol|atk|2
|move|p2a: Roserade|Sludge Bomb|p1a: Absol
|-damage|p1a: Absol|12\/271
|
|-heal|p2a: Roserade|244\/324|[from] item: Black Sludge
|turn|19
|
|move|p1a: Absol|Night Slash|p2a: Roserade
|-damage|p2a: Roserade|0 fnt
|faint|p2a: Roserade
|
|
|switch|p2a: Hippowdon|Hippowdon, F|420\/420
|-damage|p2a: Hippowdon|394\/420|[from] Stealth Rock
|-weather|Sandstorm
|turn|20
|
|move|p1a: Absol|Play Rough|p2a: Hippowdon
|-damage|p2a: Hippowdon|246\/420
|move|p2a: Hippowdon|Earthquake|p1a: Absol
|-damage|p1a: Absol|0 fnt
|faint|p1a: Absol
|
|-weather|Sandstorm|[upkeep]
|-heal|p2a: Hippowdon|272\/420|[from] item: Leftovers
|
|switch|p1a: Nidoqueen|Nidoqueen, F|222\/384
|-damage|p1a: Nidoqueen|198\/384|[from] Stealth Rock
|turn|21
|
|switch|p2a: Toxicroak|Toxicroak, M|307\/307
|-damage|p2a: Toxicroak|288\/307|[from] Stealth Rock
|move|p1a: Nidoqueen|Ice Beam|p2a: Toxicroak
|-damage|p2a: Toxicroak|94\/307
|
|-weather|Sandstorm|[upkeep]
|-damage|p2a: Toxicroak|75\/307|[from] sandstorm
|turn|22
|
|move|p2a: Toxicroak|Poison Jab|p1a: Nidoqueen
|-resisted|p1a: Nidoqueen
|-damage|p1a: Nidoqueen|151\/384
|-damage|p2a: Toxicroak|45\/307|[from] item: Life Orb
|move|p1a: Nidoqueen|Earth Power|p2a: Toxicroak
|-crit|p2a: Toxicroak
|-supereffective|p2a: Toxicroak
|-damage|p2a: Toxicroak|0 fnt
|faint|p2a: Toxicroak
|
|-weather|Sandstorm|[upkeep]
|
|switch|p2a: Raikou|Raikou, shiny|282\/322
|-damage|p2a: Raikou|242\/322|[from] Stealth Rock
|-ability|p2a: Raikou|Pressure
|turn|23
|
|move|p2a: Raikou|Extrasensory|p1a: Nidoqueen
|-supereffective|p1a: Nidoqueen
|-damage|p1a: Nidoqueen|0 fnt
|faint|p1a: Nidoqueen
|
|-weather|Sandstorm|[upkeep]
|-damage|p2a: Raikou|222\/322|[from] sandstorm
|
|switch|p1a: Haxorus|Haxorus, F|294\/294
|-damage|p1a: Haxorus|258\/294|[from] Stealth Rock
|-ability|p1a: Haxorus|Mold Breaker
|turn|24
|
|move|p2a: Raikou|Extrasensory|p1a: Haxorus
|-damage|p1a: Haxorus|92\/294
|move|p1a: Haxorus|Dragon Dance|p1a: Haxorus
|-boost|p1a: Haxorus|atk|1
|-boost|p1a: Haxorus|spe|1
|
|-weather|none
|turn|25
|
|move|p1a: Haxorus|Earthquake|p2a: Raikou
|-supereffective|p2a: Raikou
|-damage|p2a: Raikou|0 fnt
|-damage|p1a: Haxorus|63\/294|[from] item: Life Orb
|faint|p2a: Raikou
|
|
|switch|p2a: Hippowdon|Hippowdon, F|272\/420
|-damage|p2a: Hippowdon|246\/420|[from] Stealth Rock
|-weather|Sandstorm
|turn|26
|
|move|p1a: Haxorus|Outrage|p2a: Hippowdon
|-damage|p2a: Hippowdon|0 fnt
|-damage|p1a: Haxorus|34\/294|[from] item: Life Orb
|faint|p2a: Hippowdon
|
|-weather|Sandstorm|[upkeep]
|-damage|p1a: Haxorus|16\/294|[from] sandstorm
|
|switch|p2a: Tornadus|Tornadus, M|300\/300
|-damage|p2a: Tornadus|225\/300|[from] Stealth Rock
|turn|27
|
|move|p1a: Haxorus|Outrage|p2a: Tornadus
|-damage|p2a: Tornadus|0 fnt
|-damage|p1a: Haxorus|0 fnt|[from] item: Life Orb
|faint|p2a: Tornadus
|faint|p1a: Haxorus
|
|win|Sac Riz
|raw|Ladder updating...
|raw|Sac Riz's rating: 1417 &rarr; <strong>1439<\/strong><br \/>(+22 for winning)
|raw|aweonaoMoore's rating: 1465 &rarr; <strong>1442<\/strong><br \/>(-23 for losing)
|c|★Sac Riz|gg
|leave|aweonaoMoore
|player|p2