|join|Sac Riz
|join|Maomiraeniya
|player|p1|Sac Riz|209
|player|p2|Maomiraeniya|#maomiraeniya
|gametype|singles
|gen|6
|tier|UU
|rule|Sleep Clause Mod: Limit one foe put to sleep
|rule|Species Clause: Limit one of each Pokémon
|rule|OHKO Clause: OHKO moves are banned
|rule|Moody Clause: Moody is banned
|rule|Evasion Moves Clause: Evasion moves are banned
|rule|Endless Battle Clause: Forcing endless battles is banned
|rule|HP Percentage Mod: HP is reported as percentages
|clearpoke
|poke|p1|Raikou
|poke|p1|Honchkrow, M
|poke|p1|Chandelure, F
|poke|p1|Heracross, F
|poke|p1|Donphan, F
|poke|p1|Blastoise, F
|poke|p2|Mienshao, F, shiny
|poke|p2|Shaymin, shiny
|poke|p2|Raikou, shiny
|poke|p2|Honchkrow, F, shiny
|poke|p2|Hippowdon, M, shiny
|poke|p2|Tentacruel, M, shiny
|rule|Swagger Clause: Swagger is banned
|rule|Baton Pass Clause: Limit three Pokémon knowing Baton Pass
|teampreview
|
|start
|switch|p1a: Raikou|Raikou|322\/322
|switch|p2a: Mienshaoite|Mienshao, F, shiny|271\/271
|-ability|p1a: Raikou|Pressure
|turn|1
|chat|Sac Riz|Gl hf
|
|move|p2a: Mienshaoite|Fake Out|p1a: Raikou
|-damage|p1a: Raikou|248\/322
|-damage|p2a: Mienshaoite|244\/271|[from] item: Life Orb
|cant|p1a: Raikou|flinch
|
|turn|2
|chat|Maomiraeniya|same
|
|move|p1a: Raikou|Volt Switch|p2a: Mienshaoite
|-damage|p2a: Mienshaoite|3\/271
|
|switch|p1a: Donphan|Donphan, F|384\/384
|move|p2a: Mienshaoite|U-turn|p1a: Donphan
|-damage|p1a: Donphan|287\/384
|-damage|p2a: Mienshaoite|0 fnt|[from] item: Life Orb
|faint|p2a: Mienshaoite
|
|-heal|p1a: Donphan|311\/384|[from] item: Leftovers
|chat|Maomiraeniya|ok
|chat|Maomiraeniya|je m'attendais pas au specs
|
|switch|p2a: Shayminite|Shaymin, shiny|341\/341
|turn|3
|chat|Sac Riz|Il surprend pas mal
|
|move|p2a: Shayminite|Seed Flare|p1a: Donphan
|-supereffective|p1a: Donphan
|-damage|p1a: Donphan|0 fnt
|-damage|p2a: Shayminite|307\/341|[from] item: Life Orb
|faint|p1a: Donphan
|
|
|switch|p1a: Chandelure|Chandelure, F|262\/262
|turn|4
|
|switch|p2a: Tentacruelite|Tentacruel, M, shiny|362\/362
|move|p1a: Chandelure|Substitute|p1a: Chandelure
|-start|p1a: Chandelure|Substitute
|-damage|p1a: Chandelure|197\/262
|
|-heal|p1a: Chandelure|213\/262|[from] item: Leftovers
|turn|5
|
|move|p1a: Chandelure|Calm Mind|p1a: Chandelure
|-boost|p1a: Chandelure|spa|1
|-boost|p1a: Chandelure|spd|1
|move|p2a: Tentacruelite|Toxic Spikes|p1a: Chandelure
|-sidestart|p1: Sac Riz|move: Toxic Spikes
|
|-heal|p1a: Chandelure|229\/262|[from] item: Leftovers
|turn|6
|
|move|p1a: Chandelure|Calm Mind|p1a: Chandelure
|-boost|p1a: Chandelure|spa|1
|-boost|p1a: Chandelure|spd|1
|move|p2a: Tentacruelite|Scald|p1a: Chandelure
|-supereffective|p1a: Chandelure
|-end|p1a: Chandelure|Substitute
|
|-heal|p1a: Chandelure|245\/262|[from] item: Leftovers
|turn|7
|
|move|p1a: Chandelure|Calm Mind|p1a: Chandelure
|-boost|p1a: Chandelure|spa|1
|-boost|p1a: Chandelure|spd|1
|move|p2a: Tentacruelite|Scald|p1a: Chandelure
|-supereffective|p1a: Chandelure
|-damage|p1a: Chandelure|179\/262
|
|-heal|p1a: Chandelure|195\/262|[from] item: Leftovers
|turn|8
|
|move|p1a: Chandelure|Calm Mind|p1a: Chandelure
|-boost|p1a: Chandelure|spa|1
|-boost|p1a: Chandelure|spd|1
|move|p2a: Tentacruelite|Sludge Bomb|p1a: Chandelure
|-resisted|p1a: Chandelure
|-damage|p1a: Chandelure|178\/262
|
|-heal|p1a: Chandelure|194\/262|[from] item: Leftovers
|turn|9
|
|move|p1a: Chandelure|Shadow Ball|p2a: Tentacruelite
|-damage|p2a: Tentacruelite|0 fnt
|faint|p2a: Tentacruelite
|
|-heal|p1a: Chandelure|210\/262|[from] item: Leftovers
|
|switch|p2a: Honchkrowite|Honchkrow, F, shiny|341\/341
|turn|10
|
|move|p1a: Chandelure|Fire Blast|p2a: Honchkrowite
|-damage|p2a: Honchkrowite|0 fnt
|faint|p2a: Honchkrowite
|
|-heal|p1a: Chandelure|226\/262|[from] item: Leftovers
|chat|Maomiraeniya|ce no sub
|chat|Maomiraeniya|j'aurais du sucker
|chat|Sac Riz|Le sub était trop prévisible
|chat|Sac Riz|Et le BB était du coup plus logique
|
|switch|p2a: Hippowdonite|Hippowdon, M, shiny|420\/420
|-weather|Sandstorm
|turn|11
|chat|Maomiraeniya|j'aurais pas dû te laisser te placer
|chat|Maomiraeniya|gg
|chat|Sac Riz|gg
|
|move|p1a: Chandelure|Shadow Ball|p2a: Hippowdonite
|-damage|p2a: Hippowdonite|0 fnt
|faint|p2a: Hippowdonite
|
|-weather|Sandstorm|[upkeep]
|-damage|p1a: Chandelure|210\/262|[from] sandstorm
|-heal|p1a: Chandelure|226\/262|[from] item: Leftovers
|
|switch|p2a: Shayminite|Shaymin, shiny|307\/341
|turn|12
|chat|Sac Riz|Ce set est trop bg
|
|move|p2a: Shayminite|Earth Power|p1a: Chandelure
|-supereffective|p1a: Chandelure
|-damage|p1a: Chandelure|143\/262
|-damage|p2a: Shayminite|273\/341|[from] item: Life Orb
|move|p1a: Chandelure|Shadow Ball|p2a: Shayminite
|-damage|p2a: Shayminite|0 fnt
|faint|p2a: Shayminite
|
|-weather|Sandstorm|[upkeep]
|-damage|p1a: Chandelure|127\/262|[from] sandstorm
|-heal|p1a: Chandelure|143\/262|[from] item: Leftovers
|chat|Maomiraeniya|quand je vois chandelure
|chat|Maomiraeniya|pour moi c'est un scarf
|chat|Sac Riz|Tu penses au scarf
|
|switch|p2a: Raikouite|Raikou, shiny|322\/322
|-ability|p2a: Raikouite|Pressure
|turn|13
|chat|Sac Riz|C'est toujours comme ça
|chat|Sac Riz|Alors que le specs et le subminder font trop mal
|
|move|p2a: Raikouite|Thunderbolt|p1a: Chandelure
|-damage|p1a: Chandelure|92\/262
|move|p1a: Chandelure|Shadow Ball|p2a: Raikouite
|-crit|p2a: Raikouite
|-damage|p2a: Raikouite|0 fnt
|faint|p2a: Raikouite
|
|win|Sac Riz
|chat|Maomiraeniya|gg
|chat|Sac Riz|gg
|chat|Maomiraeniya|rematch y\/n
|chat|Sac Riz|Si tu veux ^^'