|join|raziel54
|join|Sac Riz
|player|p1|raziel54|242
|player|p2|Sac Riz|1
|gametype|singles
|gen|6
|tier|UU
|rated
|rule|Sleep Clause Mod: Limit one foe put to sleep
|rule|Species Clause: Limit one of each Pokémon
|rule|OHKO Clause: OHKO moves are banned
|rule|Moody Clause: Moody is banned
|rule|Evasion Moves Clause: Evasion moves are banned
|rule|Endless Battle Clause: Forcing endless battles is banned
|rule|HP Percentage Mod: HP is shown in percentages
|clearpoke
|poke|p1|Chesnaught, F
|poke|p1|Houndoom, M
|poke|p1|Crobat, M
|poke|p1|Blastoise, M
|poke|p1|Flygon, M
|poke|p1|Ampharos, F
|poke|p2|Absol, M
|poke|p2|Nidoqueen, F
|poke|p2|Chandelure, F
|poke|p2|Vaporeon, F
|poke|p2|Togekiss, F
|poke|p2|Haxorus, M
|rule|Swagger Clause: Swagger is banned
|rule|Baton Pass Clause: Limit one Pokémon knowing Baton Pass
|teampreview
|join|Scythe Kronos
|c|★raziel54|gl hf
|c|★Sac Riz|You too
|
|start
|switch|p1a: I'm bat...|Crobat, M|312\/312
|switch|p2a: Nidoqueen|Nidoqueen, F|384\/384
|turn|1
|c| Scythe Kronos|voilà
|c| Scythe Kronos|ca c'est une team un peu plus solide
|c| Scythe Kronos|;-;
|leave|Scythe Kronos
|c|★raziel54|français?
|c|★Sac Riz|Oui 
|join|Scythe Kronos
|c|★raziel54|salut compatriote
|c| Scythe Kronos|MDRRR
|c|★Sac Riz|Ah, un french o:
|
|move|p1a: I'm bat...|Taunt|p2a: Nidoqueen
|-start|p2a: Nidoqueen|move: Taunt
|move|p2a: Nidoqueen|Ice Beam|p1a: I'm bat...
|-supereffective|p1a: I'm bat...
|-damage|p1a: I'm bat...|5\/312
|
|-heal|p1a: I'm bat...|24\/312|[from] item: Black Sludge
|turn|2
|
|move|p1a: I'm bat...|U-turn|p2a: Nidoqueen
|-resisted|p2a: Nidoqueen
|-damage|p2a: Nidoqueen|347\/384
|
|switch|p1a: Sapeur|Blastoise, M|362\/362
|move|p2a: Nidoqueen|Earth Power|p1a: Sapeur
|-damage|p1a: Sapeur|209\/362
|
|-heal|p1a: Sapeur|231\/362|[from] item: Leftovers
|turn|3
|c| Scythe Kronos|je t'aurais insulté
|c| Scythe Kronos|si t'avais fait ice beam
|c|★Sac Riz|T'inquiètes
|join|chevalblanc
|
|switch|p1a: I'm bat...|Crobat, M|24\/312
|switch|p2a: Vaporeon|Vaporeon, F|464\/464
|
|-heal|p1a: I'm bat...|43\/312|[from] item: Black Sludge
|turn|4
|
|move|p1a: I'm bat...|U-turn|p2a: Vaporeon
|-damage|p2a: Vaporeon|396\/464
|c| chevalblanc|allez raziel :)
|
|switch|p1a: La rampe|Ampharos, F|384\/384
|move|p2a: Vaporeon|Scald|p1a: La rampe
|-damage|p1a: La rampe|272\/384
|
|-heal|p2a: Vaporeon|425\/464|[from] item: Leftovers
|-heal|p1a: La rampe|296\/384|[from] item: Leftovers
|turn|5
|c| Scythe Kronos|ALLEZ SACRI
|c|★Sac Riz|:v
|c|★Sac Riz|Ah
|c|★Sac Riz|J'ai trouvé un poké chiant
|
|move|p2a: Vaporeon|Protect|p2a: Vaporeon
|-singleturn|p2a: Vaporeon|Protect
|move|p1a: La rampe|Hidden Power|p2a: Vaporeon
|-activate|p2a: Vaporeon|Protect
|
|-heal|p2a: Vaporeon|454\/464|[from] item: Leftovers
|-heal|p1a: La rampe|320\/384|[from] item: Leftovers
|turn|6
|c| Scythe Kronos|c'est pas le mega
|c| Scythe Kronos|t'inquiète
|c|★Sac Riz|Lel
|c|★raziel54|non dsl
|
|move|p2a: Vaporeon|Scald|p1a: La rampe
|-damage|p1a: La rampe|212\/384
|-status|p1a: La rampe|brn
|move|p1a: La rampe|Volt Switch|p2a: Vaporeon
|-supereffective|p2a: Vaporeon
|-damage|p2a: Vaporeon|208\/464
|leave|Scythe Kronos
|
|switch|p1a: La bogue|Chesnaught, F|380\/380
|
|-heal|p2a: Vaporeon|237\/464|[from] item: Leftovers
|turn|7
|join|Scythe Kronos
|
|switch|p2a: Togekiss|Togekiss, F|374\/374
|move|p1a: La bogue|Leech Seed|p2a: Togekiss
|-start|p2a: Togekiss|move: Leech Seed
|
|-damage|p2a: Togekiss|328\/374|[from] Leech Seed|[of] p1a: La bogue
|turn|8
|c| Scythe Kronos|je le savais avant qu'il entre en jeu
|c| Scythe Kronos|kek
|
|switch|p1a: I'm bat...|Crobat, M|43\/312
|move|p2a: Togekiss|Air Slash|p1a: I'm bat...
|-damage|p1a: I'm bat...|0 fnt
|faint|p1a: I'm bat...
|
|-heal|p2a: Togekiss|351\/374|[from] item: Leftovers
|
|switch|p1a: Sarevok|Houndoom, M|292\/292
|turn|9
|
|switch|p2a: Vaporeon|Vaporeon, F|237\/464
|detailschange|p1a: Sarevok|Houndoom-Mega, M
|message|Houndoom has Mega Evolved into Mega Houndoom!
|move|p1a: Sarevok|Nasty Plot|p1a: Sarevok
|-boost|p1a: Sarevok|spa|2
|
|-heal|p2a: Vaporeon|266\/464|[from] item: Leftovers
|turn|10
|c| Scythe Kronos|rire
|c|★Sac Riz|God
|c| Scythe Kronos|ggwp
|c|★Sac Riz|Je prédisais 
|c|★Sac Riz|Le sludge bomb
|c| Scythe Kronos|si no tranchodon sash\/scarf
|
|move|p1a: Sarevok|Dark Pulse|p2a: Vaporeon
|-damage|p2a: Vaporeon|0 fnt
|faint|p2a: Vaporeon
|
|c| Scythe Kronos|bien sur
|
|switch|p2a: Togekiss|Togekiss, F|351\/374
|turn|11
|leave|Scythe Kronos
|
|move|p1a: Sarevok|Sludge Bomb|p2a: Togekiss
|-supereffective|p2a: Togekiss
|-damage|p2a: Togekiss|47\/374
|move|p2a: Togekiss|Thunder Wave|p1a: Sarevok
|-status|p1a: Sarevok|par
|
|-heal|p2a: Togekiss|70\/374|[from] item: Leftovers
|turn|12
|c|★raziel54|non pas ça :'(
|join|Scythe Kronos
|c| Scythe Kronos|oml
|c| Scythe Kronos|ce bulk
|
|switch|p2a: Nidoqueen|Nidoqueen, F|347\/384
|switch|p1a: La rampe|Ampharos, F|212\/384 brn
|
|-heal|p1a: La rampe|236\/384 brn|[from] item: Leftovers
|-damage|p1a: La rampe|188\/384 brn|[from] brn
|turn|13
|
|switch|p1a: Sapeur|Blastoise, M|231\/362
|move|p2a: Nidoqueen|Earth Power|p1a: Sapeur
|-damage|p1a: Sapeur|89\/362
|
|-heal|p1a: Sapeur|111\/362|[from] item: Leftovers
|turn|14
|
|move|p1a: Sapeur|Scald|p2a: Nidoqueen
|-supereffective|p2a: Nidoqueen
|-damage|p2a: Nidoqueen|143\/384
|move|p2a: Nidoqueen|Earth Power|p1a: Sapeur
|-damage|p1a: Sapeur|0 fnt
|faint|p1a: Sapeur
|
|c| Scythe Kronos|omg
|c| Scythe Kronos|cet outspeed
|
|switch|p1a: UNICEF|Flygon, M|302\/302
|turn|15
|
|move|p1a: UNICEF|U-turn|p2a: Nidoqueen
|-resisted|p2a: Nidoqueen
|-damage|p2a: Nidoqueen|106\/384
|c| Scythe Kronos|:rire:
|
|switch|p1a: La bogue|Chesnaught, F|380\/380
|move|p2a: Nidoqueen|Ice Beam|p1a: La bogue
|-crit|p1a: La bogue
|-supereffective|p1a: La bogue
|-damage|p1a: La bogue|0 fnt
|faint|p1a: La bogue
|
|c|★Sac Riz|Sorry
|c| Scythe Kronos|bg
|
|switch|p1a: La rampe|Ampharos, F|188\/384 brn
|turn|16
|c|★raziel54|c le jeu
|
|move|p2a: Nidoqueen|Earth Power|p1a: La rampe
|-supereffective|p1a: La rampe
|-damage|p1a: La rampe|0 fnt
|faint|p1a: La rampe
|
|c|★Sac Riz|Bon
|c|★Sac Riz|Nidoqueen
|c|★Sac Riz|Je t'aime
|c|★Sac Riz|Mais genre beaucoup
|c|★raziel54|je crois que j'ai fait des conneries
|
|switch|p1a: UNICEF|Flygon, M|302\/302
|turn|17
|c| Scythe Kronos|non sérieux ?
|c|★raziel54|soit pas mechant stp
|c| Scythe Kronos|c vré je ss tro méchan
|c| Scythe Kronos|hont a mwa
|c| Scythe Kronos|gud,,,bs
|c|★raziel54|lol
|leave|Scythe Kronos
|
|switch|p2a: Togekiss|Togekiss, F|70\/374
|move|p1a: UNICEF|Earthquake|p2a: Togekiss
|-immune|p2a: Togekiss|[msg]
|
|-heal|p2a: Togekiss|93\/374|[from] item: Leftovers
|turn|18
|
|switch|p1a: Sarevok|Houndoom-Mega, M|292\/292 par
|move|p2a: Togekiss|Roost|p2a: Togekiss
|-heal|p2a: Togekiss|280\/374
|
|-heal|p2a: Togekiss|303\/374|[from] item: Leftovers
|turn|19
|
|switch|p2a: Nidoqueen|Nidoqueen, F|106\/384
|move|p1a: Sarevok|Sludge Bomb|p2a: Nidoqueen
|-resisted|p2a: Nidoqueen
|-damage|p2a: Nidoqueen|73\/384
|
|turn|20
|
|move|p2a: Nidoqueen|Earth Power|p1a: Sarevok
|-supereffective|p1a: Sarevok
|-damage|p1a: Sarevok|0 fnt
|faint|p1a: Sarevok
|
|
|switch|p1a: UNICEF|Flygon, M|302\/302
|turn|21
|c|★raziel54|bon ba gg
|c|★Sac Riz|gg
|
|switch|p2a: Togekiss|Togekiss, F|303\/374
|move|p1a: UNICEF|Stone Edge|p2a: Togekiss|[miss]
|-miss|p1a: UNICEF|p2a: Togekiss
|
|-heal|p2a: Togekiss|326\/374|[from] item: Leftovers
|turn|22
|
|move|p1a: UNICEF|Stone Edge|p2a: Togekiss|[miss]
|-miss|p1a: UNICEF|p2a: Togekiss
|move|p2a: Togekiss|Air Slash|p1a: UNICEF
|-damage|p1a: UNICEF|187\/302
|
|-heal|p2a: Togekiss|349\/374|[from] item: Leftovers
|turn|23
|
|move|p1a: UNICEF|Stone Edge|p2a: Togekiss|[miss]
|-miss|p1a: UNICEF|p2a: Togekiss
|move|p2a: Togekiss|Air Slash|p1a: UNICEF
|-damage|p1a: UNICEF|67\/302
|
|-heal|p2a: Togekiss|372\/374|[from] item: Leftovers
|turn|24
|
|move|p1a: UNICEF|Stone Edge|p2a: Togekiss
|-supereffective|p2a: Togekiss
|-damage|p2a: Togekiss|202\/374
|move|p2a: Togekiss|Air Slash|p1a: UNICEF
|-damage|p1a: UNICEF|0 fnt
|faint|p1a: UNICEF
|
|win|Sac Riz
|raw|Ladder updating...
|raw|raziel54's rating: 1317 &rarr; <strong>1296<\/strong><br \/>(-21 for losing)
|raw|Sac Riz's rating: 1303 &rarr; <strong>1324<\/strong><br \/>(+21 for winning)
|leave|raziel54
|player|p1