|join|Cuhlissa
|join|Sac Riz
|player|p1|Cuhlissa|70
|player|p2|Sac Riz|265
|gametype|singles
|gen|6
|tier|UU
|rated
|rule|Sleep Clause Mod: Limit one foe put to sleep
|rule|Species Clause: Limit one of each Pokémon
|rule|OHKO Clause: OHKO moves are banned
|rule|Moody Clause: Moody is banned
|rule|Evasion Moves Clause: Evasion moves are banned
|rule|Endless Battle Clause: Forcing endless battles is banned
|rule|HP Percentage Mod: HP is shown in percentages
|clearpoke
|poke|p1|Victini, shiny
|poke|p1|Sableye, M
|poke|p1|Haxorus, F, shiny
|poke|p1|Aggron, F
|poke|p1|Cloyster, F, shiny
|poke|p1|Trevenant, M
|poke|p2|Hydreigon, F
|poke|p2|Toxicroak, M
|poke|p2|Amoonguss, F
|poke|p2|Infernape, F
|poke|p2|Hippowdon, M
|poke|p2|Alomomola, F
|rule|Swagger Clause: Swagger is banned
|rule|Baton Pass Clause: Limit one Pokémon knowing Baton Pass
|teampreview
|
|start
|switch|p1a: Victini|Victini, shiny|341\/341
|switch|p2a: Hydreigon|Hydreigon, F|325\/325
|turn|1
|c|★Cuhlissa|hello
|join|ShinyAzelf
|join|antonBRO99
|join|XcountrY
|c|@ShinyAzelf|hes probably just afk
|-message|Sac Riz lost due to inactivity.
|
|win|Cuhlissa
|raw|Ladder updating...
|raw|Cuhlissa's rating: 1276 &rarr; <strong>1303<\/strong><br \/>(+27 for winning)
|raw|Sac Riz's rating: 1308 &rarr; <strong>1286<\/strong><br \/>(-22 for losing)
|c|★Cuhlissa|well gg
|leave|ShinyAzelf
|c|★Cuhlissa|thanks man
|join|Fabidi
|leave|Cuhlissa
|player|p1
|leave|Fabidi
|leave|antonBRO99
|leave|XcountrY
|join|XcountrY
|leave|XcountrY
|join|47metro47
|leave|47metro47