|join|Dr N Cortex
|join|Sac Riz
|player|p1|Dr N Cortex|121
|player|p2|Sac Riz|102
|gametype|singles
|gen|6
|tier|UU
|rated
|rule|Sleep Clause Mod: Limit one foe put to sleep
|rule|Species Clause: Limit one of each Pokémon
|rule|OHKO Clause: OHKO moves are banned
|rule|Moody Clause: Moody is banned
|rule|Evasion Moves Clause: Evasion moves are banned
|rule|Endless Battle Clause: Forcing endless battles is banned
|rule|HP Percentage Mod: HP is shown in percentages
|clearpoke
|poke|p1|Blissey, F
|poke|p1|Alomomola, F
|poke|p1|Zoroark, F
|poke|p1|Tentacruel, F
|poke|p1|Forretress, F
|poke|p1|Jellicent, F
|poke|p2|Absol, F
|poke|p2|Nidoqueen, F
|poke|p2|Chandelure, F
|poke|p2|Vaporeon, M
|poke|p2|Haxorus, M
|poke|p2|Togetic, M
|rule|Swagger Clause: Swagger is banned
|rule|Baton Pass Clause: Limit one Pokémon knowing Baton Pass
|teampreview
|
|start
|switch|p1a: JelliJelliJelli|Jellicent, F|261\/261
|switch|p2a: Requiem|Absol, F|271\/271
|turn|1
|
|detailschange|p2a: Requiem|Absol-Mega, F
|message|Absol has Mega Evolved into Mega Absol!
|move|p1a: JelliJelliJelli|Focus Blast|p2a: Requiem
|-supereffective|p2a: Requiem
|-damage|p2a: Requiem|0 fnt
|faint|p2a: Requiem
|
|
|switch|p2a: Chandelure|Chandelure, F|262\/262
|turn|2
|
|switch|p1a: Whore|Blissey, F|651\/651
|move|p2a: Chandelure|Substitute|p2a: Chandelure
|-start|p2a: Chandelure|Substitute
|-damage|p2a: Chandelure|197\/262
|
|-heal|p2a: Chandelure|213\/262|[from] item: Leftovers
|turn|3
|
|switch|p1a: Tentacruel|Tentacruel, F|361\/361
|move|p2a: Chandelure|Calm Mind|p2a: Chandelure
|-boost|p2a: Chandelure|spa|1
|-boost|p2a: Chandelure|spd|1
|
|-heal|p2a: Chandelure|229\/262|[from] item: Leftovers
|turn|4
|
|move|p2a: Chandelure|Calm Mind|p2a: Chandelure
|-boost|p2a: Chandelure|spa|1
|-boost|p2a: Chandelure|spd|1
|move|p1a: Tentacruel|Scald|p2a: Chandelure
|-supereffective|p2a: Chandelure
|-end|p2a: Chandelure|Substitute
|
|-heal|p2a: Chandelure|245\/262|[from] item: Leftovers
|turn|5
|
|move|p2a: Chandelure|Calm Mind|p2a: Chandelure
|-boost|p2a: Chandelure|spa|1
|-boost|p2a: Chandelure|spd|1
|move|p1a: Tentacruel|Scald|p2a: Chandelure
|-supereffective|p2a: Chandelure
|-damage|p2a: Chandelure|171\/262
|
|-heal|p2a: Chandelure|187\/262|[from] item: Leftovers
|turn|6
|
|move|p2a: Chandelure|Calm Mind|p2a: Chandelure
|-boost|p2a: Chandelure|spa|1
|-boost|p2a: Chandelure|spd|1
|move|p1a: Tentacruel|Scald|p2a: Chandelure
|-supereffective|p2a: Chandelure
|-damage|p2a: Chandelure|133\/262
|
|-heal|p2a: Chandelure|149\/262|[from] item: Leftovers
|turn|7
|
|move|p2a: Chandelure|Substitute|p2a: Chandelure
|-start|p2a: Chandelure|Substitute
|-damage|p2a: Chandelure|84\/262
|move|p1a: Tentacruel|Scald|p2a: Chandelure
|-supereffective|p2a: Chandelure
|-activate|p2a: Chandelure|Substitute|[damage]
|
|-heal|p2a: Chandelure|100\/262|[from] item: Leftovers
|turn|8
|
|move|p2a: Chandelure|Shadow Ball|p1a: Tentacruel
|-damage|p1a: Tentacruel|0 fnt
|faint|p1a: Tentacruel
|
|-heal|p2a: Chandelure|116\/262|[from] item: Leftovers
|
|switch|p1a: Yolomomola|Alomomola, F|534\/534
|turn|9
|
|move|p2a: Chandelure|Shadow Ball|p1a: Yolomomola
|-damage|p1a: Yolomomola|0 fnt
|faint|p1a: Yolomomola
|
|-heal|p2a: Chandelure|132\/262|[from] item: Leftovers
|
|switch|p1a: JelliJelliJelli|Jellicent, F|261\/261
|turn|10
|
|move|p1a: JelliJelliJelli|Dark Pulse|p2a: Chandelure
|-crit|p2a: Chandelure
|-supereffective|p2a: Chandelure
|-end|p2a: Chandelure|Substitute
|move|p2a: Chandelure|Shadow Ball|p1a: JelliJelliJelli
|-resisted|p1a: JelliJelliJelli
|replace|p1a: Zoroark|Zoroark, F|261\/261
|-damage|p1a: Zoroark|0 fnt
|faint|p1a: Zoroark
|
|-heal|p2a: Chandelure|148\/262|[from] item: Leftovers
|join|jungko4444
|-message|Dr N Cortex forfeited.
|
|win|Sac Riz
|raw|Ladder updating...
|leave|Dr N Cortex
|player|p1
|raw|Dr N Cortex's rating: 1673 &rarr; <strong>1643<\/strong><br \/>(-30 for losing)
|raw|Sac Riz's rating: 1479 &rarr; <strong>1509<\/strong><br \/>(+30 for winning)