|join|Sac Riz
|join|riteshh
|player|p1|Sac Riz|2
|player|p2|riteshh|102
|gametype|singles
|gen|6
|tier|UU
|rated
|rule|Sleep Clause Mod: Limit one foe put to sleep
|rule|Species Clause: Limit one of each Pokémon
|rule|OHKO Clause: OHKO moves are banned
|rule|Moody Clause: Moody is banned
|rule|Evasion Moves Clause: Evasion moves are banned
|rule|Endless Battle Clause: Forcing endless battles is banned
|rule|HP Percentage Mod: HP is shown in percentages
|clearpoke
|poke|p1|Absol, F
|poke|p1|Nidoqueen, F
|poke|p1|Chandelure, M
|poke|p1|Vaporeon, M
|poke|p1|Togekiss, M
|poke|p1|Haxorus, F
|poke|p2|Raikou, shiny
|poke|p2|Tentacruel, F
|poke|p2|Florges, F
|poke|p2|Hippowdon, M
|poke|p2|Victini
|poke|p2|Lucario, F
|rule|Swagger Clause: Swagger is banned
|rule|Baton Pass Clause: Limit one Pokémon knowing Baton Pass
|teampreview
|
|start
|switch|p1a: Nidoqueen|Nidoqueen, F|384\/384
|switch|p2a: Tentacruel|Tentacruel, F|302\/302
|turn|1
|
|switch|p1a: Vaporeon|Vaporeon, M|464\/464
|move|p2a: Tentacruel|Hydro Pump|p1a: Vaporeon
|-immune|p1a: Vaporeon|[msg]
|
|turn|2
|join|Hiro Test
|
|move|p2a: Tentacruel|Acid Spray|p1a: Vaporeon
|-damage|p1a: Vaporeon|413\/464
|-unboost|p1a: Vaporeon|spd|2
|move|p1a: Vaporeon|Scald|p2a: Tentacruel
|-resisted|p2a: Tentacruel
|-damage|p2a: Tentacruel|271\/302
|
|-heal|p1a: Vaporeon|442\/464|[from] item: Leftovers
|turn|3
|
|move|p1a: Vaporeon|Protect|p1a: Vaporeon
|-singleturn|p1a: Vaporeon|Protect
|move|p2a: Tentacruel|Acid Spray|p1a: Vaporeon
|-activate|p1a: Vaporeon|Protect
|
|-heal|p1a: Vaporeon|464\/464|[from] item: Leftovers
|turn|4
|
|move|p2a: Tentacruel|Acid Spray|p1a: Vaporeon
|-damage|p1a: Vaporeon|346\/464
|-unboost|p1a: Vaporeon|spd|2
|move|p1a: Vaporeon|Scald|p2a: Tentacruel
|-resisted|p2a: Tentacruel
|-damage|p2a: Tentacruel|242\/302
|-status|p2a: Tentacruel|brn
|
|-heal|p1a: Vaporeon|375\/464|[from] item: Leftovers
|-damage|p2a: Tentacruel|205\/302 brn|[from] brn
|turn|5
|
|switch|p2a: Florges|Florges, F|360\/360
|move|p1a: Vaporeon|Protect|p1a: Vaporeon
|-fail|p1a: Vaporeon
|
|-heal|p1a: Vaporeon|404\/464|[from] item: Leftovers
|turn|6
|
|switch|p1a: Chandelure|Chandelure, M|262\/262
|move|p2a: Florges|Moonblast|p1a: Chandelure
|-crit|p1a: Chandelure
|-resisted|p1a: Chandelure
|-damage|p1a: Chandelure|109\/262
|-damage|p2a: Florges|324\/360|[from] item: Life Orb
|
|-heal|p1a: Chandelure|125\/262|[from] item: Leftovers
|turn|7
|
|switch|p1a: Vaporeon|Vaporeon, M|404\/464
|move|p2a: Florges|Psychic|p1a: Vaporeon
|-damage|p1a: Vaporeon|283\/464
|-damage|p2a: Florges|288\/360|[from] item: Life Orb
|
|-heal|p1a: Vaporeon|312\/464|[from] item: Leftovers
|turn|8
|c|★Sac Riz|o:
|
|move|p2a: Florges|Energy Ball|p1a: Vaporeon
|-supereffective|p1a: Vaporeon
|-damage|p1a: Vaporeon|88\/464
|-damage|p2a: Florges|252\/360|[from] item: Life Orb
|move|p1a: Vaporeon|Wish|p1a: Vaporeon
|
|-heal|p1a: Vaporeon|117\/464|[from] item: Leftovers
|turn|9
|c|★Sac Riz|Nice Florges (:
|
|switch|p2a: Victini|Victini|341\/341
|move|p1a: Vaporeon|Protect|p1a: Vaporeon
|-fail|p1a: Vaporeon
|
|-heal|p1a: Vaporeon|349\/464|[from] move: Wish|[wisher] Vaporeon
|-heal|p1a: Vaporeon|378\/464|[from] item: Leftovers
|turn|10
|
|move|p1a: Vaporeon|Protect|p1a: Vaporeon
|-singleturn|p1a: Vaporeon|Protect
|move|p2a: Victini|Bolt Strike|p1a: Vaporeon
|-activate|p1a: Vaporeon|Protect
|
|-heal|p1a: Vaporeon|407\/464|[from] item: Leftovers
|turn|11
|
|switch|p2a: Tentacruel|Tentacruel, F|205\/302 brn
|switch|p1a: Haxorus|Haxorus, F|294\/294
|-ability|p1a: Haxorus|Mold Breaker
|
|-damage|p2a: Tentacruel|168\/302 brn|[from] brn
|turn|12
|
|switch|p1a: Vaporeon|Vaporeon, M|407\/464
|move|p2a: Tentacruel|Ice Beam|p1a: Vaporeon
|-resisted|p1a: Vaporeon
|-damage|p1a: Vaporeon|363\/464
|
|-heal|p1a: Vaporeon|392\/464|[from] item: Leftovers
|-damage|p2a: Tentacruel|131\/302 brn|[from] brn
|turn|13
|
|switch|p2a: Raikou|Raikou, shiny|322\/322
|-ability|p2a: Raikou|Pressure
|move|p1a: Vaporeon|Protect|p1a: Vaporeon
|-fail|p1a: Vaporeon
|
|-heal|p1a: Vaporeon|421\/464|[from] item: Leftovers
|turn|14
|
|switch|p2a: Lucario|Lucario, F|281\/281
|switch|p1a: Nidoqueen|Nidoqueen, F|384\/384
|
|turn|15
|
|move|p2a: Lucario|Swords Dance|p2a: Lucario
|-boost|p2a: Lucario|atk|2
|move|p1a: Nidoqueen|Earth Power|p2a: Lucario
|-crit|p2a: Lucario
|-supereffective|p2a: Lucario
|-enditem|p2a: Lucario|Focus Sash
|-damage|p2a: Lucario|1\/281
|
|turn|16
|
|move|p2a: Lucario|Iron Tail|p1a: Nidoqueen|[miss]
|-miss|p2a: Lucario|p1a: Nidoqueen
|move|p1a: Nidoqueen|Earth Power|p2a: Lucario
|-supereffective|p2a: Lucario
|-damage|p2a: Lucario|0 fnt
|faint|p2a: Lucario
|
|
|switch|p2a: Victini|Victini|341\/341
|turn|17
|
|switch|p1a: Vaporeon|Vaporeon, M|421\/464
|move|p2a: Victini|Bolt Strike|p1a: Vaporeon
|-supereffective|p1a: Vaporeon
|-damage|p1a: Vaporeon|11\/464
|-status|p1a: Vaporeon|par
|
|-heal|p1a: Vaporeon|40\/464 par|[from] item: Leftovers
|turn|18
|
|switch|p2a: Florges|Florges, F|252\/360
|switch|p1a: Nidoqueen|Nidoqueen, F|384\/384
|
|turn|19
|
|switch|p1a: Vaporeon|Vaporeon, M|40\/464 par
|move|p2a: Florges|Psychic|p1a: Vaporeon
|-damage|p1a: Vaporeon|0 fnt
|-damage|p2a: Florges|216\/360|[from] item: Life Orb
|faint|p1a: Vaporeon
|
|
|switch|p1a: Togekiss|Togekiss, M|374\/374
|turn|20
|
|switch|p2a: Victini|Victini|341\/341
|move|p1a: Togekiss|Thunder Wave|p2a: Victini
|-status|p2a: Victini|par
|
|turn|21
|
|switch|p2a: Raikou|Raikou, shiny|322\/322
|-ability|p2a: Raikou|Pressure
|move|p1a: Togekiss|Roost|p1a: Togekiss
|-fail|p1a: Togekiss
|
|turn|22
|
|move|p2a: Raikou|Hidden Power|p1a: Togekiss
|-supereffective|p1a: Togekiss
|-damage|p1a: Togekiss|278\/374
|move|p1a: Togekiss|Air Slash|p2a: Raikou
|-resisted|p2a: Raikou
|-damage|p2a: Raikou|266\/322
|
|-heal|p1a: Togekiss|301\/374|[from] item: Leftovers
|turn|23
|
|switch|p2a: Tentacruel|Tentacruel, F|131\/302 brn
|switch|p1a: Chandelure|Chandelure, M|125\/262
|
|-heal|p1a: Chandelure|141\/262|[from] item: Leftovers
|-damage|p2a: Tentacruel|94\/302 brn|[from] brn
|turn|24
|
|switch|p1a: Togekiss|Togekiss, M|301\/374
|move|p2a: Tentacruel|Hydro Pump|p1a: Togekiss
|-damage|p1a: Togekiss|213\/374
|
|-heal|p1a: Togekiss|236\/374|[from] item: Leftovers
|-damage|p2a: Tentacruel|57\/302 brn|[from] brn
|turn|25
|
|move|p2a: Tentacruel|Acid Spray|p1a: Togekiss
|-supereffective|p1a: Togekiss
|-damage|p1a: Togekiss|170\/374
|-unboost|p1a: Togekiss|spd|2
|move|p1a: Togekiss|Roost|p1a: Togekiss
|-heal|p1a: Togekiss|357\/374
|
|-heal|p1a: Togekiss|374\/374|[from] item: Leftovers
|-damage|p2a: Tentacruel|20\/302 brn|[from] brn
|turn|26
|
|move|p2a: Tentacruel|Ice Beam|p1a: Togekiss
|-supereffective|p1a: Togekiss
|-damage|p1a: Togekiss|160\/374
|move|p1a: Togekiss|Roost|p1a: Togekiss
|-heal|p1a: Togekiss|347\/374
|
|-heal|p1a: Togekiss|370\/374|[from] item: Leftovers
|-damage|p2a: Tentacruel|0 fnt|[from] brn
|faint|p2a: Tentacruel
|
|switch|p2a: Raikou|Raikou, shiny|266\/322
|-ability|p2a: Raikou|Pressure
|turn|27
|
|switch|p2a: Hippowdon|Hippowdon, M|420\/420
|-weather|Sandstorm
|switch|p1a: Nidoqueen|Nidoqueen, F|384\/384
|
|-weather|Sandstorm|[upkeep]
|turn|28
|
|switch|p1a: Togekiss|Togekiss, M|370\/374
|move|p2a: Hippowdon|Earthquake|p1a: Togekiss
|-immune|p1a: Togekiss|[msg]
|
|-weather|Sandstorm|[upkeep]
|-damage|p1a: Togekiss|347\/374|[from] sandstorm
|-heal|p1a: Togekiss|370\/374|[from] item: Leftovers
|turn|29
|
|move|p1a: Togekiss|Air Slash|p2a: Hippowdon
|-damage|p2a: Hippowdon|290\/420
|move|p2a: Hippowdon|Stealth Rock|p1a: Togekiss
|-sidestart|p1: Sac Riz|move: Stealth Rock
|
|-weather|Sandstorm|[upkeep]
|-damage|p1a: Togekiss|347\/374|[from] sandstorm
|-heal|p1a: Togekiss|370\/374|[from] item: Leftovers
|-heal|p2a: Hippowdon|316\/420|[from] item: Leftovers
|turn|30
|
|switch|p2a: Raikou|Raikou, shiny|266\/322
|-ability|p2a: Raikou|Pressure
|move|p1a: Togekiss|Defog|p2a: Raikou
|-unboost|p2a: Raikou|evasion|1
|-sideend|p1: Sac Riz|Stealth Rock|[from] move: Defog|[of] p1a: Togekiss
|
|-weather|Sandstorm|[upkeep]
|-damage|p2a: Raikou|246\/322|[from] sandstorm
|-damage|p1a: Togekiss|347\/374|[from] sandstorm
|-heal|p1a: Togekiss|370\/374|[from] item: Leftovers
|turn|31
|
|switch|p1a: Nidoqueen|Nidoqueen, F|384\/384
|move|p2a: Raikou|Volt Switch|p1a: Nidoqueen
|-immune|p1a: Nidoqueen|[msg]
|
|-weather|none
|turn|32
|-message|riteshh forfeited.
|
|win|Sac Riz
|raw|Ladder updating...
|leave|riteshh
|player|p2
|raw|Sac Riz's rating: 1459 &rarr; <strong>1482<\/strong><br \/>(+23 for winning)
|raw|riteshh's rating: 1502 &rarr; <strong>1480<\/strong><br \/>(-22 for losing)