|join|Sac Riz
|join|CykoMore
|player|p1|Sac Riz|102
|player|p2|CykoMore|69
|gametype|singles
|gen|6
|tier|UU
|rule|Sleep Clause Mod: Limit one foe put to sleep
|rule|Species Clause: Limit one of each Pokémon
|rule|OHKO Clause: OHKO moves are banned
|rule|Moody Clause: Moody is banned
|rule|Evasion Moves Clause: Evasion moves are banned
|rule|Endless Battle Clause: Forcing endless battles is banned
|rule|HP Percentage Mod: HP is shown in percentages
|clearpoke
|poke|p1|Absol, F
|poke|p1|Nidoqueen, F
|poke|p1|Chandelure, F
|poke|p1|Vaporeon, M
|poke|p1|Togekiss, F
|poke|p1|Haxorus, M
|poke|p2|Porygon2
|poke|p2|Reuniclus, F
|poke|p2|Blastoise, M
|poke|p2|Machamp, M
|poke|p2|Escavalier, F
|poke|p2|Diancie
|rule|Swagger Clause: Swagger is banned
|rule|Baton Pass Clause: Limit one Pokémon knowing Baton Pass
|teampreview
|c|★Sac Riz|Gl hf
|c|★Sac Riz|Oh
|c|★Sac Riz|Une disto entière
|c|★CykoMore|A toi aussi 
|c|★CykoMore|oui ^^ 
|
|start
|switch|p1a: Nidoqueen|Nidoqueen, F|384\/384
|switch|p2a: Porygon2|Porygon2|374\/374
|-ability|p2a: Porygon2|Sheer Force|[from] ability: Trace|[of] p1a: Nidoqueen
|turn|1
|
|move|p1a: Nidoqueen|Stealth Rock|p2a: Porygon2
|-sidestart|p2: CykoMore|move: Stealth Rock
|move|p2a: Porygon2|Trick Room|p2a: Porygon2
|-fieldstart|move: Trick Room|[of] p2a: Porygon2
|
|turn|2
|
|switch|p1a: Togekiss|Togekiss, F|374\/374
|move|p2a: Porygon2|Foul Play|p1a: Togekiss
|-resisted|p1a: Togekiss
|-damage|p1a: Togekiss|354\/374
|
|-heal|p1a: Togekiss|374\/374|[from] item: Leftovers
|turn|3
|join|Hiro Test
|
|move|p2a: Porygon2|Toxic|p1a: Togekiss
|-status|p1a: Togekiss|tox
|move|p1a: Togekiss|Air Slash|p2a: Porygon2
|-damage|p2a: Porygon2|320\/374
|
|-damage|p1a: Togekiss|351\/374 tox|[from] psn
|turn|4
|c|★Sac Riz|Un stall sous TR ? o:
|c|★CykoMore|Nop xD
|c|★Sac Riz|Toxic c'est space o:
|
|switch|p2a: Diancie|Diancie|304\/304
|-damage|p2a: Diancie|266\/304|[from] Stealth Rock
|switch|p1a: Vaporeon|Vaporeon, M|464\/464
|
|turn|5
|
|switch|p2a: Machamp|Machamp, M|384\/384
|-damage|p2a: Machamp|360\/384|[from] Stealth Rock
|move|p1a: Vaporeon|Heal Bell|p1a: Vaporeon
|-cureteam|p1a: Vaporeon|[from] move: HealBell
|
|-fieldend|move: Trick Room
|turn|6
|
|switch|p1a: Togekiss|Togekiss, F|351\/374
|move|p2a: Machamp|Knock Off|p1a: Togekiss
|-resisted|p1a: Togekiss
|-damage|p1a: Togekiss|289\/374
|-enditem|p1a: Togekiss|Leftovers|[from] move: Knock Off|[of] p2a: Machamp
|
|turn|7
|
|switch|p2a: Porygon2|Porygon2|320\/374
|-damage|p2a: Porygon2|274\/374|[from] Stealth Rock
|-ability|p2a: Porygon2|Serene Grace|[from] ability: Trace|[of] p1a: Togekiss
|move|p1a: Togekiss|Air Slash|p2a: Porygon2
|-damage|p2a: Porygon2|225\/374
|
|turn|8
|
|switch|p1a: Vaporeon|Vaporeon, M|464\/464
|move|p2a: Porygon2|Trick Room|p2a: Porygon2
|-fieldstart|move: Trick Room|[of] p2a: Porygon2
|
|turn|9
|
|switch|p2a: Machamp|Machamp, M|360\/384
|-damage|p2a: Machamp|336\/384|[from] Stealth Rock
|move|p1a: Vaporeon|Wish|p1a: Vaporeon
|
|turn|10
|
|move|p1a: Vaporeon|Protect|p1a: Vaporeon
|-singleturn|p1a: Vaporeon|Protect
|move|p2a: Machamp|Knock Off|p1a: Vaporeon
|-activate|p1a: Vaporeon|Protect
|
|turn|11
|
|switch|p1a: Togekiss|Togekiss, F|289\/374
|move|p2a: Machamp|Ice Punch|p1a: Togekiss
|-supereffective|p1a: Togekiss
|-damage|p1a: Togekiss|75\/374
|
|turn|12
|c|★Sac Riz|Bien vu
|
|move|p2a: Machamp|Close Combat|p1a: Togekiss
|-resisted|p1a: Togekiss
|-damage|p1a: Togekiss|18\/374
|-unboost|p2a: Machamp|def|1
|-unboost|p2a: Machamp|spd|1
|move|p1a: Togekiss|Roost|p1a: Togekiss
|-heal|p1a: Togekiss|205\/374
|
|-fieldend|move: Trick Room
|turn|13
|
|switch|p1a: Chandelure|Chandelure, F|262\/262
|switch|p2a: Porygon2|Porygon2|225\/374
|-damage|p2a: Porygon2|179\/374|[from] Stealth Rock
|-ability|p2a: Porygon2|Infiltrator|[from] ability: Trace|[of] p1a: Chandelure
|
|turn|14
|
|move|p1a: Chandelure|Substitute|p1a: Chandelure
|-start|p1a: Chandelure|Substitute
|-damage|p1a: Chandelure|197\/262
|move|p2a: Porygon2|Recover|p2a: Porygon2
|-heal|p2a: Porygon2|366\/374
|
|-heal|p1a: Chandelure|213\/262|[from] item: Leftovers
|turn|15
|
|move|p1a: Chandelure|Calm Mind|p1a: Chandelure
|-boost|p1a: Chandelure|spa|1
|-boost|p1a: Chandelure|spd|1
|move|p2a: Porygon2|Foul Play|p1a: Chandelure
|-supereffective|p1a: Chandelure
|-damage|p1a: Chandelure|119\/262
|
|-heal|p1a: Chandelure|135\/262|[from] item: Leftovers
|turn|16
|c|★Sac Riz|omg
|
|move|p1a: Chandelure|Fire Blast|p2a: Porygon2
|-damage|p2a: Porygon2|182\/374
|-status|p2a: Porygon2|brn
|move|p2a: Porygon2|Foul Play|p1a: Chandelure
|-supereffective|p1a: Chandelure
|-damage|p1a: Chandelure|91\/262
|
|-heal|p1a: Chandelure|107\/262|[from] item: Leftovers
|-damage|p2a: Porygon2|136\/374 brn|[from] brn
|turn|17
|c|★Sac Riz|Sorry
|c|★Sac Riz|Gros gros haxx
|c|★CykoMore|Oui ca donne une autre tournure là 
|c|★Sac Riz|yep
|
|move|p1a: Chandelure|Fire Blast|p2a: Porygon2
|-damage|p2a: Porygon2|0 fnt
|faint|p2a: Porygon2
|
|-heal|p1a: Chandelure|123\/262|[from] item: Leftovers
|join|andrea00000000000
|
|switch|p2a: Blastoise|Blastoise, M|362\/362
|-damage|p2a: Blastoise|317\/362|[from] Stealth Rock
|turn|18
|c|★Sac Riz|Chandelure va être chaud à arrêter
|
|detailschange|p2a: Blastoise|Blastoise-Mega, M
|message|Blastoise has Mega Evolved into Mega Blastoise!
|move|p1a: Chandelure|Shadow Ball|p2a: Blastoise
|-damage|p2a: Blastoise|106\/362
|move|p2a: Blastoise|Dark Pulse|p1a: Chandelure
|-supereffective|p1a: Chandelure
|-end|p1a: Chandelure|Substitute
|
|-heal|p1a: Chandelure|139\/262|[from] item: Leftovers
|turn|19
|c|★CykoMore|Maintenant oui 
|c| andrea00000000000|CykoMore tes le vrais
|
|move|p1a: Chandelure|Shadow Ball|p2a: Blastoise
|-damage|p2a: Blastoise|0 fnt
|faint|p2a: Blastoise
|
|-heal|p1a: Chandelure|155\/262|[from] item: Leftovers
|c|★Sac Riz|Non c'est un fake ^^^^
|
|switch|p2a: Machamp|Machamp, M|336\/384
|-damage|p2a: Machamp|312\/384|[from] Stealth Rock
|turn|20
|
|move|p1a: Chandelure|Fire Blast|p2a: Machamp
|-damage|p2a: Machamp|48\/384
|move|p2a: Machamp|Knock Off|p1a: Chandelure
|-crit|p1a: Chandelure
|-supereffective|p1a: Chandelure
|-damage|p1a: Chandelure|0 fnt
|-enditem|p1a: Chandelure|Leftovers|[from] move: Knock Off|[of] p2a: Machamp
|faint|p1a: Chandelure
|
|c| andrea00000000000|ouf
|c|★Sac Riz|Mdr
|join|DarkiGamer
|c|★CykoMore|Oui Andrea
|
|switch|p1a: Togekiss|Togekiss, F|205\/374
|turn|21
|
|move|p2a: Machamp|Bullet Punch|p1a: Togekiss
|-supereffective|p1a: Togekiss
|-damage|p1a: Togekiss|91\/374
|move|p1a: Togekiss|Air Slash|p2a: Machamp|[miss]
|-miss|p1a: Togekiss|p2a: Machamp
|
|turn|22
|c|★Sac Riz|L'ironie imcomprise ):
|
|move|p2a: Machamp|Bullet Punch|p1a: Togekiss
|-supereffective|p1a: Togekiss
|-damage|p1a: Togekiss|0 fnt
|faint|p1a: Togekiss
|
|c| andrea00000000000|on fait un  combat 
|leave|DarkiGamer
|
|switch|p1a: Nidoqueen|Nidoqueen, F|384\/384
|turn|23
|c| andrea00000000000|CykoMore
|
|move|p2a: Machamp|Bullet Punch|p1a: Nidoqueen
|-damage|p1a: Nidoqueen|327\/384
|move|p1a: Nidoqueen|Earth Power|p2a: Machamp
|-damage|p2a: Machamp|0 fnt
|faint|p2a: Machamp
|
|
|switch|p2a: Reuniclus|Reuniclus, F|424\/424
|turn|24
|
|move|p1a: Nidoqueen|Sludge Bomb|p2a: Reuniclus
|-crit|p2a: Reuniclus
|-damage|p2a: Reuniclus|77\/424
|move|p2a: Reuniclus|Trick Room|p2a: Reuniclus
|-fieldstart|move: Trick Room|[of] p2a: Reuniclus
|
|turn|25
|c|★Sac Riz|Omg
|c|★Sac Riz|Sorry :\/
|c| andrea00000000000|CykoMore combat apres
|c| Hiro Test|Sacri' ce haxxeur (troll)
|c|★Sac Riz|Toi chut ):
|c|★CykoMore|np :) 
|
|switch|p1a: Absol|Absol, F|271\/271
|move|p2a: Reuniclus|Psyshock|p1a: Absol
|-immune|p1a: Absol|[msg]
|
|turn|26
|c| Hiro Test|:)
|
|switch|p2a: Diancie|Diancie|266\/304
|-damage|p2a: Diancie|228\/304|[from] Stealth Rock
|detailschange|p1a: Absol|Absol-Mega, F
|message|Absol has Mega Evolved into Mega Absol!
|move|p1a: Absol|Sucker Punch|p2a: Diancie
|-fail|p2a: Diancie
|
|turn|27
|
|switch|p2a: Reuniclus|Reuniclus, F|77\/424
|switch|p1a: Nidoqueen|Nidoqueen, F|327\/384
|
|turn|28
|
|move|p2a: Reuniclus|Psyshock|p1a: Nidoqueen
|-supereffective|p1a: Nidoqueen
|-damage|p1a: Nidoqueen|0 fnt
|faint|p1a: Nidoqueen
|
|-fieldend|move: Trick Room
|c|★Sac Riz|Bien vu
|c|★Sac Riz|Encore
|
|switch|p1a: Haxorus|Haxorus, M|294\/294
|-ability|p1a: Haxorus|Mold Breaker
|turn|29
|c|★Sac Riz|Le pire
|c| andrea00000000000|pourquoi chut
|c|★Sac Riz|C'est que tu peux win
|c| Hiro Test|Andrea
|c| Hiro Test|Le chut était pour moi :)
|
|move|p1a: Haxorus|Earthquake|p2a: Reuniclus
|-crit|p2a: Reuniclus
|-damage|p2a: Reuniclus|0 fnt
|-damage|p1a: Haxorus|265\/294|[from] item: Life Orb
|faint|p2a: Reuniclus
|
|
|switch|p2a: Escavalier|Escavalier, F|344\/344
|-damage|p2a: Escavalier|301\/344|[from] Stealth Rock
|turn|30
|c| andrea00000000000|ok
|
|switch|p1a: Vaporeon|Vaporeon, M|464\/464
|move|p2a: Escavalier|Megahorn|p1a: Vaporeon
|-damage|p1a: Vaporeon|217\/464
|
|-heal|p1a: Vaporeon|246\/464|[from] item: Leftovers
|turn|31
|
|move|p1a: Vaporeon|Protect|p1a: Vaporeon
|-singleturn|p1a: Vaporeon|Protect
|move|p2a: Escavalier|Megahorn|p1a: Vaporeon
|-activate|p1a: Vaporeon|Protect
|
|-heal|p1a: Vaporeon|275\/464|[from] item: Leftovers
|turn|32
|
|move|p1a: Vaporeon|Scald|p2a: Escavalier
|-damage|p2a: Escavalier|232\/344
|move|p2a: Escavalier|Megahorn|p1a: Vaporeon
|-damage|p1a: Vaporeon|52\/464
|
|-heal|p1a: Vaporeon|81\/464|[from] item: Leftovers
|turn|33
|
|move|p1a: Vaporeon|Scald|p2a: Escavalier
|-damage|p2a: Escavalier|166\/344
|-status|p2a: Escavalier|brn
|move|p2a: Escavalier|Megahorn|p1a: Vaporeon|[miss]
|-miss|p2a: Escavalier|p1a: Vaporeon
|
|-heal|p1a: Vaporeon|110\/464|[from] item: Leftovers
|-damage|p2a: Escavalier|123\/344 brn|[from] brn
|turn|34
|c|★Sac Riz|God
|c|★Sac Riz|J'ai limite honte
|c|★CykoMore|Nooon :(
|c| andrea00000000000|god egale ieu mecd
|
|switch|p2a: Diancie|Diancie|228\/304
|-damage|p2a: Diancie|190\/304|[from] Stealth Rock
|move|p1a: Vaporeon|Scald|p2a: Diancie
|-supereffective|p2a: Diancie
|-damage|p2a: Diancie|50\/304
|-enditem|p2a: Diancie|Weakness Policy
|-boost|p2a: Diancie|atk|2|[from] item: Weakness Policy
|-boost|p2a: Diancie|spa|2|[from] item: Weakness Policy
|
|-heal|p1a: Vaporeon|139\/464|[from] item: Leftovers
|turn|35
|
|move|p1a: Vaporeon|Scald|p2a: Diancie
|-supereffective|p2a: Diancie
|-damage|p2a: Diancie|0 fnt
|faint|p2a: Diancie
|
|-heal|p1a: Vaporeon|168\/464|[from] item: Leftovers
|
|switch|p2a: Escavalier|Escavalier, F|123\/344 brn
|-damage|p2a: Escavalier|80\/344 brn|[from] Stealth Rock
|turn|36
|c|★CykoMore|gg 
|c|★CykoMore|J'ai pensé que tu allais switch 
|c|★Sac Riz|gg, et encore désolé :\/
|c| andrea00000000000|CykoMore combat apres
|c|★Sac Riz|J'avais pas de raison de switch
|c|★CykoMore|j'aurais du attendre  que tu tue escalier
|c|★CykoMore|escavalier
|c|★Sac Riz|Le match était fini
|c|★Sac Riz|Haxorus terminait
|c|★CykoMore|Non j'aurais placé la tr + la weakness activé mais sucher m'aurait surement tué
|
|move|p1a: Vaporeon|Scald|p2a: Escavalier
|-damage|p2a: Escavalier|13\/344 brn
|move|p2a: Escavalier|Megahorn|p1a: Vaporeon|[miss]
|-miss|p2a: Escavalier|p1a: Vaporeon
|
|-heal|p1a: Vaporeon|197\/464|[from] item: Leftovers
|-damage|p2a: Escavalier|0 fnt|[from] brn
|faint|p2a: Escavalier
|
|win|Sac Riz
|c|★CykoMore|lol 
|c|★CykoMore|Jusqu'au bout 
|c|★Sac Riz|x)
|c|★CykoMore|Je vais manger 
|c|★Sac Riz|Oui, ce match est volé.
|c| Hiro Test|N'app :)
|c|★Sac Riz|Tu as Skype ?
|c|★CykoMore|Bon app à vous peut-être à toute 
|c|★Sac Riz|Bon app'
|c|★CykoMore|je l'ai bien aimé, je vais peut(être le mettre je ne sais pas 
|c|★Sac Riz|C'est toi qui vois
|c|★CykoMore|Après le haxx est vraiment important
|c|★Sac Riz|Mais j'ai haxx comme un porc, je vais me faire détester Oo
|c|★Sac Riz|Ceci dit
|c|★CykoMore|Mais non :)
|c|★Sac Riz|Après deux décisifs haxx, t'avais encore tes chances
|c|★Sac Riz|Mais c'est vraiment le miss de mégacorne qui boucle le match
|c|★Sac Riz|Et le burn ensuite
|join|Xopi
|c|★Sac Riz|36 tours Oo
|c|★Sac Riz|Pas mal pour une TR
|leave|Xopi
|join|Shasimo
|leave|Shasimo
|leave|andrea00000000000
|c|★CykoMore|Merci :) 