|join|Bob the Bro
|join|Sac Riz
|player|p1|Bob the Bro|23
|player|p2|Sac Riz|1
|gametype|singles
|gen|6
|tier|UU
|rated
|rule|Sleep Clause Mod: Limit one foe put to sleep
|rule|Species Clause: Limit one of each Pokémon
|rule|OHKO Clause: OHKO moves are banned
|rule|Moody Clause: Moody is banned
|rule|Evasion Moves Clause: Evasion moves are banned
|rule|Endless Battle Clause: Forcing endless battles is banned
|rule|HP Percentage Mod: HP is shown in percentages
|clearpoke
|poke|p1|Togekiss, F
|poke|p1|Aggron, M
|poke|p1|Crobat, M
|poke|p1|Blissey, F
|poke|p1|Alomomola, M
|poke|p1|Krookodile, M
|poke|p2|Absol, F
|poke|p2|Nidoqueen, F
|poke|p2|Chandelure, F
|poke|p2|Vaporeon, M
|poke|p2|Togekiss, M
|poke|p2|Haxorus, F
|rule|Swagger Clause: Swagger is banned
|rule|Baton Pass Clause: Limit one Pokémon knowing Baton Pass
|teampreview
|join|Backwardznuggie
|
|start
|switch|p1a: The Don|Krookodile, M|331\/331
|switch|p2a: Nidoqueen|Nidoqueen, F|384\/384
|-ability|p1a: The Don|Intimidate|[of] p2a: Nidoqueen
|-unboost|p2a: Nidoqueen|atk|1
|turn|1
|c| Backwardznuggie|Moment of truth!
|join|Hiro Test
|c|★Bob the Bro|if i lose i'd lose like 30 points -.-
|
|switch|p2a: Vaporeon|Vaporeon, M|464\/464
|move|p1a: The Don|Earthquake|p2a: Vaporeon
|-damage|p2a: Vaporeon|191\/464
|
|-heal|p2a: Vaporeon|220\/464|[from] item: Leftovers
|turn|2
|
|switch|p1a: Aggron|Aggron, M|344\/344
|move|p2a: Vaporeon|Protect|p2a: Vaporeon
|-fail|p2a: Vaporeon
|
|-heal|p2a: Vaporeon|249\/464|[from] item: Leftovers
|turn|3
|join|EyanZ
|
|switch|p1a: Togekiss|Togekiss, F|374\/374
|move|p2a: Vaporeon|Wish|p2a: Vaporeon
|
|-heal|p2a: Vaporeon|278\/464|[from] item: Leftovers
|turn|4
|
|move|p2a: Vaporeon|Protect|p2a: Vaporeon
|-singleturn|p2a: Vaporeon|Protect
|move|p1a: Togekiss|Nasty Plot|p1a: Togekiss
|-boost|p1a: Togekiss|spa|2
|
|-heal|p2a: Vaporeon|464\/464|[from] move: Wish|[wisher] Vaporeon
|turn|5
|c| Backwardznuggie|You got this
|join|PaulK618
|
|move|p1a: Togekiss|Air Slash|p2a: Vaporeon
|-damage|p2a: Vaporeon|250\/464
|move|p2a: Vaporeon|Scald|p1a: Togekiss
|-damage|p1a: Togekiss|280\/374
|
|-heal|p1a: Togekiss|303\/374|[from] item: Leftovers
|-heal|p2a: Vaporeon|279\/464|[from] item: Leftovers
|turn|6
|
|move|p2a: Vaporeon|Protect|p2a: Vaporeon
|-singleturn|p2a: Vaporeon|Protect
|move|p1a: Togekiss|Air Slash|p2a: Vaporeon
|-activate|p2a: Vaporeon|Protect
|
|-heal|p1a: Togekiss|326\/374|[from] item: Leftovers
|-heal|p2a: Vaporeon|308\/464|[from] item: Leftovers
|turn|7
|
|move|p1a: Togekiss|Air Slash|p2a: Vaporeon
|-damage|p2a: Vaporeon|85\/464
|cant|p2a: Vaporeon|flinch
|
|-heal|p1a: Togekiss|349\/374|[from] item: Leftovers
|-heal|p2a: Vaporeon|114\/464|[from] item: Leftovers
|turn|8
|
|move|p1a: Togekiss|Air Slash|p2a: Vaporeon
|-damage|p2a: Vaporeon|0 fnt
|faint|p2a: Vaporeon
|
|-heal|p1a: Togekiss|372\/374|[from] item: Leftovers
|
|switch|p2a: Togekiss|Togekiss, M|374\/374
|turn|9
|
|move|p1a: Togekiss|Air Slash|p2a: Togekiss
|-damage|p2a: Togekiss|250\/374
|cant|p2a: Togekiss|flinch
|
|-heal|p1a: Togekiss|374\/374|[from] item: Leftovers
|-heal|p2a: Togekiss|273\/374|[from] item: Leftovers
|turn|10
|
|move|p1a: Togekiss|Air Slash|p2a: Togekiss
|-damage|p2a: Togekiss|147\/374
|cant|p2a: Togekiss|flinch
|
|-heal|p2a: Togekiss|170\/374|[from] item: Leftovers
|turn|11
|c|★Bob the Bro|that kiss has some srs bulk
|
|move|p1a: Togekiss|Air Slash|p2a: Togekiss
|-damage|p2a: Togekiss|40\/374
|cant|p2a: Togekiss|flinch
|
|-heal|p2a: Togekiss|63\/374|[from] item: Leftovers
|turn|12
|c|★Sac Riz|Great
|c| Hiro Test|Oo
|
|move|p1a: Togekiss|Air Slash|p2a: Togekiss
|-damage|p2a: Togekiss|0 fnt
|faint|p2a: Togekiss
|
|
|switch|p2a: Nidoqueen|Nidoqueen, F|384\/384
|turn|13
|
|move|p1a: Togekiss|Air Slash|p2a: Nidoqueen
|-damage|p2a: Nidoqueen|155\/384
|move|p2a: Nidoqueen|Sludge Bomb|p1a: Togekiss
|-supereffective|p1a: Togekiss
|-damage|p1a: Togekiss|20\/374
|
|-heal|p1a: Togekiss|43\/374|[from] item: Leftovers
|turn|14
|c| Backwardznuggie|Hah the flinch game is sharp
|
|move|p1a: Togekiss|Air Slash|p2a: Nidoqueen
|-damage|p2a: Nidoqueen|0 fnt
|faint|p2a: Nidoqueen
|
|-heal|p1a: Togekiss|66\/374|[from] item: Leftovers
|
|switch|p2a: Haxorus|Haxorus, F|294\/294
|-ability|p2a: Haxorus|Mold Breaker
|turn|15
|
|move|p2a: Haxorus|Poison Jab|p1a: Togekiss
|-supereffective|p1a: Togekiss
|-damage|p1a: Togekiss|0 fnt
|-damage|p2a: Haxorus|265\/294|[from] item: Life Orb
|faint|p1a: Togekiss
|
|
|switch|p1a: The Don|Krookodile, M|331\/331
|-ability|p1a: The Don|Intimidate|[of] p2a: Haxorus
|-unboost|p2a: Haxorus|atk|1
|turn|16
|
|move|p2a: Haxorus|Dragon Dance|p2a: Haxorus
|-boost|p2a: Haxorus|atk|1
|-boost|p2a: Haxorus|spe|1
|move|p1a: The Don|Earthquake|p2a: Haxorus
|-damage|p2a: Haxorus|0 fnt
|faint|p2a: Haxorus
|
|
|switch|p2a: Requiem|Absol, F|271\/271
|turn|17
|
|detailschange|p2a: Requiem|Absol-Mega, F
|message|Absol has Mega Evolved into Mega Absol!
|move|p1a: The Don|Earthquake|p2a: Requiem
|-damage|p2a: Requiem|0 fnt
|faint|p2a: Requiem
|
|c|★Sac Riz|gg
|
|switch|p2a: Chandelure|Chandelure, F|262\/262
|turn|18
|c|★Bob the Bro|band krook is real
|
|move|p1a: The Don|Earthquake|p2a: Chandelure
|-supereffective|p2a: Chandelure
|-damage|p2a: Chandelure|0 fnt
|faint|p2a: Chandelure
|
|win|Bob the Bro
|raw|Ladder updating...
|raw|Bob the Bro's rating: 1754 &rarr; <strong>1761<\/strong><br \/>(+7 for winning)
|raw|Sac Riz's rating: 1474 &rarr; <strong>1467<\/strong><br \/>(-7 for losing)
|c|★Sac Riz|y
|c|★Bob the Bro|gg