|join|donkii
|join|Sac Riz
|player|p1|donkii|184
|player|p2|Sac Riz|266
|gametype|singles
|gen|6
|tier|UU
|rated
|rule|Sleep Clause Mod: Limit one foe put to sleep
|rule|Species Clause: Limit one of each Pokémon
|rule|OHKO Clause: OHKO moves are banned
|rule|Moody Clause: Moody is banned
|rule|Evasion Moves Clause: Evasion moves are banned
|rule|Endless Battle Clause: Forcing endless battles is banned
|rule|HP Percentage Mod: HP is shown in percentages
|clearpoke
|poke|p1|Nidoking, M, shiny
|poke|p1|Aerodactyl, M
|poke|p1|Hydreigon, F
|poke|p1|Empoleon, F
|poke|p1|Cofagrigus, F, shiny
|poke|p1|Whimsicott, F
|poke|p2|Entei, shiny
|poke|p2|Blastoise, M
|poke|p2|Celebi
|poke|p2|Raikou
|poke|p2|Lucario, F
|poke|p2|Hydreigon, F
|rule|Swagger Clause: Swagger is banned
|rule|Baton Pass Clause: Limit one Pokémon knowing Baton Pass
|teampreview
|
|start
|switch|p1a: Nidoking|Nidoking, M, shiny|303\/303
|switch|p2a: Lucario|Lucario, F|281\/281
|turn|1
|
|move|p2a: Lucario|Earthquake|p1a: Nidoking
|-supereffective|p1a: Nidoking
|-damage|p1a: Nidoking|0 fnt
|-damage|p2a: Lucario|253\/281|[from] item: Life Orb
|faint|p1a: Nidoking
|
|
|switch|p1a: Aerodactyl|Aerodactyl, M|301\/301
|-ability|p1a: Aerodactyl|Unnerve|p2: Sac Riz
|turn|2
|
|detailschange|p1a: Aerodactyl|Aerodactyl-Mega, M
|-mega|p1a: Aerodactyl|Aerodactyl|Aerodactylite
|move|p1a: Aerodactyl|Earthquake|p2a: Lucario
|-supereffective|p2a: Lucario
|-damage|p2a: Lucario|0 fnt
|faint|p2a: Lucario
|
|
|switch|p2a: Blastoise|Blastoise, M|361\/361
|turn|3
|
|switch|p1a: Whimsicott|Whimsicott, F|261\/261
|detailschange|p2a: Blastoise|Blastoise-Mega, M
|-mega|p2a: Blastoise|Blastoise|Blastoisinite
|move|p2a: Blastoise|Ice Beam|p1a: Whimsicott
|-supereffective|p1a: Whimsicott
|-damage|p1a: Whimsicott|0 fnt
|faint|p1a: Whimsicott
|
|
|switch|p1a: Empoleon|Empoleon, F|371\/371
|turn|4
|
|switch|p2a: Raikou|Raikou|321\/321
|-ability|p2a: Raikou|Pressure
|move|p1a: Empoleon|Stealth Rock|p2a: Raikou
|-sidestart|p2: Sac Riz|move: Stealth Rock
|
|turn|5
|
|move|p2a: Raikou|Volt Switch|p1a: Empoleon
|-supereffective|p1a: Empoleon
|-damage|p1a: Empoleon|77\/371
|
|switch|p2a: Celebi|Celebi|342\/342
|-damage|p2a: Celebi|300\/342|[from] Stealth Rock
|move|p1a: Empoleon|Scald|p2a: Celebi
|-resisted|p2a: Celebi
|-damage|p2a: Celebi|225\/342
|
|-heal|p1a: Empoleon|100\/371|[from] item: Leftovers
|turn|6
|
|switch|p1a: Hydreigon|Hydreigon, F|325\/325
|move|p2a: Celebi|Stealth Rock|p1a: Hydreigon
|-sidestart|p1: donkii|move: Stealth Rock
|
|turn|7
|
|move|p2a: Celebi|U-turn|p1a: Hydreigon
|-crit|p1a: Hydreigon
|-supereffective|p1a: Hydreigon
|-damage|p1a: Hydreigon|34\/325
|-damage|p2a: Celebi|191\/342|[from] item: Life Orb
|
|switch|p2a: Hydreigon|Hydreigon, F|325\/325
|-damage|p2a: Hydreigon|285\/325|[from] Stealth Rock
|move|p1a: Hydreigon|Dark Pulse|p2a: Hydreigon
|-resisted|p2a: Hydreigon
|-damage|p2a: Hydreigon|207\/325
|
|turn|8
|
|move|p2a: Hydreigon|U-turn|p1a: Hydreigon
|-supereffective|p1a: Hydreigon
|-damage|p1a: Hydreigon|0 fnt
|faint|p1a: Hydreigon
|
|switch|p2a: Blastoise|Blastoise-Mega, M|361\/361
|-damage|p2a: Blastoise|316\/361|[from] Stealth Rock
|
|
|switch|p1a: Cofagrigus|Cofagrigus, F, shiny|319\/319
|-damage|p1a: Cofagrigus|280\/319|[from] Stealth Rock
|turn|9
|
|move|p2a: Blastoise|Dark Pulse|p1a: Cofagrigus
|-supereffective|p1a: Cofagrigus
|-damage|p1a: Cofagrigus|0 fnt
|faint|p1a: Cofagrigus
|
|
|switch|p1a: Empoleon|Empoleon, F|100\/371
|-damage|p1a: Empoleon|77\/371|[from] Stealth Rock
|turn|10
|
|move|p2a: Blastoise|Dark Pulse|p1a: Empoleon
|-damage|p1a: Empoleon|0 fnt
|faint|p1a: Empoleon
|
|
|switch|p1a: Aerodactyl|Aerodactyl-Mega, M|301\/301
|-damage|p1a: Aerodactyl|226\/301|[from] Stealth Rock
|turn|11
|
|move|p1a: Aerodactyl|Stone Edge|p2a: Blastoise
|-damage|p2a: Blastoise|162\/361
|move|p2a: Blastoise|Hydro Pump|p1a: Aerodactyl|[miss]
|-miss|p2a: Blastoise|p1a: Aerodactyl
|
|turn|12
|c|★Sac Riz|gg
|
|move|p1a: Aerodactyl|Stone Edge|p2a: Blastoise
|-damage|p2a: Blastoise|3\/361
|move|p2a: Blastoise|Hydro Pump|p1a: Aerodactyl|[miss]
|-miss|p2a: Blastoise|p1a: Aerodactyl
|
|turn|13
|c|★Sac Riz|zzzzzzzzzzzzzzzzz
|
|move|p1a: Aerodactyl|Aerial Ace|p2a: Blastoise
|-damage|p2a: Blastoise|0 fnt
|faint|p2a: Blastoise
|
|
|switch|p2a: Hydreigon|Hydreigon, F|207\/325
|-damage|p2a: Hydreigon|167\/325|[from] Stealth Rock
|turn|14
|c|★donkii|you still have scarf drei
|c|★donkii|so shouldnt matter;p
|
|move|p2a: Hydreigon|Draco Meteor|p1a: Aerodactyl
|-damage|p1a: Aerodactyl|3\/301
|-unboost|p2a: Hydreigon|spa|2
|move|p1a: Aerodactyl|Aerial Ace|p2a: Hydreigon
|-damage|p2a: Hydreigon|0 fnt
|faint|p2a: Hydreigon
|
|
|switch|p2a: Entei|Entei, shiny|371\/371
|-damage|p2a: Entei|279\/371|[from] Stealth Rock
|-ability|p2a: Entei|Pressure
|turn|15
|c|★donkii|oh damn
|
|move|p2a: Entei|Extreme Speed|p1a: Aerodactyl
|-resisted|p1a: Aerodactyl
|-damage|p1a: Aerodactyl|0 fnt
|faint|p1a: Aerodactyl
|
|win|Sac Riz
|raw|Ladder updating...
|raw|donkii's rating: 1605 &rarr; <strong>1574<\/strong><br \/>(-31 for losing)
|raw|Sac Riz's rating: 1408 &rarr; <strong>1438<\/strong><br \/>(+30 for winning)
|c|★donkii|g
|leave|donkii
|player|p1
|c|★Sac Riz|gg