|join|Namidairo
|join|Snickered
|player|p1|Namidairo|2
|player|p2|Snickered|34
|gametype|singles
|gen|6
|tier|OU
|rated
|clearpoke
|poke|p1|Kingdra, M
|poke|p1|Breloom, F
|poke|p1|Gothitelle, F
|poke|p1|Swampert, F
|poke|p1|Politoed, M
|poke|p1|Jirachi
|poke|p2|Manaphy
|poke|p2|Ferrothorn, F
|poke|p2|Politoed, F
|poke|p2|Swampert, M
|poke|p2|Kabutops, M
|poke|p2|Conkeldurr, F
|rule|Swagger Clause: Swagger is banned
|rule|Baton Pass Clause: Limit one Pokémon knowing Baton Pass
|rule|Sleep Clause Mod: Limit one foe put to sleep
|rule|Species Clause: Limit one of each Pokémon
|rule|OHKO Clause: OHKO moves are banned
|rule|Moody Clause: Moody is banned
|rule|Evasion Moves Clause: Evasion moves are banned
|rule|Endless Battle Clause: Forcing endless battles is banned
|rule|HP Percentage Mod: HP is shown in percentages
|teampreview
|c|★Snickered|oh
|c|★Snickered|double rain team doe
|join|Magician1412
|c|★Namidairo|glhf]
|c|★Snickered|you too
|
|start
|switch|p1a: Gothitelle|Gothitelle, F|344\/344
|switch|p2a: Ferrothorn|Ferrothorn, F|352\/352
|turn|1
|
|move|p1a: Gothitelle|Hidden Power|p2a: Ferrothorn
|-supereffective|p2a: Ferrothorn
|-damage|p2a: Ferrothorn|52\/352
|move|p2a: Ferrothorn|Spikes|p1a: Gothitelle
|-sidestart|p1: Namidairo|Spikes
|
|-heal|p2a: Ferrothorn|74\/352|[from] item: Leftovers
|turn|2
|c| Magician1412|hey guys
|
|move|p1a: Gothitelle|Hidden Power|p2a: Ferrothorn
|-supereffective|p2a: Ferrothorn
|-damage|p2a: Ferrothorn|0 fnt
|faint|p2a: Ferrothorn
|
|
|switch|p2a: Conkeldurr|Conkeldurr, F|351\/351
|turn|3
|
|switch|p1a: Jirachi|Jirachi|404\/404
|-damage|p1a: Jirachi|354\/404|[from] Spikes
|move|p2a: Conkeldurr|Knock Off|p1a: Jirachi
|-supereffective|p1a: Jirachi
|-damage|p1a: Jirachi|64\/404
|-enditem|p1a: Jirachi|Damp Rock|[from] move: Knock Off|[of] p2a: Conkeldurr
|
|turn|4
|
|move|p2a: Conkeldurr|Mach Punch|p1a: Jirachi
|-damage|p1a: Jirachi|0 fnt
|faint|p1a: Jirachi
|
|
|switch|p1a: Breloom|Breloom, F|261\/261
|-damage|p1a: Breloom|229\/261|[from] Spikes
|turn|5
|
|move|p1a: Breloom|Spore|p2a: Conkeldurr
|-status|p2a: Conkeldurr|slp
|cant|p2a: Conkeldurr|slp
|
|-heal|p1a: Breloom|245\/261|[from] item: Leftovers
|turn|6
|
|switch|p1a: Gothitelle|Gothitelle, F|344\/344
|-damage|p1a: Gothitelle|301\/344|[from] Spikes
|switch|p2a: Politoed|Politoed, F|384\/384
|-weather|RainDance
|
|-weather|RainDance|[upkeep]
|turn|7
|
|move|p2a: Politoed|Scald|p1a: Gothitelle
|-damage|p1a: Gothitelle|183\/344
|move|p1a: Gothitelle|Energy Ball|p2a: Politoed
|-crit|p2a: Politoed
|-supereffective|p2a: Politoed
|-damage|p2a: Politoed|0 fnt
|faint|p2a: Politoed
|
|-weather|RainDance|[upkeep]
|
|switch|p2a: Swampert|Swampert, M|341\/341
|turn|8
|
|detailschange|p2a: Swampert|Swampert-Mega, M
|message|Swampert has Mega Evolved into Mega Swampert!
|move|p2a: Swampert|Earthquake|p1a: Gothitelle
|-damage|p1a: Gothitelle|0 fnt
|faint|p1a: Gothitelle
|
|-weather|RainDance|[upkeep]
|
|switch|p1a: Kingdra|Kingdra, M|291\/291
|-damage|p1a: Kingdra|255\/291|[from] Spikes
|turn|9
|
|move|p1a: Kingdra|Hydro Pump|p2a: Swampert
|-damage|p2a: Swampert|0 fnt
|faint|p2a: Swampert
|
|-weather|RainDance|[upkeep]
|
|switch|p2a: Kabutops|Kabutops, M|262\/262
|turn|10
|
|move|p1a: Kingdra|Hydro Pump|p2a: Kabutops
|-damage|p2a: Kabutops|0 fnt
|faint|p2a: Kabutops
|
|-weather|RainDance|[upkeep]
|
|switch|p2a: Manaphy|Manaphy|341\/341
|turn|11
|
|switch|p1a: Breloom|Breloom, F|245\/261
|-damage|p1a: Breloom|213\/261|[from] Spikes
|move|p2a: Manaphy|Ice Beam|p1a: Breloom
|-supereffective|p1a: Breloom
|-damage|p1a: Breloom|0 fnt
|faint|p1a: Breloom
|
|-weather|RainDance|[upkeep]
|
|switch|p1a: Swampert|Swampert, F|341\/341
|-damage|p1a: Swampert|299\/341|[from] Spikes
|turn|12
|
|detailschange|p1a: Swampert|Swampert-Mega, F
|message|Swampert has Mega Evolved into Mega Swampert!
|move|p2a: Manaphy|Energy Ball|p1a: Swampert
|-supereffective|p1a: Swampert
|-damage|p1a: Swampert|0 fnt
|faint|p1a: Swampert
|
|-weather|RainDance|[upkeep]
|
|switch|p1a: Kingdra|Kingdra, M|255\/291
|-damage|p1a: Kingdra|219\/291|[from] Spikes
|turn|13
|
|switch|p2a: Conkeldurr|Conkeldurr, F|351\/351 slp
|move|p1a: Kingdra|Draco Meteor|p2a: Conkeldurr
|-damage|p2a: Conkeldurr|152\/351 slp
|-unboost|p1a: Kingdra|spa|2
|
|-weather|none
|turn|14
|
|switch|p1a: Politoed|Politoed, M|384\/384
|-damage|p1a: Politoed|336\/384|[from] Spikes
|-weather|RainDance
|cant|p2a: Conkeldurr|slp
|
|-weather|RainDance|[upkeep]
|turn|15
|
|move|p1a: Politoed|Hydro Pump|p2a: Conkeldurr
|-damage|p2a: Conkeldurr|0 fnt
|faint|p2a: Conkeldurr
|
|-weather|RainDance|[upkeep]
|
|switch|p2a: Manaphy|Manaphy|341\/341
|turn|16
|
|move|p2a: Manaphy|Tail Glow|p2a: Manaphy
|-boost|p2a: Manaphy|spa|3
|move|p1a: Politoed|Perish Song|p1a: Politoed
|-fieldactivate|move: Perish Song
|
|-start|p2a: Manaphy|perish3
|-start|p1a: Politoed|perish3
|-weather|RainDance|[upkeep]
|turn|17
|
|move|p2a: Manaphy|Energy Ball|p1a: Politoed
|-supereffective|p1a: Politoed
|-damage|p1a: Politoed|0 fnt
|faint|p1a: Politoed
|
|-start|p2a: Manaphy|perish2
|-weather|RainDance|[upkeep]
|
|switch|p1a: Kingdra|Kingdra, M|219\/291
|-damage|p1a: Kingdra|183\/291|[from] Spikes
|turn|18
|
|move|p1a: Kingdra|Draco Meteor|p2a: Manaphy
|-damage|p2a: Manaphy|44\/341
|-unboost|p1a: Kingdra|spa|2
|move|p2a: Manaphy|Energy Ball|p1a: Kingdra
|-damage|p1a: Kingdra|0 fnt
|faint|p1a: Kingdra
|
|win|Snickered
|raw|Ladder updating...
|c|★Namidairo|gg
|c|★Snickered|gg
|leave|Namidairo
|player|p1
|raw|Namidairo's rating: 1434 &rarr; <strong>1416<\/strong><br \/>(-18 for losing)
|raw|Snickered's rating: 1462 &rarr; <strong>1480<\/strong><br \/>(+18 for winning)
|leave|Snickered
|player|p2