|join|Riana Salvatore
|join|Snickered
|player|p1|Riana Salvatore|34
|player|p2|Snickered|34
|gametype|singles
|gen|6
|tier|OU
|rated
|clearpoke
|poke|p1|Altaria, F
|poke|p1|Dugtrio, M
|poke|p1|Greninja, M
|poke|p1|Landorus-Therian, M
|poke|p1|Magnezone
|poke|p1|Latias, F
|poke|p2|Diancie
|poke|p2|Landorus-Therian, M
|poke|p2|Magnezone
|poke|p2|Greninja, M
|poke|p2|Azelf
|poke|p2|Rotom-Wash
|rule|Swagger Clause: Swagger is banned
|rule|Baton Pass Clause: Limit one Pokémon knowing Baton Pass
|rule|Sleep Clause Mod: Limit one foe put to sleep
|rule|Species Clause: Limit one of each Pokémon
|rule|OHKO Clause: OHKO moves are banned
|rule|Moody Clause: Moody is banned
|rule|Evasion Moves Clause: Evasion moves are banned
|rule|Endless Battle Clause: Forcing endless battles is banned
|rule|HP Percentage Mod: HP is shown in percentages
|teampreview
|
|start
|switch|p1a: Greninja|Greninja, M|285\/285
|switch|p2a: Azelf|Azelf|291\/291
|turn|1
|
|move|p1a: Greninja|U-turn|p2a: Azelf
|-start|p1a: Greninja|typechange|Bug|[from] Protean
|-supereffective|p2a: Azelf
|-damage|p2a: Azelf|61\/291
|
|switch|p1a: Magnezone|Magnezone|281\/281
|move|p2a: Azelf|Stealth Rock|p1a: Magnezone
|-sidestart|p1: Riana Salvatore|move: Stealth Rock
|
|turn|2
|
|move|p2a: Azelf|Fire Blast|p1a: Magnezone
|-supereffective|p1a: Magnezone
|-damage|p1a: Magnezone|23\/281
|move|p1a: Magnezone|Flash Cannon|p2a: Azelf
|-damage|p2a: Azelf|0 fnt
|faint|p2a: Azelf
|
|
|switch|p2a: Landorus-Therian|Landorus-Therian, M|320\/320
|-ability|p2a: Landorus-Therian|Intimidate|[of] p1a: Magnezone
|-unboost|p1a: Magnezone|atk|1
|turn|3
|
|move|p2a: Landorus-Therian|U-turn|p1a: Magnezone
|-resisted|p1a: Magnezone
|-damage|p1a: Magnezone|0 fnt
|faint|p1a: Magnezone
|
|switch|p2a: Rotom-Wash|Rotom-Wash|304\/304
|
|
|switch|p1a: Latias|Latias, F|301\/301
|-damage|p1a: Latias|264\/301|[from] Stealth Rock
|turn|4
|
|move|p1a: Latias|Defog|p2a: Rotom-Wash
|-unboost|p2a: Rotom-Wash|evasion|1
|-sideend|p1: Riana Salvatore|Stealth Rock|[from] move: Defog|[of] p1a: Latias
|move|p2a: Rotom-Wash|Volt Switch|p1a: Latias
|-resisted|p1a: Latias
|-damage|p1a: Latias|232\/301
|
|switch|p2a: Diancie|Diancie|241\/241
|
|-heal|p1a: Latias|250\/301|[from] item: Leftovers
|turn|5
|
|detailschange|p2a: Diancie|Diancie-Mega
|message|Diancie has Mega Evolved into Mega Diancie!
|move|p1a: Latias|Psyshock|p2a: Diancie
|-damage|p2a: Diancie|96\/241
|move|p2a: Diancie|Rock Polish|p2a: Diancie
|-boost|p2a: Diancie|spe|2
|
|-heal|p1a: Latias|268\/301|[from] item: Leftovers
|turn|6
|
|move|p2a: Diancie|Moonblast|p1a: Latias
|-supereffective|p1a: Latias
|-damage|p1a: Latias|0 fnt
|faint|p1a: Latias
|
|
|switch|p1a: Dugtrio|Dugtrio, M|212\/212
|turn|7
|
|move|p2a: Diancie|Moonblast|p1a: Dugtrio
|-enditem|p1a: Dugtrio|Focus Sash
|-damage|p1a: Dugtrio|1\/212
|move|p1a: Dugtrio|Earthquake|p2a: Diancie
|-supereffective|p2a: Diancie
|-damage|p2a: Diancie|0 fnt
|faint|p2a: Diancie
|
|
|switch|p2a: Landorus-Therian|Landorus-Therian, M|320\/320
|-ability|p2a: Landorus-Therian|Intimidate|[of] p1a: Dugtrio
|-unboost|p1a: Dugtrio|atk|1
|turn|8
|
|switch|p1a: Landorus-Therian|Landorus-Therian, M|319\/319
|-ability|p1a: Landorus-Therian|Intimidate|[of] p2a: Landorus-Therian
|-unboost|p2a: Landorus-Therian|atk|1
|move|p2a: Landorus-Therian|U-turn|p1a: Landorus-Therian
|-resisted|p1a: Landorus-Therian
|-damage|p1a: Landorus-Therian|285\/319
|
|switch|p2a: Rotom-Wash|Rotom-Wash|304\/304
|
|-heal|p1a: Landorus-Therian|304\/319|[from] item: Leftovers
|turn|9
|
|move|p1a: Landorus-Therian|U-turn|p2a: Rotom-Wash
|-damage|p2a: Rotom-Wash|238\/304
|
|switch|p1a: Greninja|Greninja, M|285\/285
|move|p2a: Rotom-Wash|Hydro Pump|p1a: Greninja
|-resisted|p1a: Greninja
|-damage|p1a: Greninja|194\/285
|
|-heal|p2a: Rotom-Wash|257\/304|[from] item: Leftovers
|turn|10
|
|move|p1a: Greninja|U-turn|p2a: Rotom-Wash
|-start|p1a: Greninja|typechange|Bug|[from] Protean
|-damage|p2a: Rotom-Wash|202\/304
|
|switch|p1a: Landorus-Therian|Landorus-Therian, M|304\/319
|-ability|p1a: Landorus-Therian|Intimidate|[of] p2a: Rotom-Wash
|-unboost|p2a: Rotom-Wash|atk|1
|move|p2a: Rotom-Wash|Will-O-Wisp|p1a: Landorus-Therian
|-status|p1a: Landorus-Therian|brn
|
|-heal|p1a: Landorus-Therian|319\/319 brn|[from] item: Leftovers
|-heal|p2a: Rotom-Wash|221\/304|[from] item: Leftovers
|-damage|p1a: Landorus-Therian|280\/319 brn|[from] brn
|turn|11
|
|move|p1a: Landorus-Therian|Knock Off|p2a: Rotom-Wash
|-damage|p2a: Rotom-Wash|173\/304
|-enditem|p2a: Rotom-Wash|Leftovers|[from] move: Knock Off|[of] p1a: Landorus-Therian
|move|p2a: Rotom-Wash|Hydro Pump|p1a: Landorus-Therian
|-supereffective|p1a: Landorus-Therian
|-damage|p1a: Landorus-Therian|0 fnt
|faint|p1a: Landorus-Therian
|
|
|switch|p1a: Altaria|Altaria, F|291\/291
|-ability|p1a: Altaria|Cloud Nine
|turn|12
|
|detailschange|p1a: Altaria|Altaria-Mega, F
|message|Altaria has Mega Evolved into Mega Altaria!
|move|p1a: Altaria|Substitute|p1a: Altaria
|-start|p1a: Altaria|Substitute
|-damage|p1a: Altaria|219\/291
|move|p2a: Rotom-Wash|Will-O-Wisp|p1a: Altaria
|
|turn|13
|
|move|p1a: Altaria|Dragon Dance|p1a: Altaria
|-boost|p1a: Altaria|atk|1
|-boost|p1a: Altaria|spe|1
|move|p2a: Rotom-Wash|Volt Switch|p1a: Altaria
|-resisted|p1a: Altaria
|-activate|p1a: Altaria|Substitute|[damage]
|
|switch|p2a: Magnezone|Magnezone|282\/282
|
|turn|14
|
|move|p1a: Altaria|Return|p2a: Magnezone
|-resisted|p2a: Magnezone
|-damage|p2a: Magnezone|141\/282
|move|p2a: Magnezone|Flash Cannon|p1a: Altaria
|-supereffective|p1a: Altaria
|-end|p1a: Altaria|Substitute
|
|turn|15
|
|move|p1a: Altaria|Return|p2a: Magnezone
|-resisted|p2a: Magnezone
|-damage|p2a: Magnezone|7\/282
|move|p2a: Magnezone|Flash Cannon|p1a: Altaria
|-supereffective|p1a: Altaria
|-damage|p1a: Altaria|0 fnt
|faint|p1a: Altaria
|
|
|switch|p1a: Greninja|Greninja, M|194\/285
|turn|16
|
|move|p1a: Greninja|Dark Pulse|p2a: Magnezone
|-start|p1a: Greninja|typechange|Dark|[from] Protean
|-damage|p2a: Magnezone|0 fnt
|faint|p2a: Magnezone
|
|
|switch|p2a: Landorus-Therian|Landorus-Therian, M|320\/320
|-ability|p2a: Landorus-Therian|Intimidate|[of] p1a: Greninja
|-unboost|p1a: Greninja|atk|1
|turn|17
|
|move|p1a: Greninja|Dark Pulse|p2a: Landorus-Therian
|-damage|p2a: Landorus-Therian|161\/320
|move|p2a: Landorus-Therian|U-turn|p1a: Greninja
|-supereffective|p1a: Greninja
|-damage|p1a: Greninja|0 fnt
|faint|p1a: Greninja
|
|switch|p2a: Rotom-Wash|Rotom-Wash|173\/304
|
|-message|Riana Salvatore forfeited.
|
|win|Snickered
|raw|Ladder updating...
|leave|Riana Salvatore
|player|p1