|join|Snickered
|join|Suv777
|player|p1|Snickered|34
|player|p2|Suv777|145
|gametype|singles
|gen|6
|tier|OU
|rated
|clearpoke
|poke|p1|Mamoswine, M
|poke|p1|Talonflame, M
|poke|p1|Diancie
|poke|p1|Landorus-Therian, M
|poke|p1|Conkeldurr, F
|poke|p1|Greninja, F
|poke|p2|Gengar, M
|poke|p2|Ferrothorn, F
|poke|p2|Conkeldurr, M
|poke|p2|Gliscor, M
|poke|p2|Heatran, F
|poke|p2|Slowbro, M
|rule|Swagger Clause: Swagger is banned
|rule|Baton Pass Clause: Limit one Pokémon knowing Baton Pass
|rule|Sleep Clause Mod: Limit one foe put to sleep
|rule|Species Clause: Limit one of each Pokémon
|rule|OHKO Clause: OHKO moves are banned
|rule|Moody Clause: Moody is banned
|rule|Evasion Moves Clause: Evasion moves are banned
|rule|Endless Battle Clause: Forcing endless battles is banned
|rule|HP Percentage Mod: HP is shown in percentages
|teampreview
|
|start
|switch|p1a: Mamoswine|Mamoswine, M|361\/361
|switch|p2a: Conkelderp|Conkeldurr, M|414\/414
|turn|1
|
|move|p1a: Mamoswine|Stealth Rock|p2a: Conkelderp
|-sidestart|p2: Suv777|move: Stealth Rock
|move|p2a: Conkelderp|Knock Off|p1a: Mamoswine
|-damage|p1a: Mamoswine|214\/361
|-enditem|p1a: Mamoswine|Focus Sash|[from] move: Knock Off|[of] p2a: Conkelderp
|
|turn|2
|
|move|p1a: Mamoswine|Earthquake|p2a: Conkelderp
|-damage|p2a: Conkelderp|192\/414
|move|p2a: Conkelderp|Drain Punch|p1a: Mamoswine
|-supereffective|p1a: Mamoswine
|-damage|p1a: Mamoswine|0 fnt
|-heal|p2a: Conkelderp|299\/414|[from] drain|[of] p1a: Mamoswine
|faint|p1a: Mamoswine
|
|
|switch|p1a: Landorus-Therian|Landorus-Therian, M|320\/320
|-ability|p1a: Landorus-Therian|Intimidate|[of] p2a: Conkelderp
|-unboost|p2a: Conkelderp|atk|1
|turn|3
|
|move|p1a: Landorus-Therian|U-turn|p2a: Conkelderp
|-resisted|p2a: Conkelderp
|-damage|p2a: Conkelderp|250\/414
|
|switch|p1a: Conkeldurr|Conkeldurr, F|375\/375
|move|p2a: Conkelderp|Knock Off|p1a: Conkeldurr
|-resisted|p1a: Conkeldurr
|-damage|p1a: Conkeldurr|330\/375
|-enditem|p1a: Conkeldurr|Assault Vest|[from] move: Knock Off|[of] p2a: Conkelderp
|
|turn|4
|
|switch|p2a: Miss Thorn|Ferrothorn, F|352\/352
|-damage|p2a: Miss Thorn|330\/352|[from] Stealth Rock
|move|p1a: Conkeldurr|Drain Punch|p2a: Miss Thorn
|-supereffective|p2a: Miss Thorn
|-damage|p2a: Miss Thorn|102\/352
|-heal|p1a: Conkeldurr|375\/375|[from] drain|[of] p2a: Miss Thorn
|-damage|p1a: Conkeldurr|329\/375|[from] ability: Iron Barbs|[of] p2a: Miss Thorn
|
|-heal|p2a: Miss Thorn|124\/352|[from] item: Leftovers
|turn|5
|
|switch|p2a: Slim|Gliscor, M|352\/352
|-damage|p2a: Slim|308\/352|[from] Stealth Rock
|move|p1a: Conkeldurr|Knock Off|p2a: Slim
|-damage|p2a: Slim|216\/352
|-enditem|p2a: Slim|Toxic Orb|[from] move: Knock Off|[of] p1a: Conkeldurr
|
|turn|6
|
|move|p2a: Slim|Toxic|p1a: Conkeldurr
|-status|p1a: Conkeldurr|tox
|move|p1a: Conkeldurr|Ice Punch|p2a: Slim
|-supereffective|p2a: Slim
|-damage|p2a: Slim|0 fnt
|faint|p2a: Slim
|
|-damage|p1a: Conkeldurr|306\/375 tox|[from] psn
|
|switch|p2a: THBro|Slowbro, M|394\/394
|-damage|p2a: THBro|345\/394|[from] Stealth Rock
|turn|7
|
|move|p1a: Conkeldurr|Knock Off|p2a: THBro
|-supereffective|p2a: THBro
|-damage|p2a: THBro|71\/394
|-enditem|p2a: THBro|Leftovers|[from] move: Knock Off|[of] p1a: Conkeldurr
|move|p2a: THBro|Psychic|p1a: Conkeldurr
|-supereffective|p1a: Conkeldurr
|-damage|p1a: Conkeldurr|72\/375 tox
|
|-damage|p1a: Conkeldurr|26\/375 tox|[from] psn
|turn|8
|
|switch|p2a: Miss Thorn|Ferrothorn, F|124\/352
|-damage|p2a: Miss Thorn|102\/352|[from] Stealth Rock
|move|p1a: Conkeldurr|Drain Punch|p2a: Miss Thorn
|-supereffective|p2a: Miss Thorn
|-damage|p2a: Miss Thorn|0 fnt
|-heal|p1a: Conkeldurr|77\/375 tox|[from] drain|[of] p2a: Miss Thorn
|-damage|p1a: Conkeldurr|31\/375 tox|[from] ability: Iron Barbs|[of] p2a: Miss Thorn
|faint|p2a: Miss Thorn
|
|-damage|p1a: Conkeldurr|0 fnt|[from] psn
|faint|p1a: Conkeldurr
|
|switch|p1a: Greninja|Greninja, F|285\/285
|switch|p2a: James|Gengar, M|262\/262
|-damage|p2a: James|230\/262|[from] Stealth Rock
|turn|9
|leave|Snickered
|player|p1
|join|Snickered
|player|p1|Snickered|34
|
|move|p1a: Greninja|Dark Pulse|p2a: James
|-start|p1a: Greninja|typechange|Dark|[from] Protean
|-supereffective|p2a: James
|-damage|p2a: James|0 fnt
|-damage|p1a: Greninja|257\/285|[from] item: Life Orb
|faint|p2a: James
|
|
|switch|p2a: Conkelderp|Conkeldurr, M|250\/414
|-damage|p2a: Conkelderp|225\/414|[from] Stealth Rock
|turn|10
|
|switch|p1a: Landorus-Therian|Landorus-Therian, M|320\/320
|-ability|p1a: Landorus-Therian|Intimidate|[of] p2a: Conkelderp
|-unboost|p2a: Conkelderp|atk|1
|move|p2a: Conkelderp|Knock Off|p1a: Landorus-Therian
|-damage|p1a: Landorus-Therian|223\/320
|-enditem|p1a: Landorus-Therian|Choice Scarf|[from] move: Knock Off|[of] p2a: Conkelderp
|
|turn|11
|
|switch|p2a: THBro|Slowbro, M|202\/394
|-damage|p2a: THBro|153\/394|[from] Stealth Rock
|move|p1a: Landorus-Therian|Earthquake|p2a: THBro
|-damage|p2a: THBro|30\/394
|
|turn|12
|
|switch|p2a: Conkelderp|Conkeldurr, M|225\/414
|-damage|p2a: Conkelderp|200\/414|[from] Stealth Rock
|move|p1a: Landorus-Therian|U-turn|p2a: Conkelderp
|-resisted|p2a: Conkelderp
|-damage|p2a: Conkelderp|149\/414
|
|switch|p1a: Diancie|Diancie|241\/241
|
|turn|13
|
|switch|p2a: Kitchen|Heatran, F|386\/386
|-damage|p2a: Kitchen|338\/386|[from] Stealth Rock
|detailschange|p1a: Diancie|Diancie-Mega
|message|Diancie has Mega Evolved into Mega Diancie!
|move|p1a: Diancie|Moonblast|p2a: Kitchen
|-resisted|p2a: Kitchen
|-damage|p2a: Kitchen|301\/386
|
|-heal|p2a: Kitchen|325\/386|[from] item: Leftovers
|turn|14
|
|move|p1a: Diancie|Earth Power|p2a: Kitchen
|-supereffective|p2a: Kitchen
|-damage|p2a: Kitchen|0 fnt
|faint|p2a: Kitchen
|
|
|switch|p2a: Conkelderp|Conkeldurr, M|149\/414
|-damage|p2a: Conkelderp|124\/414|[from] Stealth Rock
|turn|15
|
|move|p1a: Diancie|Moonblast|p2a: Conkelderp
|-supereffective|p2a: Conkelderp
|-damage|p2a: Conkelderp|0 fnt
|faint|p2a: Conkelderp
|
|
|switch|p2a: THBro|Slowbro, M|161\/394
|-damage|p2a: THBro|112\/394|[from] Stealth Rock
|turn|16
|c|★Snickered|gg
|
|move|p1a: Diancie|Moonblast|p2a: THBro
|-damage|p2a: THBro|0 fnt
|faint|p2a: THBro
|
|win|Snickered
|raw|Ladder updating...
|raw|Snickered's rating: 1349 &rarr; <strong>1369<\/strong><br \/>(+20 for winning)
|raw|Suv777's rating: 1357 &rarr; <strong>1336<\/strong><br \/>(-21 for losing)
|leave|Snickered
|player|p1