|join|Fubuu
|join|Chocolove
|player|p1|Fubuu|101
|player|p2|Chocolove|29
|gametype|singles
|gen|6
|tier|OU
|rated
|clearpoke
|poke|p1|Mamoswine, M
|poke|p1|Gyarados, M
|poke|p1|Mandibuzz, F
|poke|p1|Gallade, M
|poke|p1|Gardevoir, F, shiny
|poke|p1|Heatran, F
|poke|p2|Crawdaunt, M
|poke|p2|Raikou
|poke|p2|Heatran, F
|poke|p2|Starmie
|poke|p2|Landorus-Therian, M
|poke|p2|Metagross
|rule|Swagger Clause: Swagger is banned
|rule|Baton Pass Clause: Limit one Pokémon knowing Baton Pass
|rule|Sleep Clause Mod: Limit one foe put to sleep
|rule|Species Clause: Limit one of each Pokémon
|rule|OHKO Clause: OHKO moves are banned
|rule|Moody Clause: Moody is banned
|rule|Evasion Moves Clause: Evasion moves are banned
|rule|Endless Battle Clause: Forcing endless battles is banned
|rule|HP Percentage Mod: HP is shown in percentages
|teampreview
|
|start
|switch|p1a: Mamoswine|Mamoswine, M|362\/362
|switch|p2a: Starfall|Starmie|324\/324
|turn|1
|
|switch|p1a: Belldandy|Gardevoir, F, shiny|332\/332
|-ability|p1a: Belldandy|Natural Cure|[from] ability: Trace|[of] p2a: Starfall
|move|p2a: Starfall|Scald|p1a: Belldandy
|-damage|p1a: Belldandy|250\/332
|-status|p1a: Belldandy|brn
|
|-heal|p1a: Belldandy|270\/332 brn|[from] item: Leftovers
|-damage|p1a: Belldandy|229\/332 brn|[from] brn
|turn|2
|
|switch|p2a: Lightbringer|Heatran, F|371\/371
|move|p1a: Belldandy|Moonblast|p2a: Lightbringer
|-resisted|p2a: Lightbringer
|-damage|p2a: Lightbringer|347\/371
|
|-heal|p1a: Belldandy|249\/332 brn|[from] item: Leftovers
|-heal|p2a: Lightbringer|370\/371|[from] item: Leftovers
|-damage|p1a: Belldandy|208\/332 brn|[from] brn
|turn|3
|
|switch|p1a: Mamoswine|Mamoswine, M|362\/362
|move|p2a: Lightbringer|Stealth Rock|p1a: Mamoswine
|-sidestart|p1: Fubuu|move: Stealth Rock
|
|-heal|p2a: Lightbringer|371\/371|[from] item: Leftovers
|turn|4
|
|switch|p2a: Starfall|Starmie|324\/324
|move|p1a: Mamoswine|Stealth Rock|p2a: Starfall
|-sidestart|p2: Chocolove|move: Stealth Rock
|
|turn|5
|
|move|p2a: Starfall|Scald|p1a: Mamoswine
|-supereffective|p1a: Mamoswine
|-damage|p1a: Mamoswine|90\/362
|-status|p1a: Mamoswine|brn
|move|p1a: Mamoswine|Earthquake|p2a: Starfall
|-damage|p2a: Starfall|221\/324
|
|-heal|p2a: Starfall|241\/324|[from] item: Leftovers
|-damage|p1a: Mamoswine|45\/362 brn|[from] brn
|turn|6
|
|move|p2a: Starfall|Rapid Spin|p1a: Mamoswine
|-damage|p1a: Mamoswine|31\/362 brn
|-sideend|p2: Chocolove|Stealth Rock|[from] move: Rapid Spin|[of] p2a: Starfall
|move|p1a: Mamoswine|Icicle Spear|p2a: Starfall
|-resisted|p2a: Starfall
|-damage|p2a: Starfall|227\/324
|-resisted|p2a: Starfall
|-damage|p2a: Starfall|215\/324
|-resisted|p2a: Starfall
|-damage|p2a: Starfall|203\/324
|-hitcount|p2a: Starfall|3
|
|-heal|p2a: Starfall|223\/324|[from] item: Leftovers
|-damage|p1a: Mamoswine|0 fnt|[from] brn
|faint|p1a: Mamoswine
|
|switch|p1a: Mandibuzz|Mandibuzz, F|416\/416
|-damage|p1a: Mandibuzz|312\/416|[from] Stealth Rock
|turn|7
|
|switch|p2a: Based Dog|Landorus-Therian, M|319\/319
|-ability|p2a: Based Dog|Intimidate|[of] p1a: Mandibuzz
|-unboost|p1a: Mandibuzz|atk|1
|move|p1a: Mandibuzz|Foul Play|p2a: Based Dog
|-damage|p2a: Based Dog|121\/319
|
|-heal|p1a: Mandibuzz|338\/416|[from] item: Leftovers
|turn|8
|
|move|p2a: Based Dog|U-turn|p1a: Mandibuzz
|-damage|p1a: Mandibuzz|278\/416
|
|switch|p2a: Not so based|Raikou|321\/321
|-ability|p2a: Not so based|Pressure
|move|p1a: Mandibuzz|Defog|p2a: Not so based
|-unboost|p2a: Not so based|evasion|1
|-sideend|p1: Fubuu|Stealth Rock|[from] move: Defog|[of] p1a: Mandibuzz
|
|-heal|p1a: Mandibuzz|304\/416|[from] item: Leftovers
|turn|9
|
|switch|p1a: Hot N' Ready|Heatran, F|386\/386
|move|p2a: Not so based|Thunderbolt|p1a: Hot N' Ready
|-damage|p1a: Hot N' Ready|283\/386
|
|-heal|p1a: Hot N' Ready|307\/386|[from] item: Leftovers
|turn|10
|
|move|p2a: Not so based|Volt Switch|p1a: Hot N' Ready
|-damage|p1a: Hot N' Ready|234\/386
|
|switch|p2a: Lightbringer|Heatran, F|371\/371
|move|p1a: Hot N' Ready|Roar|p2a: Lightbringer
|drag|p2a: Starfall|Starmie|223\/324
|
|-heal|p2a: Starfall|243\/324|[from] item: Leftovers
|-heal|p1a: Hot N' Ready|258\/386|[from] item: Leftovers
|turn|11
|
|switch|p2a: Lightbringer|Heatran, F|371\/371
|move|p1a: Hot N' Ready|Protect|p1a: Hot N' Ready
|-fail|p1a: Hot N' Ready
|
|-heal|p1a: Hot N' Ready|282\/386|[from] item: Leftovers
|turn|12
|
|move|p2a: Lightbringer|Stealth Rock|p1a: Hot N' Ready
|-sidestart|p1: Fubuu|move: Stealth Rock
|move|p1a: Hot N' Ready|Earth Power|p2a: Lightbringer
|-supereffective|p2a: Lightbringer
|-damage|p2a: Lightbringer|111\/371
|-unboost|p2a: Lightbringer|spd|1
|
|-heal|p2a: Lightbringer|134\/371|[from] item: Leftovers
|-heal|p1a: Hot N' Ready|306\/386|[from] item: Leftovers
|turn|13
|
|switch|p2a: Based Dog|Landorus-Therian, M|121\/319
|-ability|p2a: Based Dog|Intimidate|[of] p1a: Hot N' Ready
|-unboost|p1a: Hot N' Ready|atk|1
|move|p1a: Hot N' Ready|Lava Plume|p2a: Based Dog
|-crit|p2a: Based Dog
|-damage|p2a: Based Dog|0 fnt
|faint|p2a: Based Dog
|
|-heal|p1a: Hot N' Ready|330\/386|[from] item: Leftovers
|
|switch|p2a: Euron|Crawdaunt, M|268\/268
|turn|14
|
|move|p1a: Hot N' Ready|Protect|p1a: Hot N' Ready
|-singleturn|p1a: Hot N' Ready|Protect
|move|p2a: Euron|Swords Dance|p2a: Euron
|-boost|p2a: Euron|atk|2
|
|-heal|p1a: Hot N' Ready|354\/386|[from] item: Leftovers
|turn|15
|
|move|p2a: Euron|Crabhammer|p1a: Hot N' Ready
|-supereffective|p1a: Hot N' Ready
|-damage|p1a: Hot N' Ready|0 fnt
|-damage|p2a: Euron|242\/268|[from] item: Life Orb
|faint|p1a: Hot N' Ready
|
|-message|Fubuu forfeited.
|
|win|Chocolove
|raw|Ladder updating...
|leave|Fubuu
|player|p1
|raw|Fubuu's rating: 1477 &rarr; <strong>1457<\/strong><br \/>(-20 for losing)
|raw|Chocolove's rating: 1475 &rarr; <strong>1495<\/strong><br \/>(+20 for winning)