|join|Arcanine is Regal
|join|Chocolove
|player|p1|Arcanine is Regal|126
|player|p2|Chocolove|29
|gametype|singles
|gen|6
|tier|OU
|rated
|clearpoke
|poke|p1|Arcanine, F
|poke|p1|Jirachi
|poke|p1|Slowbro, F
|poke|p1|Cobalion
|poke|p1|Gliscor, M
|poke|p1|Altaria, F
|poke|p2|Crawdaunt, M
|poke|p2|Raikou
|poke|p2|Heatran, F
|poke|p2|Starmie
|poke|p2|Landorus-Therian, M
|poke|p2|Metagross
|rule|Swagger Clause: Swagger is banned
|rule|Baton Pass Clause: Limit one Pokémon knowing Baton Pass
|rule|Sleep Clause Mod: Limit one foe put to sleep
|rule|Species Clause: Limit one of each Pokémon
|rule|OHKO Clause: OHKO moves are banned
|rule|Moody Clause: Moody is banned
|rule|Evasion Moves Clause: Evasion moves are banned
|rule|Endless Battle Clause: Forcing endless battles is banned
|rule|HP Percentage Mod: HP is shown in percentages
|teampreview
|
|start
|switch|p1a: Cobalion|Cobalion|386\/386
|switch|p2a: Starfall|Starmie|324\/324
|turn|1
|
|move|p2a: Starfall|Scald|p1a: Cobalion
|-damage|p1a: Cobalion|284\/386
|-status|p1a: Cobalion|brn
|move|p1a: Cobalion|Stealth Rock|p2a: Starfall
|-sidestart|p2: Chocolove|move: Stealth Rock
|
|-heal|p1a: Cobalion|308\/386 brn|[from] item: Leftovers
|-damage|p1a: Cobalion|260\/386 brn|[from] brn
|turn|2
|
|move|p2a: Starfall|Scald|p1a: Cobalion
|-damage|p1a: Cobalion|145\/386 brn
|move|p1a: Cobalion|Volt Switch|p2a: Starfall
|-supereffective|p2a: Starfall
|-damage|p2a: Starfall|222\/324
|
|switch|p1a: Altaria|Altaria, F|291\/291
|
|-heal|p2a: Starfall|242\/324|[from] item: Leftovers
|turn|3
|
|detailschange|p1a: Altaria|Altaria-Mega, F
|-mega|p1a: Altaria|Altaria|Altarianite
|move|p2a: Starfall|Rapid Spin|p1a: Altaria
|-damage|p1a: Altaria|281\/291
|-sideend|p2: Chocolove|Stealth Rock|[from] move: Rapid Spin|[of] p2a: Starfall
|move|p1a: Altaria|Dragon Dance|p1a: Altaria
|-boost|p1a: Altaria|atk|1
|-boost|p1a: Altaria|spe|1
|
|-heal|p2a: Starfall|262\/324|[from] item: Leftovers
|turn|4
|
|move|p1a: Altaria|Return|p2a: Starfall
|-damage|p2a: Starfall|0 fnt
|faint|p2a: Starfall
|
|
|switch|p2a: Bittersteel|Metagross|302\/302
|turn|5
|
|switch|p1a: Cobalion|Cobalion|145\/386 brn
|detailschange|p2a: Bittersteel|Metagross-Mega
|-mega|p2a: Bittersteel|Metagross|Metagrossite
|move|p2a: Bittersteel|Meteor Mash|p1a: Cobalion
|-resisted|p1a: Cobalion
|-damage|p1a: Cobalion|62\/386 brn
|
|-heal|p1a: Cobalion|86\/386 brn|[from] item: Leftovers
|-damage|p1a: Cobalion|38\/386 brn|[from] brn
|turn|6
|
|move|p2a: Bittersteel|Meteor Mash|p1a: Cobalion
|-resisted|p1a: Cobalion
|-damage|p1a: Cobalion|0 fnt
|faint|p1a: Cobalion
|
|
|switch|p1a: Wayward Son|Arcanine, F|383\/383
|-ability|p1a: Wayward Son|Intimidate|[of] p2a: Bittersteel
|-unboost|p2a: Bittersteel|atk|1
|turn|7
|
|switch|p2a: Lightbringer|Heatran, F|371\/371
|switch|p1a: Gliscor|Gliscor, M|337\/337
|
|-status|p1a: Gliscor|tox|[from] item: Toxic Orb
|turn|8
|
|move|p1a: Gliscor|Swords Dance|p1a: Gliscor
|-boost|p1a: Gliscor|atk|2
|move|p2a: Lightbringer|Stealth Rock|p1a: Gliscor
|-sidestart|p1: Arcanine is Regal|move: Stealth Rock
|
|turn|9
|
|move|p1a: Gliscor|Earthquake|p2a: Lightbringer
|-supereffective|p2a: Lightbringer
|-damage|p2a: Lightbringer|0 fnt
|faint|p2a: Lightbringer
|
|
|switch|p2a: Not so based|Raikou|321\/321
|-ability|p2a: Not so based|Pressure
|turn|10
|
|move|p2a: Not so based|Hidden Power|p1a: Gliscor
|-supereffective|p1a: Gliscor
|-damage|p1a: Gliscor|0 fnt
|faint|p1a: Gliscor
|
|
|switch|p1a: Altaria|Altaria-Mega, F|281\/291
|-damage|p1a: Altaria|245\/291|[from] Stealth Rock
|turn|11
|
|move|p2a: Not so based|Volt Switch|p1a: Altaria
|-resisted|p1a: Altaria
|-damage|p1a: Altaria|193\/291
|
|switch|p2a: Based Dog|Landorus-Therian, M|319\/319
|-ability|p2a: Based Dog|Intimidate|[of] p1a: Altaria
|-unboost|p1a: Altaria|atk|1
|move|p1a: Altaria|Dragon Dance|p1a: Altaria
|-boost|p1a: Altaria|atk|1
|-boost|p1a: Altaria|spe|1
|
|turn|12
|
|move|p2a: Based Dog|Earthquake|p1a: Altaria
|-damage|p1a: Altaria|4\/291
|move|p1a: Altaria|Return|p2a: Based Dog
|-damage|p2a: Based Dog|70\/319
|
|turn|13
|
|move|p2a: Based Dog|Earthquake|p1a: Altaria
|-damage|p1a: Altaria|0 fnt
|faint|p1a: Altaria
|
|
|switch|p1a: Slowbro|Slowbro, F|394\/394
|-damage|p1a: Slowbro|345\/394|[from] Stealth Rock
|turn|14
|
|switch|p2a: Not so based|Raikou|321\/321
|-ability|p2a: Not so based|Pressure
|move|p1a: Slowbro|Scald|p2a: Not so based
|-damage|p2a: Not so based|264\/321
|-status|p2a: Not so based|brn
|
|-heal|p1a: Slowbro|369\/394|[from] item: Leftovers
|-damage|p2a: Not so based|224\/321 brn|[from] brn
|turn|15
|
|move|p2a: Not so based|Thunderbolt|p1a: Slowbro
|-supereffective|p1a: Slowbro
|-damage|p1a: Slowbro|0 fnt
|faint|p1a: Slowbro
|
|-damage|p2a: Not so based|184\/321 brn|[from] brn
|
|switch|p1a: Jirachi|Jirachi|404\/404
|-damage|p1a: Jirachi|379\/404|[from] Stealth Rock
|turn|16
|
|move|p2a: Not so based|Shadow Ball|p1a: Jirachi
|-supereffective|p1a: Jirachi
|-damage|p1a: Jirachi|247\/404
|-unboost|p1a: Jirachi|spd|1
|move|p1a: Jirachi|Body Slam|p2a: Not so based
|-damage|p2a: Not so based|96\/321 brn
|
|-heal|p1a: Jirachi|272\/404|[from] item: Leftovers
|-damage|p2a: Not so based|56\/321 brn|[from] brn
|turn|17
|
|move|p2a: Not so based|Thunderbolt|p1a: Jirachi
|-crit|p1a: Jirachi
|-damage|p1a: Jirachi|34\/404
|move|p1a: Jirachi|Wish|p1a: Jirachi
|
|-heal|p1a: Jirachi|59\/404|[from] item: Leftovers
|-damage|p2a: Not so based|16\/321 brn|[from] brn
|turn|18
|
|move|p1a: Jirachi|Protect|p1a: Jirachi
|-singleturn|p1a: Jirachi|Protect
|move|p2a: Not so based|Thunderbolt|p1a: Jirachi
|-activate|p1a: Jirachi|Protect
|
|-heal|p1a: Jirachi|261\/404|[from] move: Wish|[wisher] Jirachi
|-heal|p1a: Jirachi|286\/404|[from] item: Leftovers
|-damage|p2a: Not so based|0 fnt|[from] brn
|faint|p2a: Not so based
|c|★Arcanine is Regal|lol how much luck do people need to beat me
|
|switch|p2a: Bittersteel|Metagross-Mega|302\/302
|turn|19
|c|★Chocolove|a lot apparently
|
|move|p2a: Bittersteel|Earthquake|p1a: Jirachi
|-supereffective|p1a: Jirachi
|-damage|p1a: Jirachi|34\/404
|move|p1a: Jirachi|Wish|p1a: Jirachi
|
|-heal|p1a: Jirachi|59\/404|[from] item: Leftovers
|turn|20
|
|move|p1a: Jirachi|Protect|p1a: Jirachi
|-singleturn|p1a: Jirachi|Protect
|move|p2a: Bittersteel|Earthquake|p1a: Jirachi
|-activate|p1a: Jirachi|Protect
|
|-heal|p1a: Jirachi|261\/404|[from] move: Wish|[wisher] Jirachi
|-heal|p1a: Jirachi|286\/404|[from] item: Leftovers
|turn|21
|
|switch|p1a: Wayward Son|Arcanine, F|383\/383
|-damage|p1a: Wayward Son|288\/383|[from] Stealth Rock
|-ability|p1a: Wayward Son|Intimidate|[of] p2a: Bittersteel
|-unboost|p2a: Bittersteel|atk|1
|move|p2a: Bittersteel|Earthquake|p1a: Wayward Son
|-supereffective|p1a: Wayward Son
|-damage|p1a: Wayward Son|144\/383
|
|turn|22
|
|move|p2a: Bittersteel|Earthquake|p1a: Wayward Son
|-supereffective|p1a: Wayward Son
|-damage|p1a: Wayward Son|4\/383
|move|p1a: Wayward Son|Will-O-Wisp|p2a: Bittersteel
|-status|p2a: Bittersteel|brn
|
|-damage|p2a: Bittersteel|265\/302 brn|[from] brn
|turn|23
|
|move|p2a: Bittersteel|Earthquake|p1a: Wayward Son
|-supereffective|p1a: Wayward Son
|-damage|p1a: Wayward Son|0 fnt
|faint|p1a: Wayward Son
|
|-damage|p2a: Bittersteel|228\/302 brn|[from] brn
|
|switch|p1a: Jirachi|Jirachi|286\/404
|-damage|p1a: Jirachi|261\/404|[from] Stealth Rock
|turn|24
|
|move|p2a: Bittersteel|Meteor Mash|p1a: Jirachi
|-resisted|p1a: Jirachi
|-damage|p1a: Jirachi|225\/404
|move|p1a: Jirachi|Wish|p1a: Jirachi
|
|-heal|p1a: Jirachi|250\/404|[from] item: Leftovers
|-damage|p2a: Bittersteel|191\/302 brn|[from] brn
|turn|25
|
|move|p2a: Bittersteel|Meteor Mash|p1a: Jirachi
|-resisted|p1a: Jirachi
|-damage|p1a: Jirachi|214\/404
|move|p1a: Jirachi|Body Slam|p2a: Bittersteel
|-resisted|p2a: Bittersteel
|-damage|p2a: Bittersteel|167\/302 brn
|
|-heal|p1a: Jirachi|404\/404|[from] move: Wish|[wisher] Jirachi
|-damage|p2a: Bittersteel|130\/302 brn|[from] brn
|turn|26
|
|move|p2a: Bittersteel|Meteor Mash|p1a: Jirachi
|-resisted|p1a: Jirachi
|-damage|p1a: Jirachi|364\/404
|move|p1a: Jirachi|Wish|p1a: Jirachi
|
|-heal|p1a: Jirachi|389\/404|[from] item: Leftovers
|-damage|p2a: Bittersteel|93\/302 brn|[from] brn
|turn|27
|
|move|p2a: Bittersteel|Meteor Mash|p1a: Jirachi
|-resisted|p1a: Jirachi
|-damage|p1a: Jirachi|353\/404
|-boost|p2a: Bittersteel|atk|1
|move|p1a: Jirachi|Iron Head|p2a: Bittersteel
|-resisted|p2a: Bittersteel
|-damage|p2a: Bittersteel|58\/302 brn
|
|-heal|p1a: Jirachi|404\/404|[from] move: Wish|[wisher] Jirachi
|-damage|p2a: Bittersteel|21\/302 brn|[from] brn
|turn|28
|
|move|p2a: Bittersteel|Earthquake|p1a: Jirachi
|-crit|p1a: Jirachi
|-supereffective|p1a: Jirachi
|-damage|p1a: Jirachi|204\/404
|move|p1a: Jirachi|Wish|p1a: Jirachi
|
|-heal|p1a: Jirachi|229\/404|[from] item: Leftovers
|-damage|p2a: Bittersteel|0 fnt|[from] brn
|faint|p2a: Bittersteel
|
|switch|p2a: Euron|Crawdaunt, M|268\/268
|turn|29
|
|move|p1a: Jirachi|Body Slam|p2a: Euron
|-damage|p2a: Euron|192\/268
|move|p2a: Euron|Knock Off|p1a: Jirachi
|-supereffective|p1a: Jirachi
|-damage|p1a: Jirachi|0 fnt
|-enditem|p1a: Jirachi|Leftovers|[from] move: Knock Off|[of] p2a: Euron
|-damage|p2a: Euron|166\/268|[from] item: Life Orb
|faint|p1a: Jirachi
|
|win|Chocolove
|raw|Ladder updating...
|raw|Arcanine is Regal's rating: 1618 &rarr; <strong>1594<\/strong><br \/>(-24 for losing)
|raw|Chocolove's rating: 1548 &rarr; <strong>1572<\/strong><br \/>(+24 for winning)
|join|Albyness
|leave|Arcanine is Regal
|player|p1
|join|CleanerThanRotom-W
|leave|CleanerThanRotom-W