|join|WingFire
|join|Apedingo
|player|p1|WingFire|102
|player|p2|Apedingo|242
|gametype|singles
|gen|6
|tier|OU
|rated
|clearpoke
|poke|p1|Greninja, M
|poke|p1|Charizard, F
|poke|p1|Breloom, F
|poke|p1|Landorus, M
|poke|p1|Zapdos
|poke|p1|Victini
|poke|p2|Landorus-Therian, M
|poke|p2|Garchomp, M
|poke|p2|Keldeo
|poke|p2|Latios, M
|poke|p2|Tyranitar, M
|poke|p2|Magnezone
|rule|Swagger Clause: Swagger is banned
|rule|Baton Pass Clause: Limit one Pokémon knowing Baton Pass
|rule|Sleep Clause Mod: Limit one foe put to sleep
|rule|Species Clause: Limit one of each Pokémon
|rule|OHKO Clause: OHKO moves are banned
|rule|Moody Clause: Moody is banned
|rule|Evasion Moves Clause: Evasion moves are banned
|rule|Endless Battle Clause: Forcing endless battles is banned
|rule|HP Percentage Mod: HP is reported as percentages
|teampreview
|
|start
|switch|p1a: Greninja|Greninja, M|285\/285
|switch|p2a: Magnezone|Magnezone|343\/343
|turn|1
|
|move|p1a: Greninja|U-turn|p2a: Magnezone
|-start|p1a: Greninja|typechange|Bug|[from] Protean
|-resisted|p2a: Magnezone
|-damage|p2a: Magnezone|290\/343
|-damage|p1a: Greninja|257\/285|[from] item: Life Orb
|
|switch|p1a: Landorus|Landorus, M|319\/319
|move|p2a: Magnezone|Flash Cannon|p1a: Landorus
|-damage|p1a: Landorus|115\/319
|
|-heal|p2a: Magnezone|311\/343|[from] item: Leftovers
|turn|2
|
|switch|p2a: Latios|Latios, M|302\/302
|move|p1a: Landorus|Focus Blast|p2a: Latios
|-resisted|p2a: Latios
|-damage|p2a: Latios|205\/302
|
|turn|3
|
|switch|p1a: Breloom|Breloom, F|261\/261
|move|p2a: Latios|Psyshock|p1a: Breloom
|-supereffective|p1a: Breloom
|-damage|p1a: Breloom|0 fnt
|faint|p1a: Breloom
|
|
|switch|p1a: Greninja|Greninja, M|257\/285
|turn|4
|
|switch|p2a: Magnezone|Magnezone|311\/343
|move|p1a: Greninja|Power-Up Punch|p2a: Magnezone
|-start|p1a: Greninja|typechange|Fighting|[from] Protean
|-supereffective|p2a: Magnezone
|-damage|p2a: Magnezone|176\/343
|-boost|p1a: Greninja|atk|1
|-damage|p1a: Greninja|229\/285|[from] item: Life Orb
|
|-heal|p2a: Magnezone|197\/343|[from] item: Leftovers
|turn|5
|
|move|p1a: Greninja|Power-Up Punch|p2a: Magnezone
|-supereffective|p2a: Magnezone
|-damage|p2a: Magnezone|0 fnt
|-boost|p1a: Greninja|atk|1
|-damage|p1a: Greninja|201\/285|[from] item: Life Orb
|faint|p2a: Magnezone
|
|
|switch|p2a: Garchomp|Garchomp, M|358\/358
|turn|6
|
|move|p1a: Greninja|Water Shuriken|p2a: Garchomp
|-start|p1a: Greninja|typechange|Water|[from] Protean
|-damage|p2a: Garchomp|298\/358
|-damage|p2a: Garchomp|240\/358
|-hitcount|p2a: Garchomp|2
|-damage|p1a: Greninja|173\/285|[from] item: Life Orb
|move|p2a: Garchomp|Outrage|p1a: Greninja
|-damage|p1a: Greninja|0 fnt
|faint|p1a: Greninja
|
|
|switch|p1a: Charizard|Charizard, F|359\/359
|turn|7
|
|move|p2a: Garchomp|Outrage|p1a: Charizard
|-crit|p1a: Charizard
|-damage|p1a: Charizard|0 fnt
|faint|p1a: Charizard
|
|chat|WingFire|.__.
|chat|Apedingo|srry....
|chat|WingFire|fuking critical
|
|switch|p1a: Victini|Victini|341\/341
|turn|8
|
|move|p2a: Garchomp|Outrage|p1a: Victini
|-damage|p1a: Victini|110\/341
|move|p1a: Victini|V-create|p2a: Garchomp
|-resisted|p2a: Garchomp
|-damage|p2a: Garchomp|93\/358
|-damage|p1a: Victini|68\/341|[from] ability: Rough Skin|[of] p2a: Garchomp
|-unboost|p1a: Victini|def|1
|-unboost|p1a: Victini|spd|1
|-unboost|p1a: Victini|spe|1
|
|-end|p2a: Garchomp|rampage
|-start|p2a: Garchomp|confusion
|turn|9
|
|switch|p2a: Tyranitar|Tyranitar, M|404\/404
|-weather|Sandstorm
|switch|p1a: Landorus|Landorus, M|115\/319
|
|-weather|Sandstorm|[upkeep]
|turn|10
|
|detailschange|p2a: Tyranitar|Tyranitar-Mega, M
|message|Tyranitar has Mega Evolved into Mega Tyranitar!
|move|p1a: Landorus|Focus Blast|p2a: Tyranitar
|-supereffective|p2a: Tyranitar
|-damage|p2a: Tyranitar|9\/404
|move|p2a: Tyranitar|Ice Beam|p1a: Landorus
|-supereffective|p1a: Landorus
|-damage|p1a: Landorus|0 fnt
|faint|p1a: Landorus
|
|-weather|Sandstorm|[upkeep]
|
|switch|p1a: Victini|Victini|68\/341
|turn|11
|chat|WingFire|-.-
|
|move|p1a: Victini|U-turn|p2a: Tyranitar
|-supereffective|p2a: Tyranitar
|-damage|p2a: Tyranitar|0 fnt
|faint|p2a: Tyranitar
|
|switch|p1a: Zapdos|Zapdos|384\/384
|-ability|p1a: Zapdos|Pressure
|
|-weather|Sandstorm|[upkeep]
|-damage|p1a: Zapdos|360\/384|[from] sandstorm
|-heal|p1a: Zapdos|384\/384|[from] item: Leftovers
|
|switch|p2a: Latios|Latios, M|205\/302
|turn|12
|
|move|p2a: Latios|Psyshock|p1a: Zapdos
|-damage|p1a: Zapdos|209\/384
|move|p1a: Zapdos|Discharge|p2a: Latios
|-resisted|p2a: Latios
|-damage|p2a: Latios|148\/302
|
|-weather|Sandstorm|[upkeep]
|-damage|p2a: Latios|130\/302|[from] sandstorm
|-damage|p1a: Zapdos|185\/384|[from] sandstorm
|-heal|p1a: Zapdos|209\/384|[from] item: Leftovers
|turn|13
|
|move|p2a: Latios|Psyshock|p1a: Zapdos
|-damage|p1a: Zapdos|50\/384
|move|p1a: Zapdos|Roost|p1a: Zapdos
|-heal|p1a: Zapdos|242\/384
|
|-weather|none
|-heal|p1a: Zapdos|266\/384|[from] item: Leftovers
|turn|14
|
|move|p2a: Latios|Psyshock|p1a: Zapdos
|-crit|p1a: Zapdos
|-damage|p1a: Zapdos|8\/384
|move|p1a: Zapdos|Roost|p1a: Zapdos
|-heal|p1a: Zapdos|200\/384
|
|-heal|p1a: Zapdos|224\/384|[from] item: Leftovers
|turn|15
|
|move|p2a: Latios|Psyshock|p1a: Zapdos
|-damage|p1a: Zapdos|44\/384
|move|p1a: Zapdos|Roost|p1a: Zapdos
|-heal|p1a: Zapdos|236\/384
|
|-heal|p1a: Zapdos|260\/384|[from] item: Leftovers
|turn|16
|
|move|p2a: Latios|Psyshock|p1a: Zapdos
|-damage|p1a: Zapdos|89\/384
|move|p1a: Zapdos|Roost|p1a: Zapdos
|-heal|p1a: Zapdos|281\/384
|
|-heal|p1a: Zapdos|305\/384|[from] item: Leftovers
|turn|17
|
|move|p2a: Latios|Psyshock|p1a: Zapdos
|-damage|p1a: Zapdos|124\/384
|move|p1a: Zapdos|Roost|p1a: Zapdos
|-heal|p1a: Zapdos|316\/384
|
|-heal|p1a: Zapdos|340\/384|[from] item: Leftovers
|turn|18
|
|move|p2a: Latios|Psyshock|p1a: Zapdos
|-damage|p1a: Zapdos|166\/384
|move|p1a: Zapdos|Roost|p1a: Zapdos
|-heal|p1a: Zapdos|358\/384
|
|-heal|p1a: Zapdos|382\/384|[from] item: Leftovers
|turn|19
|
|move|p2a: Latios|Psyshock|p1a: Zapdos
|-crit|p1a: Zapdos
|-damage|p1a: Zapdos|141\/384
|move|p1a: Zapdos|Discharge|p2a: Latios
|-resisted|p2a: Latios
|-damage|p2a: Latios|82\/302
|
|-heal|p1a: Zapdos|165\/384|[from] item: Leftovers
|turn|20
|chat|WingFire|dat luck
|chat|WingFire|no paralizis and you gave me criticals
|
|switch|p2a: Landorus-Therian|Landorus-Therian, M|381\/381
|-ability|p2a: Landorus-Therian|Intimidate|[of] p1a: Zapdos
|-unboost|p1a: Zapdos|atk|1
|move|p1a: Zapdos|Roost|p1a: Zapdos
|-heal|p1a: Zapdos|357\/384
|
|-heal|p1a: Zapdos|381\/384|[from] item: Leftovers
|turn|21
|chat|Apedingo|but those criticals didnt really matter...
|
|move|p1a: Zapdos|Heat Wave|p2a: Landorus-Therian
|-crit|p2a: Landorus-Therian
|-damage|p2a: Landorus-Therian|207\/381
|move|p2a: Landorus-Therian|Stealth Rock|p1a: Zapdos
|-sidestart|p1: WingFire|move: Stealth Rock
|
|-heal|p1a: Zapdos|384\/384|[from] item: Leftovers
|-heal|p2a: Landorus-Therian|230\/381|[from] item: Leftovers
|turn|22
|chat|WingFire|all criticals does matter.
|
|move|p1a: Zapdos|Heat Wave|p2a: Landorus-Therian
|-damage|p2a: Landorus-Therian|101\/381
|move|p2a: Landorus-Therian|Hidden Power|p1a: Zapdos
|-supereffective|p1a: Zapdos
|-damage|p1a: Zapdos|272\/384
|
|-heal|p1a: Zapdos|296\/384|[from] item: Leftovers
|-heal|p2a: Landorus-Therian|124\/381|[from] item: Leftovers
|turn|23
|
|move|p1a: Zapdos|Defog|p2a: Landorus-Therian
|-unboost|p2a: Landorus-Therian|evasion|1
|-sideend|p1: WingFire|Stealth Rock|[from] move: Defog|[of] p1a: Zapdos
|move|p2a: Landorus-Therian|Earthquake|p1a: Zapdos
|-immune|p1a: Zapdos|[msg]
|
|-heal|p1a: Zapdos|320\/384|[from] item: Leftovers
|-heal|p2a: Landorus-Therian|147\/381|[from] item: Leftovers
|turn|24
|
|move|p1a: Zapdos|Heat Wave|p2a: Landorus-Therian
|-damage|p2a: Landorus-Therian|36\/381
|-status|p2a: Landorus-Therian|brn
|move|p2a: Landorus-Therian|Stealth Rock|p1a: Zapdos
|-sidestart|p1: WingFire|move: Stealth Rock
|
|-heal|p1a: Zapdos|344\/384|[from] item: Leftovers
|-heal|p2a: Landorus-Therian|59\/381 brn|[from] item: Leftovers
|-damage|p2a: Landorus-Therian|12\/381 brn|[from] brn
|turn|25
|
|move|p1a: Zapdos|Defog|p2a: Landorus-Therian
|-unboost|p2a: Landorus-Therian|evasion|1
|-sideend|p1: WingFire|Stealth Rock|[from] move: Defog|[of] p1a: Zapdos
|move|p2a: Landorus-Therian|Stealth Rock|p1a: Zapdos
|-sidestart|p1: WingFire|move: Stealth Rock
|
|-heal|p1a: Zapdos|368\/384|[from] item: Leftovers
|-heal|p2a: Landorus-Therian|35\/381 brn|[from] item: Leftovers
|-damage|p2a: Landorus-Therian|0 fnt|[from] brn
|faint|p2a: Landorus-Therian
|
|switch|p2a: Garchomp|Garchomp, M|93\/358
|turn|26
|
|move|p2a: Garchomp|Stone Edge|p1a: Zapdos|[miss]
|-miss|p2a: Garchomp|p1a: Zapdos
|move|p1a: Zapdos|Roost|p1a: Zapdos
|-heal|p1a: Zapdos|384\/384
|
|turn|27
|
|move|p2a: Garchomp|Stone Edge|p1a: Zapdos|[miss]
|-miss|p2a: Garchomp|p1a: Zapdos
|move|p1a: Zapdos|Defog|p2a: Garchomp
|-unboost|p2a: Garchomp|evasion|1
|-sideend|p1: WingFire|Stealth Rock|[from] move: Defog|[of] p1a: Zapdos
|
|turn|28
|
|move|p2a: Garchomp|Stone Edge|p1a: Zapdos
|-supereffective|p1a: Zapdos
|-damage|p1a: Zapdos|186\/384
|move|p1a: Zapdos|Heat Wave|p2a: Garchomp
|-resisted|p2a: Garchomp
|-damage|p2a: Garchomp|39\/358
|
|-heal|p1a: Zapdos|210\/384|[from] item: Leftovers
|turn|29
|
|move|p2a: Garchomp|Stone Edge|p1a: Zapdos
|-supereffective|p1a: Zapdos
|-damage|p1a: Zapdos|34\/384
|move|p1a: Zapdos|Roost|p1a: Zapdos
|-heal|p1a: Zapdos|226\/384
|
|-heal|p1a: Zapdos|250\/384|[from] item: Leftovers
|turn|30
|
|switch|p2a: Latios|Latios, M|82\/302
|move|p1a: Zapdos|Roost|p1a: Zapdos
|-heal|p1a: Zapdos|384\/384
|
|turn|31
|
|move|p2a: Latios|Draco Meteor|p1a: Zapdos
|-damage|p1a: Zapdos|35\/384
|-unboost|p2a: Latios|spa|2
|move|p1a: Zapdos|Roost|p1a: Zapdos
|-heal|p1a: Zapdos|227\/384
|
|-heal|p1a: Zapdos|251\/384|[from] item: Leftovers
|turn|32
|
|move|p2a: Latios|Draco Meteor|p1a: Zapdos
|-damage|p1a: Zapdos|47\/384
|-unboost|p2a: Latios|spa|2
|move|p1a: Zapdos|Roost|p1a: Zapdos
|-heal|p1a: Zapdos|239\/384
|
|-heal|p1a: Zapdos|263\/384|[from] item: Leftovers
|turn|33
|
|switch|p2a: Keldeo|Keldeo|323\/323
|move|p1a: Zapdos|Roost|p1a: Zapdos
|-heal|p1a: Zapdos|384\/384
|
|turn|34
|
|move|p2a: Keldeo|Surf|p1a: Zapdos
|-damage|p1a: Zapdos|219\/384
|move|p1a: Zapdos|Discharge|p2a: Keldeo
|-supereffective|p2a: Keldeo
|-damage|p2a: Keldeo|69\/323
|-status|p2a: Keldeo|par
|
|-heal|p1a: Zapdos|243\/384|[from] item: Leftovers
|-heal|p2a: Keldeo|89\/323 par|[from] item: Leftovers
|turn|35
|
|move|p1a: Zapdos|Roost|p1a: Zapdos
|-heal|p1a: Zapdos|384\/384
|cant|p2a: Keldeo|par
|
|-heal|p2a: Keldeo|109\/323 par|[from] item: Leftovers
|turn|36
|
|move|p1a: Zapdos|Discharge|p2a: Keldeo
|-supereffective|p2a: Keldeo
|-damage|p2a: Keldeo|0 fnt
|faint|p2a: Keldeo
|
|chat|Apedingo|it isnt all luck..
|
|switch|p2a: Garchomp|Garchomp, M|39\/358
|turn|37
|
|move|p2a: Garchomp|Outrage|p1a: Zapdos
|-damage|p1a: Zapdos|225\/384
|move|p1a: Zapdos|Heat Wave|p2a: Garchomp
|-crit|p2a: Garchomp
|-resisted|p2a: Garchomp
|-damage|p2a: Garchomp|0 fnt
|faint|p2a: Garchomp
|
|-heal|p1a: Zapdos|249\/384|[from] item: Leftovers
|
|switch|p2a: Latios|Latios, M|82\/302
|turn|38
|
|switch|p1a: Victini|Victini|68\/341
|move|p2a: Latios|Draco Meteor|p1a: Victini
|-damage|p1a: Victini|0 fnt
|-unboost|p2a: Latios|spa|2
|faint|p1a: Victini
|
|
|switch|p1a: Zapdos|Zapdos|249\/384
|-ability|p1a: Zapdos|Pressure
|turn|39
|
|move|p2a: Latios|Draco Meteor|p1a: Zapdos
|-damage|p1a: Zapdos|53\/384
|-unboost|p2a: Latios|spa|2
|move|p1a: Zapdos|Roost|p1a: Zapdos
|-heal|p1a: Zapdos|245\/384
|
|-heal|p1a: Zapdos|269\/384|[from] item: Leftovers
|turn|40
|
|move|p2a: Latios|Draco Meteor|p1a: Zapdos
|-damage|p1a: Zapdos|146\/384
|-unboost|p2a: Latios|spa|2
|move|p1a: Zapdos|Roost|p1a: Zapdos
|-heal|p1a: Zapdos|338\/384
|
|-heal|p1a: Zapdos|362\/384|[from] item: Leftovers
|turn|41
|chat|Apedingo|gg
|-message|Apedingo forfeited.
|
|win|WingFire
|raw|Ladder updating...
|leave|Apedingo
|player|p2
|raw|WingFire's rating: 1715 &rarr; <strong>1740<\/strong><br \/>(+25 for winning)
|raw|Apedingo's rating: 1806 &rarr; <strong>1781<\/strong><br \/>(-25 for losing)