|join|DaFeebasArmy!
|join|Apedingo
|player|p1|DaFeebasArmy!|12
|player|p2|Apedingo|242
|gametype|singles
|gen|6
|tier|OU
|rated
|clearpoke
|poke|p1|Charizard, M
|poke|p1|Skarmory, M
|poke|p1|Cresselia, F
|poke|p1|Amoonguss, M
|poke|p1|Keldeo
|poke|p1|Diggersby, M
|poke|p2|Landorus-Therian, M
|poke|p2|Gardevoir, F
|poke|p2|Azumarill, F
|poke|p2|Latios, M
|poke|p2|Tyranitar, M
|poke|p2|Magnezone
|rule|Swagger Clause: Swagger is banned
|rule|Baton Pass Clause: Limit one Pokémon knowing Baton Pass
|rule|Sleep Clause Mod: Limit one foe put to sleep
|rule|Species Clause: Limit one of each Pokémon
|rule|OHKO Clause: OHKO moves are banned
|rule|Moody Clause: Moody is banned
|rule|Evasion Moves Clause: Evasion moves are banned
|rule|Endless Battle Clause: Forcing endless battles is banned
|rule|HP Percentage Mod: HP is shown in percentages
|teampreview
|
|start
|switch|p1a: Keldeo|Keldeo|322\/322
|switch|p2a: Azumarill|Azumarill, F|401\/401
|turn|1
|
|switch|p1a: Amoonguss|Amoonguss, M|432\/432
|move|p2a: Azumarill|Knock Off|p1a: Amoonguss
|-damage|p1a: Amoonguss|236\/432
|-enditem|p1a: Amoonguss|Shed Shell|[from] move: Knock Off|[of] p2a: Azumarill
|
|turn|2
|
|switch|p2a: Tyranitar|Tyranitar, M|403\/403
|-weather|Sandstorm
|move|p1a: Amoonguss|Spore|p2a: Tyranitar
|-status|p2a: Tyranitar|slp
|
|-weather|Sandstorm|[upkeep]
|-damage|p1a: Amoonguss|209\/432|[from] sandstorm
|turn|3
|join|manu 11
|
|switch|p2a: Magnezone|Magnezone|281\/281
|switch|p1a: Cresselia|Cresselia, F|444\/444
|
|-weather|Sandstorm|[upkeep]
|-damage|p1a: Cresselia|417\/444|[from] sandstorm
|turn|4
|
|switch|p1a: Diggersby|Diggersby, M|311\/311
|move|p2a: Magnezone|Volt Switch|p1a: Diggersby
|-immune|p1a: Diggersby|[msg]
|
|-weather|Sandstorm|[upkeep]
|turn|5
|
|switch|p2a: Landorus-Therian|Landorus-Therian, M|382\/382
|-ability|p2a: Landorus-Therian|Intimidate|[of] p1a: Diggersby
|-unboost|p1a: Diggersby|atk|1
|move|p1a: Diggersby|Return|p2a: Landorus-Therian
|-damage|p2a: Landorus-Therian|192\/382
|
|-weather|Sandstorm|[upkeep]
|-heal|p2a: Landorus-Therian|215\/382|[from] item: Leftovers
|turn|6
|
|move|p1a: Diggersby|Return|p2a: Landorus-Therian
|-crit|p2a: Landorus-Therian
|-damage|p2a: Landorus-Therian|0 fnt
|faint|p2a: Landorus-Therian
|
|-weather|none
|c|★DaFeebasArmy!|sorry
|c|★Apedingo|its fine
|
|switch|p2a: Azumarill|Azumarill, F|401\/401
|turn|7
|
|switch|p1a: Amoonguss|Amoonguss, M|353\/432
|switch|p2a: Latios|Latios, M|301\/301
|
|turn|8
|
|switch|p1a: Cresselia|Cresselia, F|417\/444
|move|p2a: Latios|Trick|p1a: Cresselia
|-activate|p2a: Latios|move: Trick|[of] p1a: Cresselia
|-item|p1a: Cresselia|Choice Specs|[from] move: Trick
|-item|p2a: Latios|Shed Shell|[from] move: Trick
|
|turn|9
|join|Death Arcana
|
|switch|p2a: Tyranitar|Tyranitar, M|403\/403 slp
|-weather|Sandstorm
|move|p1a: Cresselia|Ice Beam|p2a: Tyranitar
|-damage|p2a: Tyranitar|377\/403 slp
|
|-weather|Sandstorm|[upkeep]
|-damage|p1a: Cresselia|390\/444|[from] sandstorm
|turn|10
|join|crookSHOOK
|
|switch|p1a: Diggersby|Diggersby, M|311\/311
|switch|p2a: Magnezone|Magnezone|281\/281
|
|-weather|Sandstorm|[upkeep]
|turn|11
|
|move|p2a: Magnezone|Flash Cannon|p1a: Diggersby
|-damage|p1a: Diggersby|137\/311
|move|p1a: Diggersby|Earthquake|p2a: Magnezone
|-supereffective|p2a: Magnezone
|-damage|p2a: Magnezone|0 fnt
|faint|p2a: Magnezone
|
|-weather|Sandstorm|[upkeep]
|
|switch|p2a: Latios|Latios, M|301\/301
|turn|12
|
|switch|p1a: Cresselia|Cresselia, F|390\/444
|move|p2a: Latios|Draco Meteor|p1a: Cresselia
|-damage|p1a: Cresselia|234\/444
|-unboost|p2a: Latios|spa|2
|
|-weather|Sandstorm|[upkeep]
|-damage|p2a: Latios|283\/301|[from] sandstorm
|-damage|p1a: Cresselia|207\/444|[from] sandstorm
|turn|13
|
|switch|p2a: Azumarill|Azumarill, F|401\/401
|move|p1a: Cresselia|Moonlight|p1a: Cresselia
|-heal|p1a: Cresselia|318\/444
|
|-weather|none
|turn|14
|
|switch|p1a: Amoonguss|Amoonguss, M|432\/432
|switch|p2a: Gardevoir|Gardevoir, F|278\/278
|
|turn|15
|
|switch|p1a: Cresselia|Cresselia, F|318\/444
|detailschange|p2a: Gardevoir|Gardevoir-Mega, F
|message|Gardevoir has Mega Evolved into Mega Gardevoir!
|move|p2a: Gardevoir|Calm Mind|p2a: Gardevoir
|-boost|p2a: Gardevoir|spa|1
|-boost|p2a: Gardevoir|spd|1
|
|turn|16
|
|move|p2a: Gardevoir|Hyper Voice|p1a: Cresselia
|-damage|p1a: Cresselia|71\/444
|move|p1a: Cresselia|Thunder Wave|p2a: Gardevoir
|-status|p2a: Gardevoir|par
|
|turn|17
|
|switch|p1a: Keldeo|Keldeo|322\/322
|move|p2a: Gardevoir|Hyper Voice|p1a: Keldeo
|-supereffective|p1a: Keldeo
|-damage|p1a: Keldeo|0 fnt
|faint|p1a: Keldeo
|
|
|switch|p1a: Charizard|Charizard, M|297\/297
|turn|18
|
|detailschange|p1a: Charizard|Charizard-Mega-X, M
|message|Charizard has Mega Evolved into Mega Charizard!
|move|p1a: Charizard|Flare Blitz|p2a: Gardevoir
|-damage|p2a: Gardevoir|0 fnt
|-damage|p1a: Charizard|205\/297|[from] recoil|[of] p2a: Gardevoir
|faint|p2a: Gardevoir
|
|c| crookSHOOK|at first i thought army dude was the one losing
|
|switch|p2a: Latios|Latios, M|283\/301
|turn|19
|
|switch|p1a: Cresselia|Cresselia, F|71\/444
|move|p2a: Latios|Draco Meteor|p1a: Cresselia
|-damage|p1a: Cresselia|0 fnt
|-unboost|p2a: Latios|spa|2
|faint|p1a: Cresselia
|
|
|switch|p1a: Amoonguss|Amoonguss, M|432\/432
|turn|20
|
|switch|p2a: Tyranitar|Tyranitar, M|377\/403 slp
|-weather|Sandstorm
|move|p1a: Amoonguss|Foul Play|p2a: Tyranitar
|-resisted|p2a: Tyranitar
|-damage|p2a: Tyranitar|332\/403 slp
|
|-weather|Sandstorm|[upkeep]
|-damage|p1a: Amoonguss|405\/432|[from] sandstorm
|turn|21
|
|switch|p2a: Latios|Latios, M|283\/301
|move|p1a: Amoonguss|Foul Play|p2a: Latios
|-supereffective|p2a: Latios
|-damage|p2a: Latios|125\/301
|
|-weather|Sandstorm|[upkeep]
|-damage|p2a: Latios|107\/301|[from] sandstorm
|-damage|p1a: Amoonguss|378\/432|[from] sandstorm
|turn|22
|
|switch|p1a: Skarmory|Skarmory, M|334\/334
|move|p2a: Latios|Psyshock|p1a: Skarmory
|-crit|p1a: Skarmory
|-resisted|p1a: Skarmory
|-damage|p1a: Skarmory|271\/334
|
|-weather|Sandstorm|[upkeep]
|-damage|p2a: Latios|89\/301|[from] sandstorm
|turn|23
|
|switch|p2a: Tyranitar|Tyranitar, M|332\/403 slp
|move|p1a: Skarmory|Stealth Rock|p2a: Tyranitar
|-sidestart|p2: Apedingo|move: Stealth Rock
|
|-weather|Sandstorm|[upkeep]
|turn|24
|
|switch|p1a: Charizard|Charizard-Mega-X, M|205\/297
|cant|p2a: Tyranitar|slp
|
|-weather|none
|turn|25
|
|move|p1a: Charizard|Earthquake|p2a: Tyranitar
|-supereffective|p2a: Tyranitar
|-damage|p2a: Tyranitar|110\/403 slp
|cant|p2a: Tyranitar|slp
|
|turn|26
|
|move|p1a: Charizard|Dragon Claw|p2a: Tyranitar
|-damage|p2a: Tyranitar|0 fnt
|faint|p2a: Tyranitar
|
|
|switch|p2a: Azumarill|Azumarill, F|401\/401
|-damage|p2a: Azumarill|351\/401|[from] Stealth Rock
|turn|27
|
|switch|p1a: Skarmory|Skarmory, M|271\/334
|move|p2a: Azumarill|Waterfall|p1a: Skarmory
|-damage|p1a: Skarmory|171\/334
|-damage|p2a: Azumarill|285\/401|[from] item: Rocky Helmet|[of] p1a: Skarmory
|
|turn|28
|
|switch|p2a: Latios|Latios, M|89\/301
|-damage|p2a: Latios|52\/301|[from] Stealth Rock
|move|p1a: Skarmory|Roost|p1a: Skarmory
|-heal|p1a: Skarmory|334\/334
|
|turn|29
|
|switch|p1a: Charizard|Charizard-Mega-X, M|205\/297
|move|p2a: Latios|Surf|p1a: Charizard
|-damage|p1a: Charizard|84\/297
|
|turn|30
|
|move|p2a: Latios|Surf|p1a: Charizard
|-damage|p1a: Charizard|0 fnt
|faint|p1a: Charizard
|
|
|switch|p1a: Diggersby|Diggersby, M|137\/311
|turn|31
|
|move|p1a: Diggersby|Quick Attack|p2a: Latios
|-damage|p2a: Latios|0 fnt
|faint|p2a: Latios
|
|
|switch|p2a: Azumarill|Azumarill, F|285\/401
|-damage|p2a: Azumarill|235\/401|[from] Stealth Rock
|turn|32
|
|move|p1a: Diggersby|Quick Attack|p2a: Azumarill
|-damage|p2a: Azumarill|67\/401
|move|p2a: Azumarill|Aqua Jet|p1a: Diggersby
|-supereffective|p1a: Diggersby
|-damage|p1a: Diggersby|0 fnt
|faint|p1a: Diggersby
|
|
|switch|p1a: Skarmory|Skarmory, M|334\/334
|turn|33
|
|move|p2a: Azumarill|Waterfall|p1a: Skarmory
|-damage|p1a: Skarmory|228\/334
|-damage|p2a: Azumarill|1\/401|[from] item: Rocky Helmet|[of] p1a: Skarmory
|cant|p1a: Skarmory|flinch
|
|turn|34
|
|move|p1a: Skarmory|Roost|p1a: Skarmory
|-heal|p1a: Skarmory|334\/334
|move|p2a: Azumarill|Knock Off|p1a: Skarmory
|-damage|p1a: Skarmory|256\/334
|-damage|p2a: Azumarill|0 fnt|[from] item: Rocky Helmet|[of] p1a: Skarmory
|faint|p2a: Azumarill
|
|win|DaFeebasArmy!
|raw|Ladder updating...
|raw|DaFeebasArmy!'s rating: 1780 &rarr; <strong>1799<\/strong><br \/>(+19 for winning)
|raw|Apedingo's rating: 1764 &rarr; <strong>1745<\/strong><br \/>(-19 for losing)
|c|★DaFeebasArmy!|gg
|leave|Apedingo
|player|p2
|leave|DaFeebasArmy!
|player|p1
|leave|manu 11
|join|DaFeebasArmy!