|join|Apedingo
|join|Aka DH
|player|p1|Apedingo|242
|player|p2|Aka DH|68
|gametype|singles
|gen|6
|tier|OU
|rated
|clearpoke
|poke|p1|Landorus-Therian, M
|poke|p1|Gardevoir, M
|poke|p1|Keldeo
|poke|p1|Latios, M
|poke|p1|Tyranitar, F
|poke|p1|Magnezone
|poke|p2|Bisharp, M
|poke|p2|Venusaur, M
|poke|p2|Heatran, M
|poke|p2|Keldeo
|poke|p2|Chansey, F
|poke|p2|Skarmory, F
|rule|Swagger Clause: Swagger is banned
|rule|Baton Pass Clause: Limit one Pokémon knowing Baton Pass
|rule|Sleep Clause Mod: Limit one foe put to sleep
|rule|Species Clause: Limit one of each Pokémon
|rule|OHKO Clause: OHKO moves are banned
|rule|Moody Clause: Moody is banned
|rule|Evasion Moves Clause: Evasion moves are banned
|rule|Endless Battle Clause: Forcing endless battles is banned
|rule|HP Percentage Mod: HP is shown in percentages
|teampreview
|join|Bloody Tilt
|
|start
|switch|p1a: Magnezone|Magnezone|281\/281
|switch|p2a: Heatran|Heatran, M|340\/340
|-item|p2a: Heatran|Air Balloon
|turn|1
|c| Bloody Tilt|we climbin now
|c| Bloody Tilt|n_n
|
|move|p1a: Magnezone|Volt Switch|p2a: Heatran
|-damage|p2a: Heatran|225\/340
|-enditem|p2a: Heatran|Air Balloon
|
|switch|p1a: Keldeo|Keldeo|323\/323
|move|p2a: Heatran|Fire Blast|p1a: Keldeo
|-resisted|p1a: Keldeo
|-damage|p1a: Keldeo|232\/323
|
|-heal|p1a: Keldeo|252\/323|[from] item: Leftovers
|turn|2
|
|switch|p2a: Venusaur|Venusaur, M|364\/364
|move|p1a: Keldeo|Secret Sword|p2a: Venusaur
|-resisted|p2a: Venusaur
|-damage|p2a: Venusaur|307\/364
|
|-heal|p1a: Keldeo|272\/323|[from] item: Leftovers
|turn|3
|
|switch|p1a: Tyranitar|Tyranitar, F|403\/403
|-weather|Sandstorm
|detailschange|p2a: Venusaur|Venusaur-Mega, M
|message|Venusaur has Mega Evolved into Mega Venusaur!
|move|p2a: Venusaur|Leech Seed|p1a: Tyranitar
|-start|p1a: Tyranitar|move: Leech Seed
|
|-weather|Sandstorm|[upkeep]
|-damage|p2a: Venusaur|285\/364|[from] sandstorm
|-damage|p1a: Tyranitar|353\/403|[from] Leech Seed|[of] p2a: Venusaur
|-heal|p2a: Venusaur|335\/364|[silent]
|turn|4
|c| Bloody Tilt|amazing italiano player
|
|switch|p1a: Latios|Latios, M|301\/301
|move|p2a: Venusaur|Giga Drain|p1a: Latios
|-resisted|p1a: Latios
|-damage|p1a: Latios|254\/301
|-heal|p2a: Venusaur|359\/364|[from] drain|[of] p1a: Latios
|
|-weather|Sandstorm|[upkeep]
|-damage|p1a: Latios|236\/301|[from] sandstorm
|-damage|p2a: Venusaur|337\/364|[from] sandstorm
|turn|5
|c| Bloody Tilt|n_n
|
|switch|p1a: Magnezone|Magnezone|281\/281
|switch|p2a: Heatran|Heatran, M|225\/340
|
|-weather|Sandstorm|[upkeep]
|turn|6
|
|move|p1a: Magnezone|Volt Switch|p2a: Heatran
|-damage|p2a: Heatran|101\/340
|
|switch|p1a: Tyranitar|Tyranitar, F|353\/403
|move|p2a: Heatran|Toxic|p1a: Tyranitar
|-status|p1a: Tyranitar|tox
|
|-weather|Sandstorm|[upkeep]
|-damage|p1a: Tyranitar|328\/403 tox|[from] psn
|turn|7
|
|switch|p1a: Keldeo|Keldeo|272\/323
|move|p2a: Heatran|Stealth Rock|p1a: Keldeo
|-sidestart|p1: Apedingo|move: Stealth Rock
|
|-weather|none
|-heal|p1a: Keldeo|292\/323|[from] item: Leftovers
|turn|8
|
|switch|p2a: Venusaur|Venusaur-Mega, M|337\/364
|move|p1a: Keldeo|Secret Sword|p2a: Venusaur
|-resisted|p2a: Venusaur
|-damage|p2a: Venusaur|290\/364
|
|-heal|p1a: Keldeo|312\/323|[from] item: Leftovers
|turn|9
|join|u got slowbro'ed
|
|switch|p1a: Magnezone|Magnezone|281\/281
|-damage|p1a: Magnezone|264\/281|[from] Stealth Rock
|move|p2a: Venusaur|Giga Drain|p1a: Magnezone
|-resisted|p1a: Magnezone
|-damage|p1a: Magnezone|210\/281
|-heal|p2a: Venusaur|317\/364|[from] drain|[of] p1a: Magnezone
|
|turn|10
|
|move|p1a: Magnezone|Volt Switch|p2a: Venusaur
|-resisted|p2a: Venusaur
|-damage|p2a: Venusaur|260\/364
|c| u got slowbro'ed|imo he loses this
|
|switch|p1a: Latios|Latios, M|236\/301
|-damage|p1a: Latios|199\/301|[from] Stealth Rock
|move|p2a: Venusaur|Giga Drain|p1a: Latios
|-resisted|p1a: Latios
|-damage|p1a: Latios|154\/301
|-heal|p2a: Venusaur|283\/364|[from] drain|[of] p1a: Latios
|
|turn|11
|c| Bloody Tilt|loses this and tilts 100 points again?
|c| Bloody Tilt|y\/n
|
|switch|p2a: Bisharp|Bisharp, M|334\/334
|move|p1a: Latios|Draco Meteor|p2a: Bisharp
|-resisted|p2a: Bisharp
|-damage|p2a: Bisharp|86\/334
|-unboost|p1a: Latios|spa|2
|
|-heal|p2a: Bisharp|106\/334|[from] item: Leftovers
|turn|12
|c| Bloody Tilt|specs ;~;
|c| Bloody Tilt|draco again
|c| Bloody Tilt|on the knock off
|c| Bloody Tilt|n_n
|
|switch|p1a: Keldeo|Keldeo|312\/323
|-damage|p1a: Keldeo|292\/323|[from] Stealth Rock
|move|p2a: Bisharp|Knock Off|p1a: Keldeo
|-resisted|p1a: Keldeo
|-damage|p1a: Keldeo|193\/323
|-boost|p1a: Keldeo|atk|1|[from] ability: Justified
|-enditem|p1a: Keldeo|Leftovers|[from] move: Knock Off|[of] p2a: Bisharp
|
|-heal|p2a: Bisharp|126\/334|[from] item: Leftovers
|turn|13
|
|switch|p2a: Heatran|Heatran, M|101\/340
|move|p1a: Keldeo|Substitute|p1a: Keldeo
|-start|p1a: Keldeo|Substitute
|-damage|p1a: Keldeo|113\/323
|
|turn|14
|
|switch|p2a: Venusaur|Venusaur-Mega, M|283\/364
|move|p1a: Keldeo|Secret Sword|p2a: Venusaur
|-resisted|p2a: Venusaur
|-damage|p2a: Venusaur|235\/364
|
|turn|15
|
|switch|p1a: Tyranitar|Tyranitar, F|328\/403 tox
|-damage|p1a: Tyranitar|278\/403 tox|[from] Stealth Rock
|-weather|Sandstorm
|move|p2a: Venusaur|Giga Drain|p1a: Tyranitar
|-supereffective|p1a: Tyranitar
|-damage|p1a: Tyranitar|210\/403 tox
|-heal|p2a: Venusaur|269\/364|[from] drain|[of] p1a: Tyranitar
|
|-weather|Sandstorm|[upkeep]
|-damage|p2a: Venusaur|247\/364|[from] sandstorm
|-damage|p1a: Tyranitar|185\/403 tox|[from] psn
|turn|16
|
|move|p2a: Venusaur|Giga Drain|p1a: Tyranitar
|-supereffective|p1a: Tyranitar
|-damage|p1a: Tyranitar|119\/403 tox
|-heal|p2a: Venusaur|280\/364|[from] drain|[of] p1a: Tyranitar
|move|p1a: Tyranitar|Fire Blast|p2a: Venusaur
|-supereffective|p2a: Venusaur
|-damage|p2a: Venusaur|212\/364
|
|-weather|Sandstorm|[upkeep]
|-damage|p2a: Venusaur|190\/364|[from] sandstorm
|-damage|p1a: Tyranitar|69\/403 tox|[from] psn
|turn|17
|c| Bloody Tilt|u forgot to fish for a burn first buddy
|
|move|p2a: Venusaur|Giga Drain|p1a: Tyranitar
|-supereffective|p1a: Tyranitar
|-damage|p1a: Tyranitar|7\/403 tox
|-heal|p2a: Venusaur|221\/364|[from] drain|[of] p1a: Tyranitar
|move|p1a: Tyranitar|Crunch|p2a: Venusaur
|-damage|p2a: Venusaur|142\/364
|-unboost|p2a: Venusaur|def|1
|
|-weather|Sandstorm|[upkeep]
|-damage|p2a: Venusaur|120\/364|[from] sandstorm
|-damage|p1a: Tyranitar|0 fnt|[from] psn
|faint|p1a: Tyranitar
|c| Bloody Tilt|:>
|
|switch|p1a: Landorus-Therian|Landorus-Therian, M|382\/382
|-damage|p1a: Landorus-Therian|335\/382|[from] Stealth Rock
|-ability|p1a: Landorus-Therian|Intimidate|[of] p2a: Venusaur
|-unboost|p2a: Venusaur|atk|1
|turn|18
|
|move|p1a: Landorus-Therian|Earthquake|p2a: Venusaur
|-damage|p2a: Venusaur|0 fnt
|faint|p2a: Venusaur
|
|-weather|Sandstorm|[upkeep]
|-heal|p1a: Landorus-Therian|358\/382|[from] item: Leftovers
|
|switch|p2a: Keldeo|Keldeo|323\/323
|turn|19
|c| u got slowbro'ed|cm keldeo
|
|switch|p1a: Latios|Latios, M|154\/301
|-damage|p1a: Latios|117\/301|[from] Stealth Rock
|move|p2a: Keldeo|Scald|p1a: Latios
|-resisted|p1a: Latios
|-damage|p1a: Latios|54\/301
|
|-weather|none
|turn|20
|c| Bloody Tilt|they're both cm keld
|c| Bloody Tilt|:>
|
|switch|p2a: Heatran|Heatran, M|101\/340
|move|p1a: Latios|Draco Meteor|p2a: Heatran
|-resisted|p2a: Heatran
|-damage|p2a: Heatran|0 fnt
|-unboost|p1a: Latios|spa|2
|faint|p2a: Heatran
|
|
|switch|p2a: Chansey|Chansey, F|684\/684
|turn|21
|
|move|p1a: Latios|Draco Meteor|p2a: Chansey
|-damage|p2a: Chansey|573\/684
|-unboost|p1a: Latios|spa|2
|move|p2a: Chansey|Seismic Toss|p1a: Latios
|-damage|p1a: Latios|0 fnt
|faint|p1a: Latios
|
|
|switch|p1a: Keldeo|Keldeo|113\/323
|-damage|p1a: Keldeo|93\/323|[from] Stealth Rock
|turn|22
|
|switch|p2a: Skarmory|Skarmory, F|334\/334
|move|p1a: Keldeo|Secret Sword|p2a: Skarmory
|-damage|p2a: Skarmory|232\/334
|
|turn|23
|
|switch|p1a: Magnezone|Magnezone|210\/281
|-damage|p1a: Magnezone|193\/281|[from] Stealth Rock
|move|p2a: Skarmory|Spikes|p1a: Magnezone
|-sidestart|p1: Apedingo|Spikes
|
|turn|24
|
|move|p1a: Magnezone|Thunderbolt|p2a: Skarmory
|-crit|p2a: Skarmory
|-supereffective|p2a: Skarmory
|-damage|p2a: Skarmory|0 fnt
|faint|p2a: Skarmory
|
|
|switch|p2a: Chansey|Chansey, F|573\/684
|turn|25
|
|switch|p1a: Landorus-Therian|Landorus-Therian, M|358\/382
|-damage|p1a: Landorus-Therian|311\/382|[from] Stealth Rock
|-ability|p1a: Landorus-Therian|Intimidate|[of] p2a: Chansey
|-unboost|p2a: Chansey|atk|1
|move|p2a: Chansey|Seismic Toss|p1a: Landorus-Therian
|-damage|p1a: Landorus-Therian|211\/382
|
|-heal|p1a: Landorus-Therian|234\/382|[from] item: Leftovers
|turn|26
|
|switch|p2a: Keldeo|Keldeo|323\/323
|move|p1a: Landorus-Therian|Earthquake|p2a: Keldeo
|-damage|p2a: Keldeo|145\/323
|
|-heal|p2a: Keldeo|165\/323|[from] item: Leftovers
|-heal|p1a: Landorus-Therian|257\/382|[from] item: Leftovers
|turn|27
|
|switch|p1a: Gardevoir|Gardevoir, M|278\/278
|-damage|p1a: Gardevoir|244\/278|[from] Stealth Rock
|-damage|p1a: Gardevoir|210\/278|[from] Spikes
|move|p2a: Keldeo|Scald|p1a: Gardevoir
|-damage|p1a: Gardevoir|80\/278
|
|-heal|p2a: Keldeo|185\/323|[from] item: Leftovers
|turn|28
|
|detailschange|p1a: Gardevoir|Gardevoir-Mega, M
|message|Gardevoir has Mega Evolved into Mega Gardevoir!
|move|p2a: Keldeo|Scald|p1a: Gardevoir
|-damage|p1a: Gardevoir|0 fnt
|faint|p1a: Gardevoir
|
|-heal|p2a: Keldeo|205\/323|[from] item: Leftovers
|
|switch|p1a: Magnezone|Magnezone|193\/281
|-damage|p1a: Magnezone|176\/281|[from] Stealth Rock
|-damage|p1a: Magnezone|141\/281|[from] Spikes
|turn|29
|
|switch|p2a: Chansey|Chansey, F|573\/684
|move|p1a: Magnezone|Volt Switch|p2a: Chansey
|-damage|p2a: Chansey|492\/684
|
|switch|p1a: Keldeo|Keldeo|93\/323
|-damage|p1a: Keldeo|53\/323|[from] Spikes
|-damage|p1a: Keldeo|33\/323|[from] Stealth Rock
|
|turn|30
|
|move|p1a: Keldeo|Secret Sword|p2a: Chansey
|-supereffective|p2a: Chansey
|-damage|p2a: Chansey|66\/684
|move|p2a: Chansey|Seismic Toss|p1a: Keldeo
|-damage|p1a: Keldeo|0 fnt
|faint|p1a: Keldeo
|
|
|switch|p1a: Magnezone|Magnezone|141\/281
|-damage|p1a: Magnezone|106\/281|[from] Spikes
|-damage|p1a: Magnezone|89\/281|[from] Stealth Rock
|turn|31
|
|move|p1a: Magnezone|Thunderbolt|p2a: Chansey
|-damage|p2a: Chansey|0 fnt
|faint|p2a: Chansey
|
|
|switch|p2a: Bisharp|Bisharp, M|126\/334
|turn|32
|
|move|p2a: Bisharp|Sucker Punch|p1a: Magnezone
|-damage|p1a: Magnezone|0 fnt
|faint|p1a: Magnezone
|
|-heal|p2a: Bisharp|146\/334|[from] item: Leftovers
|
|switch|p1a: Landorus-Therian|Landorus-Therian, M|257\/382
|-damage|p1a: Landorus-Therian|210\/382|[from] Stealth Rock
|-ability|p1a: Landorus-Therian|Intimidate|[of] p2a: Bisharp
|-unboost|p2a: Bisharp|atk|1
|-boost|p2a: Bisharp|atk|2|[from] ability: Defiant
|turn|33
|
|move|p1a: Landorus-Therian|Earthquake|p2a: Bisharp
|-supereffective|p2a: Bisharp
|-damage|p2a: Bisharp|0 fnt
|faint|p2a: Bisharp
|
|-heal|p1a: Landorus-Therian|233\/382|[from] item: Leftovers
|
|switch|p2a: Keldeo|Keldeo|205\/323
|turn|34
|
|move|p2a: Keldeo|Scald|p1a: Landorus-Therian
|-supereffective|p1a: Landorus-Therian
|-damage|p1a: Landorus-Therian|0 fnt
|faint|p1a: Landorus-Therian
|
|win|Aka DH
|raw|Ladder updating...
|raw|Apedingo's rating: 1807 &rarr; <strong>1793<\/strong><br \/>(-14 for losing)
|raw|Aka DH's rating: 1907 &rarr; <strong>1921<\/strong><br \/>(+14 for winning)