|join|RKO in mid-air
|join|ProSlowbro
|player|p1|RKO in mid-air|225
|player|p2|ProSlowbro|169
|gametype|singles
|gen|6
|tier|UU
|rated
|rule|Sleep Clause Mod: Limit one foe put to sleep
|rule|Species Clause: Limit one of each Pokémon
|rule|OHKO Clause: OHKO moves are banned
|rule|Moody Clause: Moody is banned
|rule|Evasion Moves Clause: Evasion moves are banned
|rule|Endless Battle Clause: Forcing endless battles is banned
|rule|HP Percentage Mod: HP is shown in percentages
|clearpoke
|poke|p1|Mienshao, M
|poke|p1|Chandelure, F
|poke|p1|Jirachi
|poke|p1|Krookodile, F
|poke|p1|Blastoise, F
|poke|p1|Rotom-Mow
|poke|p2|Pidgeot, M
|poke|p2|Raikou
|poke|p2|Chesnaught, F
|poke|p2|Umbreon, F
|poke|p2|Arcanine, F
|poke|p2|Azelf
|rule|Swagger Clause: Swagger is banned
|rule|Baton Pass Clause: Limit one Pokémon knowing Baton Pass
|teampreview
|c|★ProSlowbro|good luck :)
|c|★RKO in mid-air|^
|
|start
|switch|p1a: Rotom-Mow|Rotom-Mow|269\/269
|switch|p2a: Azelf|Azelf|291\/291
|turn|1
|c|★ProSlowbro|you played oras?
|
|move|p2a: Azelf|Knock Off|p1a: Rotom-Mow
|-damage|p1a: Rotom-Mow|159\/269
|-enditem|p1a: Rotom-Mow|Choice Specs|[from] move: Knock Off|[of] p2a: Azelf
|move|p1a: Rotom-Mow|Volt Switch|p2a: Azelf
|-damage|p2a: Azelf|144\/291
|c|★RKO in mid-air|i don't have any nintendo stuff
|c|★ProSlowbro|:o
|
|switch|p1a: Mienshao|Mienshao, M|271\/271
|
|turn|2
|
|switch|p2a: Chesnaught|Chesnaught, F|379\/379
|move|p1a: Mienshao|U-turn|p2a: Chesnaught
|-damage|p2a: Chesnaught|325\/379
|
|switch|p1a: Jirachi|Jirachi|341\/341
|
|-heal|p2a: Chesnaught|348\/379|[from] item: Leftovers
|turn|3
|
|move|p1a: Jirachi|Toxic|p2a: Chesnaught|[miss]
|-miss|p1a: Jirachi|p2a: Chesnaught
|move|p2a: Chesnaught|Leech Seed|p1a: Jirachi
|-start|p1a: Jirachi|move: Leech Seed
|
|-heal|p2a: Chesnaught|371\/379|[from] item: Leftovers
|-damage|p1a: Jirachi|299\/341|[from] Leech Seed|[of] p2a: Chesnaught
|-heal|p2a: Chesnaught|379\/379|[silent]
|turn|4
|
|switch|p1a: Rotom-Mow|Rotom-Mow|159\/269
|move|p2a: Chesnaught|Drain Punch|p1a: Rotom-Mow
|-damage|p1a: Rotom-Mow|74\/269
|
|turn|5
|
|switch|p2a: Arcanine|Arcanine, F|384\/384
|-ability|p2a: Arcanine|Intimidate|[of] p1a: Rotom-Mow
|-unboost|p1a: Rotom-Mow|atk|1
|move|p1a: Rotom-Mow|Hidden Power|p2a: Arcanine
|-resisted|p2a: Arcanine
|-damage|p2a: Arcanine|344\/384
|
|turn|6
|
|move|p2a: Arcanine|Extreme Speed|p1a: Rotom-Mow
|-damage|p1a: Rotom-Mow|0 fnt
|-damage|p2a: Arcanine|306\/384|[from] item: Life Orb
|faint|p1a: Rotom-Mow
|
|
|switch|p1a: Krookodile|Krookodile, F|355\/355
|-ability|p1a: Krookodile|Intimidate|[of] p2a: Arcanine
|-unboost|p2a: Arcanine|atk|1
|turn|7
|
|switch|p2a: Chesnaught|Chesnaught, F|379\/379
|move|p1a: Krookodile|Stealth Rock|p2a: Chesnaught
|-sidestart|p2: ProSlowbro|move: Stealth Rock
|
|turn|8
|
|switch|p1a: Chandelure|Chandelure, F|281\/281
|move|p2a: Chesnaught|Substitute|p2a: Chesnaught
|-start|p2a: Chesnaught|Substitute
|-damage|p2a: Chesnaught|285\/379
|
|-heal|p2a: Chesnaught|308\/379|[from] item: Leftovers
|turn|9
|
|move|p2a: Chesnaught|Spiky Shield|p2a: Chesnaught
|-singleturn|p2a: Chesnaught|move: Protect
|move|p1a: Chandelure|Substitute|p1a: Chandelure
|-start|p1a: Chandelure|Substitute
|-damage|p1a: Chandelure|211\/281
|
|-heal|p1a: Chandelure|228\/281|[from] item: Leftovers
|-heal|p2a: Chesnaught|331\/379|[from] item: Leftovers
|turn|10
|c|★ProSlowbro|well....
|
|switch|p2a: Umbreon|Umbreon, F|394\/394
|-damage|p2a: Umbreon|345\/394|[from] Stealth Rock
|move|p1a: Chandelure|Calm Mind|p1a: Chandelure
|-boost|p1a: Chandelure|spa|1
|-boost|p1a: Chandelure|spd|1
|
|-heal|p1a: Chandelure|245\/281|[from] item: Leftovers
|-heal|p2a: Umbreon|369\/394|[from] item: Leftovers
|turn|11
|c|★ProSlowbro|fuck
|
|move|p1a: Chandelure|Flamethrower|p2a: Umbreon
|-damage|p2a: Umbreon|227\/394
|move|p2a: Umbreon|Foul Play|p1a: Chandelure
|-supereffective|p1a: Chandelure
|-end|p1a: Chandelure|Substitute
|
|-heal|p1a: Chandelure|262\/281|[from] item: Leftovers
|-heal|p2a: Umbreon|251\/394|[from] item: Leftovers
|turn|12
|c|★ProSlowbro|cos chandelure doesn't have enough
|c|★ProSlowbro|special attack
|c|★RKO in mid-air|lol
|c|★ProSlowbro|only base 145
|
|switch|p1a: Krookodile|Krookodile, F|355\/355
|-ability|p1a: Krookodile|Intimidate|[of] p2a: Umbreon
|-unboost|p2a: Umbreon|atk|1
|move|p2a: Umbreon|Foul Play|p1a: Krookodile
|-resisted|p1a: Krookodile
|-damage|p1a: Krookodile|255\/355
|
|-heal|p2a: Umbreon|275\/394|[from] item: Leftovers
|turn|13
|c|★ProSlowbro|so weak...
|
|switch|p1a: Chandelure|Chandelure, F|262\/281
|move|p2a: Umbreon|Protect|p2a: Umbreon
|-fail|p2a: Umbreon
|
|-heal|p1a: Chandelure|279\/281|[from] item: Leftovers
|-heal|p2a: Umbreon|299\/394|[from] item: Leftovers
|turn|14
|
|switch|p1a: Krookodile|Krookodile, F|255\/355
|-ability|p1a: Krookodile|Intimidate|[of] p2a: Umbreon
|-unboost|p2a: Umbreon|atk|1
|move|p2a: Umbreon|Foul Play|p1a: Krookodile
|-resisted|p1a: Krookodile
|-damage|p1a: Krookodile|160\/355
|
|-heal|p2a: Umbreon|323\/394|[from] item: Leftovers
|turn|15
|
|move|p2a: Umbreon|Protect|p2a: Umbreon
|-singleturn|p2a: Umbreon|Protect
|move|p1a: Krookodile|Earthquake|p2a: Umbreon
|-activate|p2a: Umbreon|Protect
|
|-heal|p2a: Umbreon|347\/394|[from] item: Leftovers
|turn|16
|
|move|p1a: Krookodile|Knock Off|p2a: Umbreon
|-resisted|p2a: Umbreon
|-damage|p2a: Umbreon|260\/394
|-enditem|p2a: Umbreon|Leftovers|[from] move: Knock Off|[of] p1a: Krookodile
|move|p2a: Umbreon|Wish|p2a: Umbreon
|
|turn|17
|
|switch|p2a: Pidgeot|Pidgeot, M|307\/307
|-damage|p2a: Pidgeot|231\/307|[from] Stealth Rock
|move|p1a: Krookodile|Knock Off|p2a: Pidgeot
|-damage|p2a: Pidgeot|80\/307
|
|-heal|p2a: Pidgeot|277\/307|[from] move: Wish|[wisher] Umbreon
|turn|18
|
|detailschange|p2a: Pidgeot|Pidgeot-Mega, M
|-mega|p2a: Pidgeot|Pidgeot|Pidgeotite
|move|p2a: Pidgeot|Defog|p1a: Krookodile
|-unboost|p1a: Krookodile|evasion|1
|-sideend|p2: ProSlowbro|Stealth Rock|[from] move: Defog|[of] p2a: Pidgeot
|move|p1a: Krookodile|Knock Off|p2a: Pidgeot
|-damage|p2a: Pidgeot|129\/307
|
|turn|19
|
|switch|p1a: Jirachi|Jirachi|299\/341
|move|p2a: Pidgeot|Hurricane|p1a: Jirachi
|-resisted|p1a: Jirachi
|-damage|p1a: Jirachi|194\/341
|
|-heal|p1a: Jirachi|215\/341|[from] item: Leftovers
|turn|20
|
|switch|p1a: Mienshao|Mienshao, M|271\/271
|move|p2a: Pidgeot|Heat Wave|p1a: Mienshao
|-damage|p1a: Mienshao|87\/271
|
|turn|21
|
|switch|p2a: Chesnaught|Chesnaught, F|331\/379
|move|p1a: Mienshao|High Jump Kick|p2a: Chesnaught
|-damage|p2a: Chesnaught|147\/379
|
|-heal|p2a: Chesnaught|170\/379|[from] item: Leftovers
|turn|22
|
|switch|p1a: Chandelure|Chandelure, F|279\/281
|move|p2a: Chesnaught|Leech Seed|p1a: Chandelure
|-start|p1a: Chandelure|move: Leech Seed
|
|-heal|p1a: Chandelure|281\/281|[from] item: Leftovers
|-heal|p2a: Chesnaught|193\/379|[from] item: Leftovers
|-damage|p1a: Chandelure|246\/281|[from] Leech Seed|[of] p2a: Chesnaught
|-heal|p2a: Chesnaught|228\/379|[silent]
|turn|23
|
|switch|p2a: Umbreon|Umbreon, F|260\/394
|move|p1a: Chandelure|Flamethrower|p2a: Umbreon
|-damage|p2a: Umbreon|157\/394
|
|-heal|p1a: Chandelure|263\/281|[from] item: Leftovers
|-damage|p1a: Chandelure|228\/281|[from] Leech Seed|[of] p2a: Umbreon
|-heal|p2a: Umbreon|192\/394|[silent]
|turn|24
|
|switch|p1a: Jirachi|Jirachi|215\/341
|move|p2a: Umbreon|Wish|p2a: Umbreon
|
|-heal|p1a: Jirachi|236\/341|[from] item: Leftovers
|turn|25
|
|switch|p2a: Arcanine|Arcanine, F|306\/384
|-ability|p2a: Arcanine|Intimidate|[of] p1a: Jirachi
|-unboost|p1a: Jirachi|atk|1
|move|p1a: Jirachi|Toxic|p2a: Arcanine
|-status|p2a: Arcanine|tox
|
|-heal|p2a: Arcanine|384\/384 tox|[from] move: Wish|[wisher] Umbreon
|-heal|p1a: Jirachi|257\/341|[from] item: Leftovers
|-damage|p2a: Arcanine|360\/384 tox|[from] psn
|turn|26
|
|switch|p2a: Raikou|Raikou|322\/322
|-ability|p2a: Raikou|Pressure
|move|p1a: Jirachi|Substitute|p1a: Jirachi
|-start|p1a: Jirachi|Substitute
|-damage|p1a: Jirachi|172\/341
|
|-heal|p1a: Jirachi|193\/341|[from] item: Leftovers
|turn|27
|
|move|p2a: Raikou|Shadow Ball|p1a: Jirachi
|-supereffective|p1a: Jirachi
|-end|p1a: Jirachi|Substitute
|move|p1a: Jirachi|Toxic|p2a: Raikou
|-status|p2a: Raikou|tox
|
|-heal|p1a: Jirachi|214\/341|[from] item: Leftovers
|-damage|p2a: Raikou|302\/322 tox|[from] psn
|turn|28
|
|switch|p2a: Umbreon|Umbreon, F|192\/394
|switch|p1a: Krookodile|Krookodile, F|160\/355
|-ability|p1a: Krookodile|Intimidate|[of] p2a: Umbreon
|-unboost|p2a: Umbreon|atk|1
|
|turn|29
|
|move|p1a: Krookodile|Earthquake|p2a: Umbreon
|-damage|p2a: Umbreon|38\/394
|move|p2a: Umbreon|Wish|p2a: Umbreon
|
|turn|30
|
|move|p2a: Umbreon|Protect|p2a: Umbreon
|-singleturn|p2a: Umbreon|Protect
|move|p1a: Krookodile|Stealth Rock|p2a: Umbreon
|-sidestart|p2: ProSlowbro|move: Stealth Rock
|
|-heal|p2a: Umbreon|235\/394|[from] move: Wish|[wisher] Umbreon
|turn|31
|
|move|p1a: Krookodile|Earthquake|p2a: Umbreon
|-damage|p2a: Umbreon|73\/394
|move|p2a: Umbreon|Wish|p2a: Umbreon
|
|turn|32
|
|move|p1a: Krookodile|Earthquake|p2a: Umbreon
|-damage|p2a: Umbreon|0 fnt
|faint|p2a: Umbreon
|
|-message|ProSlowbro forfeited.
|leave|ProSlowbro
|
|switch|p2a: Chesnaught|Chesnaught, F|228\/379
|-damage|p2a: Chesnaught|205\/379|[from] Stealth Rock
|turn|33
|
|win|RKO in mid-air
|raw|Ladder updating...
|player|p2