|join|Ox the Box
|join|HellfireKnots
|player|p1|Ox the Box|201
|player|p2|HellfireKnots|161
|gametype|singles
|gen|6
|tier|OU
|rated
|clearpoke
|poke|p1|Altaria, F
|poke|p1|Slowbro, F
|poke|p1|Heatran, F
|poke|p1|Tangrowth, M
|poke|p1|Mandibuzz, F
|poke|p1|Clefable, M
|poke|p2|Azelf
|poke|p2|Gorebyss, M
|poke|p2|Kyurem-Black
|poke|p2|Metagross
|poke|p2|Landorus, M
|poke|p2|Breloom, F
|rule|Swagger Clause: Swagger is banned
|rule|Baton Pass Clause: Limit one Pokémon knowing Baton Pass
|rule|Sleep Clause Mod: Limit one foe put to sleep
|rule|Species Clause: Limit one of each Pokémon
|rule|OHKO Clause: OHKO moves are banned
|rule|Moody Clause: Moody is banned
|rule|Evasion Moves Clause: Evasion moves are banned
|rule|Endless Battle Clause: Forcing endless battles is banned
|rule|HP Percentage Mod: HP is shown in percentages
|teampreview
|
|start
|switch|p1a: Mandibuzz|Mandibuzz, F|423\/423
|switch|p2a: Azelf|Azelf|354\/354
|turn|1
|
|move|p2a: Azelf|Reflect|p2a: Azelf
|-sidestart|p2: HellfireKnots|Reflect
|move|p1a: Mandibuzz|Foul Play|p2a: Azelf
|-supereffective|p2a: Azelf
|-damage|p2a: Azelf|194\/354
|
|turn|2
|
|move|p2a: Azelf|Taunt|p1a: Mandibuzz
|-start|p1a: Mandibuzz|move: Taunt
|cant|p1a: Mandibuzz|move: Taunt|Taunt
|
|turn|3
|
|move|p2a: Azelf|Stealth Rock|p1a: Mandibuzz
|-sidestart|p1: Ox the Box|move: Stealth Rock
|move|p1a: Mandibuzz|Foul Play|p2a: Azelf
|-supereffective|p2a: Azelf
|-damage|p2a: Azelf|34\/354
|
|turn|4
|join|Stoned Zard
|
|switch|p1a: Tangrowth|Tangrowth, M|403\/403
|-damage|p1a: Tangrowth|353\/403|[from] Stealth Rock
|move|p2a: Azelf|Light Screen|p2a: Azelf
|-sidestart|p2: HellfireKnots|move: Light Screen
|
|turn|5
|
|move|p2a: Azelf|Taunt|p1a: Tangrowth
|-start|p1a: Tangrowth|move: Taunt
|move|p1a: Tangrowth|Giga Drain|p2a: Azelf
|-damage|p2a: Azelf|0 fnt
|-heal|p1a: Tangrowth|370\/403|[from] drain|[of] p2a: Azelf
|faint|p2a: Azelf
|
|
|switch|p2a: Gorebyss|Gorebyss, M|314\/314
|turn|6
|
|move|p2a: Gorebyss|Shell Smash|p2a: Gorebyss
|-boost|p2a: Gorebyss|atk|2
|-boost|p2a: Gorebyss|spa|2
|-boost|p2a: Gorebyss|spe|2
|-unboost|p2a: Gorebyss|def|1
|-unboost|p2a: Gorebyss|spd|1
|-enditem|p2a: Gorebyss|White Herb
|-restoreboost|p2a: Gorebyss|[silent]
|move|p1a: Tangrowth|Giga Drain|p2a: Gorebyss
|-supereffective|p2a: Gorebyss
|-damage|p2a: Gorebyss|203\/314
|-heal|p1a: Tangrowth|403\/403|[from] drain|[of] p2a: Gorebyss
|
|turn|7
|c|★Ox the Box|uses bp
|c|★Ox the Box|puts timer on me
|c|★HellfireKnots|ok.
|c|★HellfireKnots|You forgot your meme arrows \/b\/ro
|join|jbabyjbaby
|
|move|p2a: Gorebyss|Substitute|p2a: Gorebyss
|-start|p2a: Gorebyss|Substitute
|-damage|p2a: Gorebyss|125\/314
|move|p1a: Tangrowth|Giga Drain|p2a: Gorebyss
|-supereffective|p2a: Gorebyss
|-end|p2a: Gorebyss|Substitute
|
|-end|p1a: Tangrowth|move: Taunt
|turn|8
|c| Stoned Zard|just bp lol
|
|move|p2a: Gorebyss|Baton Pass|p2a: Gorebyss
|
|switch|p2a: Metagross|Metagross|303\/303
|move|p1a: Tangrowth|Giga Drain|p2a: Metagross
|-resisted|p2a: Metagross
|-damage|p2a: Metagross|276\/303
|
|-sideend|p2: HellfireKnots|Reflect
|turn|9
|
|detailschange|p2a: Metagross|Metagross-Mega
|-mega|p2a: Metagross|Metagross|Metagrossite
|move|p2a: Metagross|Substitute|p2a: Metagross
|-start|p2a: Metagross|Substitute
|-damage|p2a: Metagross|201\/303
|move|p1a: Tangrowth|Earthquake|p2a: Metagross
|-supereffective|p2a: Metagross
|-end|p2a: Metagross|Substitute
|
|turn|10
|
|move|p2a: Metagross|Meteor Mash|p1a: Tangrowth|[miss]
|-miss|p2a: Metagross|p1a: Tangrowth
|move|p1a: Tangrowth|Earthquake|p2a: Metagross
|-supereffective|p2a: Metagross
|-damage|p2a: Metagross|87\/303
|
|turn|11
|c|★Ox the Box|lolol
|c| Stoned Zard|ox you win with bro
|
|move|p2a: Metagross|Meteor Mash|p1a: Tangrowth
|-damage|p1a: Tangrowth|39\/403
|move|p1a: Tangrowth|Earthquake|p2a: Metagross
|-supereffective|p2a: Metagross
|-damage|p2a: Metagross|0 fnt
|faint|p2a: Metagross
|
|-sideend|p2: HellfireKnots|move: Light Screen
|c|★HellfireKnots|darn
|c| Stoned Zard|nvm'
|c| Stoned Zard|lol
|
|switch|p2a: Kyurem-Black|Kyurem-Black|391\/391
|-ability|p2a: Kyurem-Black|Teravolt
|turn|12
|c| Stoned Zard|you win in general
|leave|Stoned Zard
|
|switch|p1a: Clefable|Clefable, M|394\/394
|-damage|p1a: Clefable|345\/394|[from] Stealth Rock
|move|p2a: Kyurem-Black|Ice Beam|p1a: Clefable
|-damage|p1a: Clefable|222\/394
|
|-heal|p1a: Clefable|246\/394|[from] item: Leftovers
|turn|13
|
|switch|p2a: Landorus|Landorus, M|320\/320
|move|p1a: Clefable|Wish|p1a: Clefable
|
|-heal|p1a: Clefable|270\/394|[from] item: Leftovers
|turn|14
|
|switch|p1a: Mandibuzz|Mandibuzz, F|423\/423
|-damage|p1a: Mandibuzz|318\/423|[from] Stealth Rock
|move|p2a: Landorus|Sludge Wave|p1a: Mandibuzz
|-damage|p1a: Mandibuzz|149\/423
|
|-heal|p1a: Mandibuzz|346\/423|[from] move: Wish|[wisher] Clefable
|-heal|p1a: Mandibuzz|372\/423|[from] item: Leftovers
|turn|15
|
|move|p2a: Landorus|Focus Blast|p1a: Mandibuzz
|-damage|p1a: Mandibuzz|160\/423
|move|p1a: Mandibuzz|Defog|p2a: Landorus
|-unboost|p2a: Landorus|evasion|1
|-sideend|p1: Ox the Box|Stealth Rock|[from] move: Defog|[of] p1a: Mandibuzz
|
|-heal|p1a: Mandibuzz|186\/423|[from] item: Leftovers
|turn|16
|
|move|p2a: Landorus|Focus Blast|p1a: Mandibuzz
|-damage|p1a: Mandibuzz|0 fnt
|faint|p1a: Mandibuzz
|
|
|switch|p1a: Slowbro|Slowbro, F|394\/394
|turn|17
|
|switch|p2a: Gorebyss|Gorebyss, M|125\/314
|move|p1a: Slowbro|Scald|p2a: Gorebyss
|-resisted|p2a: Gorebyss
|-damage|p2a: Gorebyss|68\/314
|-status|p2a: Gorebyss|brn
|
|-damage|p2a: Gorebyss|29\/314 brn|[from] brn
|turn|18
|
|switch|p1a: Altaria|Altaria, F|353\/353
|move|p2a: Gorebyss|Surf|p1a: Altaria
|-resisted|p1a: Altaria
|-damage|p1a: Altaria|298\/353
|
|-damage|p2a: Gorebyss|0 fnt|[from] brn
|faint|p2a: Gorebyss
|
|switch|p2a: Kyurem-Black|Kyurem-Black|391\/391
|-ability|p2a: Kyurem-Black|Teravolt
|turn|19
|
|switch|p1a: Heatran|Heatran, F|385\/385
|move|p2a: Kyurem-Black|Ice Beam|p1a: Heatran
|-resisted|p1a: Heatran
|-damage|p1a: Heatran|362\/385
|
|-heal|p1a: Heatran|385\/385|[from] item: Leftovers
|turn|20
|
|move|p2a: Kyurem-Black|Earth Power|p1a: Heatran
|-supereffective|p1a: Heatran
|-damage|p1a: Heatran|125\/385
|move|p1a: Heatran|Stealth Rock|p2a: Kyurem-Black
|-sidestart|p2: HellfireKnots|move: Stealth Rock
|
|-heal|p1a: Heatran|149\/385|[from] item: Leftovers
|turn|21
|
|move|p2a: Kyurem-Black|Fusion Bolt|p1a: Heatran
|-damage|p1a: Heatran|0 fnt
|faint|p1a: Heatran
|
|
|switch|p1a: Clefable|Clefable, M|270\/394
|turn|22
|
|move|p2a: Kyurem-Black|Fusion Bolt|p1a: Clefable
|-damage|p1a: Clefable|112\/394
|move|p1a: Clefable|Wish|p1a: Clefable
|
|-heal|p1a: Clefable|136\/394|[from] item: Leftovers
|turn|23
|
|switch|p2a: Landorus|Landorus, M|320\/320
|-damage|p2a: Landorus|280\/320|[from] Stealth Rock
|move|p1a: Clefable|Protect|p1a: Clefable
|-fail|p1a: Clefable
|
|-heal|p1a: Clefable|333\/394|[from] move: Wish|[wisher] Clefable
|-heal|p1a: Clefable|357\/394|[from] item: Leftovers
|turn|24
|
|move|p1a: Clefable|Protect|p1a: Clefable
|-singleturn|p1a: Clefable|Protect
|move|p2a: Landorus|Sludge Wave|p1a: Clefable
|-activate|p1a: Clefable|Protect
|
|-heal|p1a: Clefable|381\/394|[from] item: Leftovers
|turn|25
|
|switch|p1a: Altaria|Altaria, F|298\/353
|move|p2a: Landorus|Sludge Wave|p1a: Altaria
|-damage|p1a: Altaria|143\/353
|
|turn|26
|
|detailschange|p1a: Altaria|Altaria-Mega, F
|-mega|p1a: Altaria|Altaria|Altarianite
|move|p2a: Landorus|Sludge Wave|p1a: Altaria
|-supereffective|p1a: Altaria
|-damage|p1a: Altaria|0 fnt
|faint|p1a: Altaria
|
|
|switch|p1a: Slowbro|Slowbro, F|394\/394
|turn|27
|
|switch|p2a: Kyurem-Black|Kyurem-Black|391\/391
|-damage|p2a: Kyurem-Black|294\/391|[from] Stealth Rock
|-ability|p2a: Kyurem-Black|Teravolt
|move|p1a: Slowbro|Scald|p2a: Kyurem-Black
|-resisted|p2a: Kyurem-Black
|-damage|p2a: Kyurem-Black|239\/391
|
|turn|28
|
|move|p2a: Kyurem-Black|Fusion Bolt|p1a: Slowbro
|-supereffective|p1a: Slowbro
|-damage|p1a: Slowbro|166\/394
|move|p1a: Slowbro|Thunder Wave|p2a: Kyurem-Black
|-status|p2a: Kyurem-Black|par
|-enditem|p2a: Kyurem-Black|Lum Berry|[eat]
|-curestatus|p2a: Kyurem-Black|par
|
|-heal|p1a: Slowbro|190\/394|[from] item: Leftovers
|turn|29
|
|switch|p1a: Clefable|Clefable, M|381\/394
|move|p2a: Kyurem-Black|Fusion Bolt|p1a: Clefable
|-damage|p1a: Clefable|220\/394
|
|-heal|p1a: Clefable|244\/394|[from] item: Leftovers
|turn|30
|
|move|p2a: Kyurem-Black|Fusion Bolt|p1a: Clefable
|-damage|p1a: Clefable|77\/394
|move|p1a: Clefable|Wish|p1a: Clefable
|
|-heal|p1a: Clefable|101\/394|[from] item: Leftovers
|turn|31
|
|move|p1a: Clefable|Protect|p1a: Clefable
|-singleturn|p1a: Clefable|Protect
|move|p2a: Kyurem-Black|Fusion Bolt|p1a: Clefable
|-activate|p1a: Clefable|Protect
|
|-heal|p1a: Clefable|298\/394|[from] move: Wish|[wisher] Clefable
|-heal|p1a: Clefable|322\/394|[from] item: Leftovers
|turn|32
|
|move|p2a: Kyurem-Black|Fusion Bolt|p1a: Clefable
|-damage|p1a: Clefable|157\/394
|move|p1a: Clefable|Moonblast|p2a: Kyurem-Black
|-supereffective|p2a: Kyurem-Black
|-damage|p2a: Kyurem-Black|0 fnt
|faint|p2a: Kyurem-Black
|
|-heal|p1a: Clefable|181\/394|[from] item: Leftovers
|
|switch|p2a: Landorus|Landorus, M|280\/320
|-damage|p2a: Landorus|240\/320|[from] Stealth Rock
|turn|33
|
|move|p2a: Landorus|Sludge Wave|p1a: Clefable
|-supereffective|p1a: Clefable
|-damage|p1a: Clefable|0 fnt
|faint|p1a: Clefable
|
|
|switch|p1a: Slowbro|Slowbro, F|321\/394
|turn|34
|c|★HellfireKnots|Do you have a meme arrow story for this
|
|move|p2a: Landorus|Earth Power|p1a: Slowbro
|-damage|p1a: Slowbro|5\/394
|move|p1a: Slowbro|Scald|p2a: Landorus
|-supereffective|p2a: Landorus
|-damage|p2a: Landorus|34\/320
|
|-heal|p1a: Slowbro|29\/394|[from] item: Leftovers
|turn|35
|c|★HellfireKnots|>be ox the box
|c|★HellfireKnots|>get mad about someone starting timer
|
|move|p2a: Landorus|Earth Power|p1a: Slowbro
|-damage|p1a: Slowbro|0 fnt
|faint|p1a: Slowbro
|
|c|★HellfireKnots|>play badly
|c|★Ox the Box|dude stfu
|c|★HellfireKnots|>lose
|c|★Ox the Box|I don't know who u are
|
|switch|p1a: Tangrowth|Tangrowth, M|173\/403
|turn|36
|c|★HellfireKnots|rofl and I don't know you. You're a random.
|c|★Ox the Box|then don't talk to me
|
|move|p2a: Landorus|Sludge Wave|p1a: Tangrowth
|-supereffective|p1a: Tangrowth
|-damage|p1a: Tangrowth|0 fnt
|faint|p1a: Tangrowth
|
|win|HellfireKnots
|raw|Ladder updating...
|c|★Ox the Box|bp using cock sucker
|c|★HellfireKnots|"My ladder score!!!" -Ox the Box
|leave|Ox the Box
|raw|Ox the Box's rating: 1704 &rarr; <strong>1679<\/strong><br \/>(-25 for losing)
|raw|HellfireKnots's rating: 1617 &rarr; <strong>1642<\/strong><br \/>(+25 for winning)
|player|p1