|join|WECAMEASROMANS
|join|Who said Lala
|player|p1|WECAMEASROMANS|265
|player|p2|Who said Lala|268
|gametype|singles
|gen|6
|tier|OU
|rated
|clearpoke
|poke|p1|Metagross
|poke|p1|Crawdaunt, F
|poke|p1|Bisharp, M
|poke|p1|Landorus, M
|poke|p1|Latios, M
|poke|p1|Thundurus, M
|poke|p2|Wobbuffet, M
|poke|p2|Latias, F
|poke|p2|Magnezone
|poke|p2|Heatran, F
|poke|p2|Scolipede, M
|poke|p2|Landorus, M
|rule|Swagger Clause: Swagger is banned
|rule|Baton Pass Clause: Limit one Pokémon knowing Baton Pass
|rule|Sleep Clause Mod: Limit one foe put to sleep
|rule|Species Clause: Limit one of each Pokémon
|rule|OHKO Clause: OHKO moves are banned
|rule|Moody Clause: Moody is banned
|rule|Evasion Moves Clause: Evasion moves are banned
|rule|Endless Battle Clause: Forcing endless battles is banned
|rule|HP Percentage Mod: HP is shown in percentages
|teampreview
|join|Yuttt.mackerel
|join|CalemAgeRegression
|
|start
|switch|p1a: Landorus|Landorus, M|319\/319
|switch|p2a: 6 4 5|Landorus, M|319\/319
|turn|1
|
|move|p2a: 6 4 5|Hidden Power|p1a: Landorus
|-supereffective|p1a: Landorus
|-damage|p1a: Landorus|0 fnt
|-damage|p2a: 6 4 5|288\/319|[from] item: Life Orb
|faint|p1a: Landorus
|
|c| Yuttt.mackerel|get
|c| Yuttt.mackerel|counterteamed
|c|★Who said Lala|n
|c|★WECAMEASROMANS|lol
|c|★WECAMEASROMANS|i had that move too
|c| Yuttt.mackerel|rofl
|c|★WECAMEASROMANS|it was a speed tie
|c|★Who said Lala|Rofl
|
|switch|p1a: Latios|Latios, M|299\/299
|turn|2
|c|★Who said Lala|You'll win even with that lol
|
|switch|p2a: 4 8 5|Heatran, F|386\/386
|move|p1a: Latios|Draco Meteor|p2a: 4 8 5
|-resisted|p2a: 4 8 5
|-damage|p2a: 4 8 5|287\/386
|-unboost|p1a: Latios|spa|2
|-damage|p1a: Latios|270\/299|[from] item: Life Orb
|
|-heal|p2a: 4 8 5|311\/386|[from] item: Leftovers
|turn|3
|leave|CalemAgeRegression
|join|CalemAgeRegression
|leave|CalemAgeRegression
|
|switch|p1a: Crawdaunt|Crawdaunt, F|267\/267
|move|p2a: 4 8 5|Will-O-Wisp|p1a: Crawdaunt
|-status|p1a: Crawdaunt|brn
|
|-heal|p2a: 4 8 5|335\/386|[from] item: Leftovers
|-damage|p1a: Crawdaunt|234\/267 brn|[from] brn
|turn|4
|join|Alldaalts
|
|move|p1a: Crawdaunt|Swords Dance|p1a: Crawdaunt
|-boost|p1a: Crawdaunt|atk|2
|move|p2a: 4 8 5|Stealth Rock|p1a: Crawdaunt
|-sidestart|p1: WECAMEASROMANS|move: Stealth Rock
|
|-heal|p2a: 4 8 5|359\/386|[from] item: Leftovers
|-damage|p1a: Crawdaunt|201\/267 brn|[from] brn
|turn|5
|
|switch|p2a: 3 8 0|Latias, F|364\/364
|move|p1a: Crawdaunt|Crabhammer|p2a: 3 8 0
|-resisted|p2a: 3 8 0
|-damage|p2a: 3 8 0|259\/364
|-damage|p1a: Crawdaunt|175\/267 brn|[from] item: Life Orb
|
|-damage|p1a: Crawdaunt|142\/267 brn|[from] brn
|turn|6
|
|switch|p2a: 6 4 5|Landorus, M|288\/319
|move|p1a: Crawdaunt|Knock Off|p2a: 6 4 5
|-damage|p2a: 6 4 5|0 fnt
|-enditem|p2a: 6 4 5|Life Orb|[from] move: Knock Off|[of] p1a: Crawdaunt
|-damage|p1a: Crawdaunt|116\/267 brn|[from] item: Life Orb
|faint|p2a: 6 4 5
|
|-damage|p1a: Crawdaunt|83\/267 brn|[from] brn
|join|yrs
|leave|yrs
|join|yrs
|leave|yrs
|c| Yuttt.mackerel|the server lag
|
|switch|p2a: 4 6 2|Magnezone|282\/282
|turn|7
|
|move|p1a: Crawdaunt|Aqua Jet|p2a: 4 6 2
|-damage|p2a: 4 6 2|170\/282
|-damage|p1a: Crawdaunt|57\/267 brn|[from] item: Life Orb
|move|p2a: 4 6 2|Volt Switch|p1a: Crawdaunt
|-supereffective|p1a: Crawdaunt
|-damage|p1a: Crawdaunt|0 fnt
|faint|p1a: Crawdaunt
|
|switch|p2a: 5 4 5|Scolipede, M|324\/324
|
|
|switch|p1a: Metagross|Metagross|301\/301
|-damage|p1a: Metagross|283\/301|[from] Stealth Rock
|turn|8
|
|detailschange|p1a: Metagross|Metagross-Mega
|-mega|p1a: Metagross|Metagross|Metagrossite
|move|p2a: 5 4 5|Protect|p2a: 5 4 5
|-singleturn|p2a: 5 4 5|Protect
|move|p1a: Metagross|Zen Headbutt|p2a: 5 4 5
|-activate|p2a: 5 4 5|Protect
|
|-boost|p2a: 5 4 5|spe|1|[from] ability: Speed Boost
|turn|9
|
|move|p2a: 5 4 5|Substitute|p2a: 5 4 5
|-start|p2a: 5 4 5|Substitute
|-damage|p2a: 5 4 5|243\/324
|move|p1a: Metagross|Zen Headbutt|p2a: 5 4 5
|-supereffective|p2a: 5 4 5
|-end|p2a: 5 4 5|Substitute
|
|-boost|p2a: 5 4 5|spe|1|[from] ability: Speed Boost
|turn|10
|
|move|p2a: 5 4 5|Protect|p2a: 5 4 5
|-singleturn|p2a: 5 4 5|Protect
|move|p1a: Metagross|Meteor Mash|p2a: 5 4 5
|-activate|p2a: 5 4 5|Protect
|
|-boost|p2a: 5 4 5|spe|1|[from] ability: Speed Boost
|turn|11
|join|Like me 2
|
|move|p2a: 5 4 5|Baton Pass|p2a: 5 4 5
|
|switch|p2a: 2 0 2|Wobbuffet, M|584\/584
|move|p1a: Metagross|Zen Headbutt|p2a: 2 0 2
|-resisted|p2a: 2 0 2
|-damage|p2a: 2 0 2|432\/584
|
|-heal|p2a: 2 0 2|468\/584|[from] item: Leftovers
|turn|12
|
|move|p2a: 2 0 2|Encore|p1a: Metagross
|-start|p1a: Metagross|Encore
|move|p1a: Metagross|Zen Headbutt|p2a: 2 0 2
|-crit|p2a: 2 0 2
|-resisted|p2a: 2 0 2
|-damage|p2a: 2 0 2|234\/584
|
|-heal|p2a: 2 0 2|270\/584|[from] item: Leftovers
|turn|13
|
|move|p1a: Metagross|Zen Headbutt|p2a: 2 0 2
|-resisted|p2a: 2 0 2
|-damage|p2a: 2 0 2|104\/584
|move|p2a: 2 0 2|Counter|p1a: Metagross
|-damage|p1a: Metagross|0 fnt
|faint|p1a: Metagross
|
|-heal|p2a: 2 0 2|140\/584|[from] item: Leftovers
|
|switch|p1a: Thundurus|Thundurus, M|299\/299
|-damage|p1a: Thundurus|225\/299|[from] Stealth Rock
|turn|14
|
|move|p2a: 2 0 2|Destiny Bond|p2a: 2 0 2
|-singlemove|p2a: 2 0 2|Destiny Bond
|move|p1a: Thundurus|Thunderbolt|p2a: 2 0 2
|-damage|p2a: 2 0 2|0 fnt
|faint|p2a: 2 0 2
|-activate|p2a: 2 0 2|Destiny Bond
|faint|p1a: Thundurus
|
|c| Yuttt.mackerel|dats kinda
|c| Yuttt.mackerel|cool
|
|switch|p2a: 5 4 5|Scolipede, M|243\/324
|switch|p1a: Bisharp|Bisharp, M|269\/269
|-damage|p1a: Bisharp|253\/269|[from] Stealth Rock
|turn|15
|c|★WECAMEASROMANS|putting the 2 most uncompetitive things together
|c|★WECAMEASROMANS|yup
|c| Yuttt.mackerel|mad
|c| Yuttt.mackerel|imo
|c|★Who said Lala|It's cool 5-10 battles
|c|★Who said Lala|That's all
|
|move|p2a: 5 4 5|Iron Defense|p2a: 5 4 5
|-boost|p2a: 5 4 5|def|2
|move|p1a: Bisharp|Swords Dance|p1a: Bisharp
|-boost|p1a: Bisharp|atk|2
|
|-boost|p2a: 5 4 5|spe|1|[from] ability: Speed Boost
|turn|16
|leave|WECAMEASROMANS
|player|p1
|
|move|p2a: 5 4 5|Substitute|p2a: 5 4 5
|-start|p2a: 5 4 5|Substitute
|-damage|p2a: 5 4 5|162\/324
|move|p1a: Bisharp|Knock Off|p2a: 5 4 5
|-end|p2a: 5 4 5|Substitute
|-damage|p1a: Bisharp|227\/269|[from] item: Life Orb
|
|-boost|p2a: 5 4 5|spe|1|[from] ability: Speed Boost
|turn|17
|leave|Alldaalts
|leave|Like me 2
|-message|wecameasromans lost due to inactivity.
|leave|Yuttt. vgc test
|
|win|Who said Lala
|raw|Ladder updating...
|raw|WECAMEASROMANS's rating: 1629 &rarr; <strong>1606<\/strong><br \/>(-23 for losing)
|raw|Who said Lala's rating: 1589 &rarr; <strong>1611<\/strong><br \/>(+22 for winning)