|join|Apedingo
|join|eroinairaniana
|player|p1|Apedingo|242
|player|p2|eroinairaniana|266
|gametype|singles
|gen|6
|tier|OU
|rated
|clearpoke
|poke|p1|Landorus-Therian, M
|poke|p1|Gardevoir, M
|poke|p1|Keldeo
|poke|p1|Latios, M
|poke|p1|Tyranitar, M
|poke|p1|Magnezone
|poke|p2|Garchomp, F
|poke|p2|Pinsir, M
|poke|p2|Magnezone
|poke|p2|Azumarill, F
|poke|p2|Latios, M
|poke|p2|Landorus-Therian, M
|rule|Swagger Clause: Swagger is banned
|rule|Baton Pass Clause: Limit one Pokémon knowing Baton Pass
|rule|Sleep Clause Mod: Limit one foe put to sleep
|rule|Species Clause: Limit one of each Pokémon
|rule|OHKO Clause: OHKO moves are banned
|rule|Moody Clause: Moody is banned
|rule|Evasion Moves Clause: Evasion moves are banned
|rule|Endless Battle Clause: Forcing endless battles is banned
|rule|HP Percentage Mod: HP is reported as percentages
|teampreview
|
|start
|switch|p1a: Keldeo|Keldeo|323\/323
|switch|p2a: Garchomp|Garchomp, F|358\/358
|turn|1
|
|switch|p2a: Azumarill|Azumarill, F|364\/364
|move|p1a: Keldeo|Hidden Power|p2a: Azumarill
|-resisted|p2a: Azumarill
|-damage|p2a: Azumarill|319\/364
|
|turn|2
|
|switch|p1a: Magnezone|Magnezone|343\/343
|move|p2a: Azumarill|Play Rough|p1a: Magnezone
|-resisted|p1a: Magnezone
|-damage|p1a: Magnezone|263\/343
|
|-heal|p1a: Magnezone|284\/343|[from] item: Leftovers
|turn|3
|
|switch|p2a: Garchomp|Garchomp, F|358\/358
|move|p1a: Magnezone|Substitute|p1a: Magnezone
|-start|p1a: Magnezone|Substitute
|-damage|p1a: Magnezone|199\/343
|
|-heal|p1a: Magnezone|220\/343|[from] item: Leftovers
|turn|4
|
|move|p2a: Garchomp|Earthquake|p1a: Magnezone
|-supereffective|p1a: Magnezone
|-end|p1a: Magnezone|Substitute
|move|p1a: Magnezone|Flash Cannon|p2a: Garchomp
|-damage|p2a: Garchomp|175\/358
|
|-heal|p1a: Magnezone|241\/343|[from] item: Leftovers
|turn|5
|
|switch|p1a: Landorus-Therian|Landorus-Therian, M|381\/381
|-ability|p1a: Landorus-Therian|Intimidate|[of] p2a: Garchomp
|-unboost|p2a: Garchomp|atk|1
|move|p2a: Garchomp|Stealth Rock|p1a: Landorus-Therian
|-sidestart|p1: Apedingo|move: Stealth Rock
|
|turn|6
|
|switch|p2a: Landorus-Therian|Landorus-Therian, M|320\/320
|-ability|p2a: Landorus-Therian|Intimidate|[of] p1a: Landorus-Therian
|-unboost|p1a: Landorus-Therian|atk|1
|move|p1a: Landorus-Therian|Stealth Rock|p2a: Landorus-Therian
|-sidestart|p2: eroinairaniana|move: Stealth Rock
|
|turn|7
|
|move|p2a: Landorus-Therian|U-turn|p1a: Landorus-Therian
|-resisted|p1a: Landorus-Therian
|-damage|p1a: Landorus-Therian|347\/381
|
|switch|p2a: Azumarill|Azumarill, F|319\/364
|-damage|p2a: Azumarill|274\/364|[from] Stealth Rock
|move|p1a: Landorus-Therian|Hidden Power|p2a: Azumarill
|-resisted|p2a: Azumarill
|-damage|p2a: Azumarill|246\/364
|
|-heal|p1a: Landorus-Therian|370\/381|[from] item: Leftovers
|turn|8
|
|switch|p1a: Magnezone|Magnezone|241\/343
|-damage|p1a: Magnezone|220\/343|[from] Stealth Rock
|move|p2a: Azumarill|Belly Drum|p2a: Azumarill
|-damage|p2a: Azumarill|64\/364
|-setboost|p2a: Azumarill|atk|6|[from] move: Belly Drum
|-enditem|p2a: Azumarill|Sitrus Berry|[eat]
|-heal|p2a: Azumarill|155\/364|[from] item: Sitrus Berry
|
|-heal|p1a: Magnezone|241\/343|[from] item: Leftovers
|turn|9
|
|move|p2a: Azumarill|Aqua Jet|p1a: Magnezone
|-damage|p1a: Magnezone|0 fnt
|faint|p1a: Magnezone
|
|
|switch|p1a: Latios|Latios, M|301\/301
|-damage|p1a: Latios|264\/301|[from] Stealth Rock
|turn|10
|
|move|p2a: Azumarill|Aqua Jet|p1a: Latios
|-resisted|p1a: Latios
|-damage|p1a: Latios|42\/301
|move|p1a: Latios|Psyshock|p2a: Azumarill
|-damage|p2a: Azumarill|0 fnt
|faint|p2a: Azumarill
|
|
|switch|p2a: Landorus-Therian|Landorus-Therian, M|320\/320
|-damage|p2a: Landorus-Therian|280\/320|[from] Stealth Rock
|-ability|p2a: Landorus-Therian|Intimidate|[of] p1a: Latios
|-unboost|p1a: Latios|atk|1
|turn|11
|
|switch|p1a: Landorus-Therian|Landorus-Therian, M|370\/381
|-damage|p1a: Landorus-Therian|323\/381|[from] Stealth Rock
|-ability|p1a: Landorus-Therian|Intimidate|[of] p2a: Landorus-Therian
|-unboost|p2a: Landorus-Therian|atk|1
|move|p2a: Landorus-Therian|U-turn|p1a: Landorus-Therian
|-resisted|p1a: Landorus-Therian
|-damage|p1a: Landorus-Therian|299\/381
|
|switch|p2a: Latios|Latios, M|302\/302
|-damage|p2a: Latios|265\/302|[from] Stealth Rock
|
|-heal|p1a: Landorus-Therian|322\/381|[from] item: Leftovers
|turn|12
|
|switch|p1a: Tyranitar|Tyranitar, M|403\/403
|-damage|p1a: Tyranitar|353\/403|[from] Stealth Rock
|-weather|Sandstorm
|move|p2a: Latios|Draco Meteor|p1a: Tyranitar
|-damage|p1a: Tyranitar|263\/403
|-unboost|p2a: Latios|spa|2
|-damage|p2a: Latios|235\/302|[from] item: Life Orb
|
|-weather|Sandstorm|[upkeep]
|-damage|p2a: Latios|217\/302|[from] sandstorm
|turn|13
|
|move|p2a: Latios|Memento|p1a: Tyranitar
|-unboost|p1a: Tyranitar|atk|2
|-unboost|p1a: Tyranitar|spa|2
|faint|p2a: Latios
|move|p1a: Tyranitar|Pursuit|p2: Latios|[notarget]
|-notarget
|
|-weather|Sandstorm|[upkeep]
|
|switch|p2a: Pinsir|Pinsir, M|272\/272
|-damage|p2a: Pinsir|204\/272|[from] Stealth Rock
|turn|14
|
|switch|p1a: Landorus-Therian|Landorus-Therian, M|322\/381
|-damage|p1a: Landorus-Therian|275\/381|[from] Stealth Rock
|-ability|p1a: Landorus-Therian|Intimidate|[of] p2a: Pinsir
|-unboost|p2a: Pinsir|atk|1
|move|p2a: Pinsir|Swords Dance|p2a: Pinsir
|-boost|p2a: Pinsir|atk|2
|
|-weather|Sandstorm|[upkeep]
|-damage|p2a: Pinsir|187\/272|[from] sandstorm
|-heal|p1a: Landorus-Therian|298\/381|[from] item: Leftovers
|turn|15
|
|switch|p1a: Latios|Latios, M|42\/301
|-damage|p1a: Latios|5\/301|[from] Stealth Rock
|move|p2a: Pinsir|Swords Dance|p2a: Pinsir
|-boost|p2a: Pinsir|atk|2
|
|-weather|Sandstorm|[upkeep]
|-damage|p1a: Latios|0 fnt|[from] sandstorm
|-damage|p2a: Pinsir|170\/272|[from] sandstorm
|faint|p1a: Latios
|
|switch|p1a: Landorus-Therian|Landorus-Therian, M|298\/381
|-damage|p1a: Landorus-Therian|251\/381|[from] Stealth Rock
|-ability|p1a: Landorus-Therian|Intimidate|[of] p2a: Pinsir
|-unboost|p2a: Pinsir|atk|1
|turn|16
|
|detailschange|p2a: Pinsir|Pinsir-Mega, M
|message|Pinsir has Mega Evolved into Mega Pinsir!
|move|p2a: Pinsir|Quick Attack|p1a: Landorus-Therian
|-damage|p1a: Landorus-Therian|80\/381
|move|p1a: Landorus-Therian|Hidden Power|p2a: Pinsir
|-supereffective|p2a: Pinsir
|-damage|p2a: Pinsir|58\/272
|
|-weather|none
|-heal|p1a: Landorus-Therian|103\/381|[from] item: Leftovers
|turn|17
|
|switch|p1a: Tyranitar|Tyranitar, M|263\/403
|-damage|p1a: Tyranitar|213\/403|[from] Stealth Rock
|-weather|Sandstorm
|move|p2a: Pinsir|Quick Attack|p1a: Tyranitar
|-resisted|p1a: Tyranitar
|-damage|p1a: Tyranitar|112\/403
|
|-weather|Sandstorm|[upkeep]
|-damage|p2a: Pinsir|41\/272|[from] sandstorm
|turn|18
|
|move|p2a: Pinsir|Frustration|p1a: Tyranitar
|-resisted|p1a: Tyranitar
|-damage|p1a: Tyranitar|0 fnt
|faint|p1a: Tyranitar
|
|-weather|Sandstorm|[upkeep]
|-damage|p2a: Pinsir|24\/272|[from] sandstorm
|
|switch|p1a: Landorus-Therian|Landorus-Therian, M|103\/381
|-damage|p1a: Landorus-Therian|56\/381|[from] Stealth Rock
|-ability|p1a: Landorus-Therian|Intimidate|[of] p2a: Pinsir
|-unboost|p2a: Pinsir|atk|1
|turn|19
|
|move|p2a: Pinsir|Frustration|p1a: Landorus-Therian
|-damage|p1a: Landorus-Therian|0 fnt
|faint|p1a: Landorus-Therian
|
|-weather|Sandstorm|[upkeep]
|-damage|p2a: Pinsir|7\/272|[from] sandstorm
|
|switch|p1a: Gardevoir|Gardevoir, M|278\/278
|-damage|p1a: Gardevoir|244\/278|[from] Stealth Rock
|turn|20
|
|detailschange|p1a: Gardevoir|Gardevoir-Mega, M
|message|Gardevoir has Mega Evolved into Mega Gardevoir!
|move|p2a: Pinsir|Frustration|p1a: Gardevoir
|-damage|p1a: Gardevoir|0 fnt
|faint|p1a: Gardevoir
|
|-weather|Sandstorm|[upkeep]
|-damage|p2a: Pinsir|0 fnt|[from] sandstorm
|faint|p2a: Pinsir
|
|switch|p1a: Keldeo|Keldeo|323\/323
|-damage|p1a: Keldeo|303\/323|[from] Stealth Rock
|switch|p2a: Garchomp|Garchomp, F|175\/358
|-damage|p2a: Garchomp|153\/358|[from] Stealth Rock
|turn|21
|
|move|p1a: Keldeo|Hydro Pump|p2a: Garchomp
|-damage|p2a: Garchomp|0 fnt
|faint|p2a: Garchomp
|
|-weather|none
|
|switch|p2a: Landorus-Therian|Landorus-Therian, M|280\/320
|-damage|p2a: Landorus-Therian|240\/320|[from] Stealth Rock
|-ability|p2a: Landorus-Therian|Intimidate|[of] p1a: Keldeo
|-unboost|p1a: Keldeo|atk|1
|turn|22
|
|move|p1a: Keldeo|Hydro Pump|p2a: Landorus-Therian|[miss]
|-miss|p1a: Keldeo|p2a: Landorus-Therian
|move|p2a: Landorus-Therian|Earthquake|p1a: Keldeo
|-damage|p1a: Keldeo|80\/323
|
|turn|23
|
|move|p1a: Keldeo|Hydro Pump|p2a: Landorus-Therian
|-supereffective|p2a: Landorus-Therian
|-damage|p2a: Landorus-Therian|0 fnt
|faint|p2a: Landorus-Therian
|
|
|switch|p2a: Magnezone|Magnezone|282\/282
|-damage|p2a: Magnezone|265\/282|[from] Stealth Rock
|turn|24
|
|move|p1a: Keldeo|Hydro Pump|p2a: Magnezone
|-damage|p2a: Magnezone|40\/282
|move|p2a: Magnezone|Thunderbolt|p1a: Keldeo
|-supereffective|p1a: Keldeo
|-damage|p1a: Keldeo|0 fnt
|faint|p1a: Keldeo
|
|win|eroinairaniana
|raw|Ladder updating...
|raw|Apedingo's rating: 1648 &rarr; <strong>1625<\/strong><br \/>(-23 for losing)
|raw|eroinairaniana's rating: 1604 &rarr; <strong>1626<\/strong><br \/>(+22 for winning)
|leave|Apedingo
|player|p1