|join|pokemonisfun
|join|tudiqupo
|player|p1|pokemonisfun|184
|player|p2|tudiqupo|117
|gametype|singles
|gen|6
|tier|UU
|rated
|rule|Sleep Clause Mod: Limit one foe put to sleep
|rule|Species Clause: Limit one of each Pokémon
|rule|OHKO Clause: OHKO moves are banned
|rule|Moody Clause: Moody is banned
|rule|Evasion Moves Clause: Evasion moves are banned
|rule|Endless Battle Clause: Forcing endless battles is banned
|rule|HP Percentage Mod: HP is shown in percentages
|clearpoke
|poke|p1|Blissey, F
|poke|p1|Swampert, F
|poke|p1|Granbull, M
|poke|p1|Alomomola, F
|poke|p1|Crobat, F
|poke|p1|Celebi
|poke|p2|Haxorus, M
|poke|p2|Chandelure, F
|poke|p2|Porygon2
|poke|p2|Machamp, M
|poke|p2|Pangoro, F
|poke|p2|Diancie
|rule|Swagger Clause: Swagger is banned
|rule|Baton Pass Clause: Limit one Pokémon knowing Baton Pass
|teampreview
|c|★tudiqupo|brrr
|c|★tudiqupo|tour team is horrible
|c|★pokemonisfun|:(
|
|start
|switch|p1a: bubblsy bubbles|Swampert, F|404\/404
|switch|p2a: Porygon2|Porygon2|374\/374
|-boost|p2a: Porygon2|atk|1|[from] ability: Download
|turn|1
|
|detailschange|p1a: bubblsy bubbles|Swampert-Mega, F
|-mega|p1a: bubblsy bubbles|Swampert|Swampertite
|move|p1a: bubblsy bubbles|Earthquake|p2a: Porygon2
|-damage|p2a: Porygon2|248\/374
|move|p2a: Porygon2|Trick Room|p2a: Porygon2
|-fieldstart|move: Trick Room|[of] p2a: Porygon2
|
|turn|2
|
|switch|p2a: Machamp|Machamp, M|383\/383
|switch|p1a: onion fairy god|Celebi|401\/401
|
|turn|3
|
|move|p2a: Machamp|Knock Off|p1a: onion fairy god
|-supereffective|p1a: onion fairy god
|-damage|p1a: onion fairy god|205\/401
|-enditem|p1a: onion fairy god|Leftovers|[from] move: Knock Off|[of] p2a: Machamp
|move|p1a: onion fairy god|Stealth Rock|p2a: Machamp
|-sidestart|p2: tudiqupo|move: Stealth Rock
|
|turn|4
|
|move|p2a: Machamp|Dynamic Punch|p1a: onion fairy god
|-resisted|p1a: onion fairy god
|-damage|p1a: onion fairy god|140\/401
|-start|p1a: onion fairy god|confusion
|-activate|p1a: onion fairy god|confusion
|move|p1a: onion fairy god|Recover|p1a: onion fairy god
|-heal|p1a: onion fairy god|341\/401
|
|turn|5
|
|switch|p2a: Porygon2|Porygon2|248\/374
|-damage|p2a: Porygon2|202\/374|[from] Stealth Rock
|-boost|p2a: Porygon2|spa|1|[from] ability: Download
|switch|p1a: swimmy swim|Alomomola, F|471\/471
|
|-fieldend|move: Trick Room
|turn|6
|
|switch|p1a: Mega Chansey|Blissey, F|651\/651
|move|p2a: Porygon2|Thunderbolt|p1a: Mega Chansey
|-damage|p1a: Mega Chansey|560\/651
|
|-heal|p1a: Mega Chansey|600\/651|[from] item: Leftovers
|turn|7
|
|move|p1a: Mega Chansey|Toxic|p2a: Porygon2|[miss]
|-miss|p1a: Mega Chansey|p2a: Porygon2
|move|p2a: Porygon2|Trick Room|p2a: Porygon2
|-fieldstart|move: Trick Room|[of] p2a: Porygon2
|
|-heal|p1a: Mega Chansey|640\/651|[from] item: Leftovers
|turn|8
|
|switch|p2a: Pangoro|Pangoro, F|393\/393
|-damage|p2a: Pangoro|369\/393|[from] Stealth Rock
|move|p1a: Mega Chansey|Toxic|p2a: Pangoro
|-status|p2a: Pangoro|tox
|
|-heal|p1a: Mega Chansey|651\/651|[from] item: Leftovers
|-damage|p2a: Pangoro|345\/393 tox|[from] psn
|turn|9
|
|switch|p1a: swimmy swim|Alomomola, F|471\/471
|move|p2a: Pangoro|Gunk Shot|p1a: swimmy swim
|-damage|p1a: swimmy swim|316\/471
|-damage|p2a: Pangoro|306\/393 tox|[from] item: Life Orb
|
|-heal|p1a: swimmy swim|345\/471|[from] item: Leftovers
|-damage|p2a: Pangoro|258\/393 tox|[from] psn
|turn|10
|
|move|p2a: Pangoro|Hammer Arm|p1a: swimmy swim
|-damage|p1a: swimmy swim|90\/471
|-unboost|p2a: Pangoro|spe|1
|-damage|p2a: Pangoro|219\/393 tox|[from] item: Life Orb
|move|p1a: swimmy swim|Wish|p1a: swimmy swim
|
|-heal|p1a: swimmy swim|119\/471|[from] item: Leftovers
|-damage|p2a: Pangoro|147\/393 tox|[from] psn
|turn|11
|
|switch|p2a: Machamp|Machamp, M|383\/383
|-damage|p2a: Machamp|360\/383|[from] Stealth Rock
|move|p1a: swimmy swim|Protect|p1a: swimmy swim
|-fail|p1a: swimmy swim
|
|-heal|p1a: swimmy swim|354\/471|[from] move: Wish|[wisher] swimmy swim
|-heal|p1a: swimmy swim|383\/471|[from] item: Leftovers
|-fieldend|move: Trick Room
|turn|12
|
|move|p1a: swimmy swim|Toxic|p2a: Machamp
|-status|p2a: Machamp|tox
|move|p2a: Machamp|Dynamic Punch|p1a: swimmy swim
|-damage|p1a: swimmy swim|223\/471
|-start|p1a: swimmy swim|confusion
|
|-heal|p1a: swimmy swim|252\/471|[from] item: Leftovers
|-damage|p2a: Machamp|337\/383 tox|[from] psn
|turn|13
|
|switch|p1a: onion fairy god|Celebi|341\/401
|move|p2a: Machamp|Dynamic Punch|p1a: onion fairy god
|-crit|p1a: onion fairy god
|-resisted|p1a: onion fairy god
|-damage|p1a: onion fairy god|227\/401
|-start|p1a: onion fairy god|confusion
|
|-damage|p2a: Machamp|291\/383 tox|[from] psn
|turn|14
|
|switch|p1a: swimmy swim|Alomomola, F|409\/471
|switch|p2a: Porygon2|Porygon2|202\/374
|-damage|p2a: Porygon2|156\/374|[from] Stealth Rock
|-boost|p2a: Porygon2|spa|1|[from] ability: Download
|
|-heal|p1a: swimmy swim|438\/471|[from] item: Leftovers
|turn|15
|
|switch|p1a: Mega Chansey|Blissey, F|651\/651
|move|p2a: Porygon2|Trick Room|p2a: Porygon2
|-fieldstart|move: Trick Room|[of] p2a: Porygon2
|
|turn|16
|
|switch|p2a: Pangoro|Pangoro, F|147\/393 tox
|-damage|p2a: Pangoro|123\/393 tox|[from] Stealth Rock
|move|p1a: Mega Chansey|Seismic Toss|p2a: Pangoro
|-damage|p2a: Pangoro|23\/393 tox
|
|-damage|p2a: Pangoro|0 fnt|[from] psn
|faint|p2a: Pangoro
|
|switch|p2a: Machamp|Machamp, M|291\/383 tox
|-damage|p2a: Machamp|268\/383 tox|[from] Stealth Rock
|turn|17
|
|switch|p1a: swimmy swim|Alomomola, F|471\/471
|move|p2a: Machamp|Knock Off|p1a: swimmy swim
|-damage|p1a: swimmy swim|359\/471
|-enditem|p1a: swimmy swim|Leftovers|[from] move: Knock Off|[of] p2a: Machamp
|
|-damage|p2a: Machamp|245\/383 tox|[from] psn
|turn|18
|
|move|p1a: swimmy swim|Protect|p1a: swimmy swim
|-singleturn|p1a: swimmy swim|Protect
|move|p2a: Machamp|Dynamic Punch|p1a: swimmy swim
|-activate|p1a: swimmy swim|Protect
|
|-damage|p2a: Machamp|199\/383 tox|[from] psn
|turn|19
|
|move|p2a: Machamp|Knock Off|p1a: swimmy swim
|-damage|p1a: swimmy swim|292\/471
|move|p1a: swimmy swim|Wish|p1a: swimmy swim
|
|-damage|p2a: Machamp|130\/383 tox|[from] psn
|-fieldend|move: Trick Room
|turn|20
|
|switch|p1a: onion fairy god|Celebi|227\/401
|move|p2a: Machamp|Poison Jab|p1a: onion fairy god
|-crit|p1a: onion fairy god
|-supereffective|p1a: onion fairy god
|-damage|p1a: onion fairy god|1\/401
|
|-heal|p1a: onion fairy god|236\/401|[from] move: Wish|[wisher] swimmy swim
|-damage|p2a: Machamp|38\/383 tox|[from] psn
|turn|21
|
|move|p2a: Machamp|Bullet Punch|p1a: onion fairy god
|-damage|p1a: onion fairy god|197\/401
|move|p1a: onion fairy god|Giga Drain|p2a: Machamp
|-damage|p2a: Machamp|0 fnt
|-heal|p1a: onion fairy god|216\/401|[from] drain|[of] p2a: Machamp
|faint|p2a: Machamp
|
|join|xMarth
|c|★tudiqupo|gg, really ^^
|c|★tudiqupo|you team is actualy horrible
|-message|tudiqupo forfeited.
|leave|tudiqupo
|
|win|pokemonisfun
|raw|Ladder updating...
|player|p2