|join|CoolStoryBrobat
|join|pokemonisfun
|player|p1|CoolStoryBrobat|#coolstorybrobat
|player|p2|pokemonisfun|184
|gametype|singles
|gen|6
|tier|UU
|rule|Sleep Clause Mod: Limit one foe put to sleep
|rule|Species Clause: Limit one of each Pokémon
|rule|OHKO Clause: OHKO moves are banned
|rule|Moody Clause: Moody is banned
|rule|Evasion Moves Clause: Evasion moves are banned
|rule|Endless Battle Clause: Forcing endless battles is banned
|rule|HP Percentage Mod: HP is shown in percentages
|clearpoke
|poke|p1|Swampert, M
|poke|p1|Tornadus, M
|poke|p1|Goodra, M
|poke|p1|Jirachi
|poke|p1|Tentacruel, M
|poke|p1|Whimsicott, F
|poke|p2|Galvantula, F
|poke|p2|Serperior, M
|poke|p2|Porygon-Z
|poke|p2|Absol, M
|poke|p2|Jirachi
|poke|p2|Donphan, M
|rule|Swagger Clause: Swagger is banned
|rule|Baton Pass Clause: Limit one Pokémon knowing Baton Pass
|teampreview
|join|tomi ♥ bello
|leave|tomi ♥ bello
|c|★CoolStoryBrobat|How many teams do you have?
|
|start
|switch|p1a: Barney|Goodra, M|374\/374
|switch|p2a: Donphan|Donphan, M|383\/383
|turn|1
|c|★pokemonisfun|4-6
|
|move|p1a: Barney|Power Whip|p2a: Donphan
|-supereffective|p2a: Donphan
|-damage|p2a: Donphan|43\/383
|move|p2a: Donphan|Stealth Rock|p1a: Barney
|-sidestart|p1: CoolStoryBrobat|move: Stealth Rock
|
|-heal|p2a: Donphan|66\/383|[from] item: Leftovers
|turn|2
|
|move|p1a: Barney|Power Whip|p2a: Donphan|[miss]
|-miss|p1a: Barney|p2a: Donphan
|move|p2a: Donphan|Knock Off|p1a: Barney
|-damage|p1a: Barney|213\/374
|-enditem|p1a: Barney|Choice Band|[from] move: Knock Off|[of] p2a: Donphan
|
|-heal|p2a: Donphan|89\/383|[from] item: Leftovers
|turn|3
|c|★CoolStoryBrobat|bruuuuuh
|c|★pokemonisfun|shit
|c|★pokemonisfun|eq way better
|join|SweetDelight
|
|move|p1a: Barney|Earthquake|p2a: Donphan
|-damage|p2a: Donphan|0 fnt
|faint|p2a: Donphan
|
|
|switch|p2a: Galvantula|Galvantula, F|281\/281
|turn|4
|
|move|p2a: Galvantula|Bug Buzz|p1a: Barney
|-damage|p1a: Barney|114\/374
|-unboost|p1a: Barney|spd|1
|move|p1a: Barney|Fire Punch|p2a: Galvantula
|-supereffective|p2a: Galvantula
|-damage|p2a: Galvantula|51\/281
|
|turn|5
|
|switch|p1a: Liberachi|Jirachi|404\/404
|-damage|p1a: Liberachi|379\/404|[from] Stealth Rock
|move|p2a: Galvantula|Bug Buzz|p1a: Liberachi
|-damage|p1a: Liberachi|286\/404
|
|-heal|p1a: Liberachi|311\/404|[from] item: Leftovers
|turn|6
|
|move|p2a: Galvantula|Sticky Web|p1a: Liberachi
|-sidestart|p1: CoolStoryBrobat|move: Sticky Web
|move|p1a: Liberachi|Stealth Rock|p2a: Galvantula
|-sidestart|p2: pokemonisfun|move: Stealth Rock
|
|-heal|p1a: Liberachi|336\/404|[from] item: Leftovers
|turn|7
|
|move|p2a: Galvantula|Thunder|p1a: Liberachi
|-damage|p1a: Liberachi|227\/404
|-status|p1a: Liberachi|par
|move|p1a: Liberachi|Wish|p1a: Liberachi
|
|-heal|p1a: Liberachi|252\/404 par|[from] item: Leftovers
|turn|8
|join|LiberalLucario
|
|move|p2a: Galvantula|Bug Buzz|p1a: Liberachi
|-damage|p1a: Liberachi|153\/404 par
|move|p1a: Liberachi|U-turn|p2a: Galvantula
|-damage|p2a: Galvantula|0 fnt
|faint|p2a: Galvantula
|
|switch|p1a: Barney|Goodra, M|114\/374
|-activate|p1a: Barney|move: Sticky Web
|-unboost|p1a: Barney|spe|1
|-damage|p1a: Barney|68\/374|[from] Stealth Rock
|
|-heal|p1a: Barney|270\/374|[from] move: Wish|[wisher] Liberachi
|c|★CoolStoryBrobat|Go to serp her Dragon Pulse KOes
|
|switch|p2a: Jirachi|Jirachi|341\/341
|-damage|p2a: Jirachi|320\/341|[from] Stealth Rock
|turn|9
|c|★pokemonisfun|lel
|c|★pokemonisfun|her
|c|★pokemonisfun|my serp is a man
|
|switch|p1a: Liberachi|Jirachi|153\/404 par
|-activate|p1a: Liberachi|move: Sticky Web
|-unboost|p1a: Liberachi|spe|1
|-damage|p1a: Liberachi|128\/404 par|[from] Stealth Rock
|move|p2a: Jirachi|U-turn|p1a: Liberachi
|-damage|p1a: Liberachi|57\/404 par
|
|switch|p2a: Porygon-Z|Porygon-Z|311\/311
|-damage|p2a: Porygon-Z|273\/311|[from] Stealth Rock
|
|-heal|p1a: Liberachi|82\/404 par|[from] item: Leftovers
|turn|10
|
|move|p2a: Porygon-Z|Nasty Plot|p2a: Porygon-Z
|-boost|p2a: Porygon-Z|spa|2
|move|p1a: Liberachi|U-turn|p2a: Porygon-Z
|-damage|p2a: Porygon-Z|204\/311
|
|switch|p1a: Twista|Tornadus, M|299\/299
|-damage|p1a: Twista|225\/299|[from] Stealth Rock
|
|turn|11
|
|move|p1a: Twista|Superpower|p2a: Porygon-Z
|-supereffective|p2a: Porygon-Z
|-damage|p2a: Porygon-Z|0 fnt
|-unboost|p1a: Twista|atk|1
|-unboost|p1a: Twista|def|1
|-damage|p1a: Twista|196\/299|[from] item: Life Orb
|faint|p2a: Porygon-Z
|
|
|switch|p2a: Jirachi|Jirachi|320\/341
|-damage|p2a: Jirachi|299\/341|[from] Stealth Rock
|turn|12
|
|switch|p1a: Liberachi|Jirachi|82\/404 par
|-activate|p1a: Liberachi|move: Sticky Web
|-unboost|p1a: Liberachi|spe|1
|-damage|p1a: Liberachi|57\/404 par|[from] Stealth Rock
|move|p2a: Jirachi|U-turn|p1a: Liberachi
|-damage|p1a: Liberachi|0 fnt
|faint|p1a: Liberachi
|
|switch|p2a: Serperior|Serperior, M|291\/291
|-damage|p2a: Serperior|255\/291|[from] Stealth Rock
|
|
|switch|p1a: Barney|Goodra, M|270\/374
|-activate|p1a: Barney|move: Sticky Web
|-unboost|p1a: Barney|spe|1
|-damage|p1a: Barney|224\/374|[from] Stealth Rock
|turn|13
|
|switch|p2a: Jirachi|Jirachi|299\/341
|-damage|p2a: Jirachi|278\/341|[from] Stealth Rock
|move|p1a: Barney|Fire Punch|p2a: Jirachi
|-supereffective|p2a: Jirachi
|-damage|p2a: Jirachi|118\/341
|
|turn|14
|
|switch|p1a: T-Pain|Tentacruel, M|363\/363
|-activate|p1a: T-Pain|move: Sticky Web
|-fail|p1a: T-Pain|unboost|[from] ability: Clear Body|[of] p1a: T-Pain
|-damage|p1a: T-Pain|318\/363|[from] Stealth Rock
|move|p2a: Jirachi|Iron Head|p1a: T-Pain
|-resisted|p1a: T-Pain
|-damage|p1a: T-Pain|261\/363
|
|-heal|p1a: T-Pain|283\/363|[from] item: Black Sludge
|turn|15
|
|move|p2a: Jirachi|Iron Head|p1a: T-Pain
|-resisted|p1a: T-Pain
|-damage|p1a: T-Pain|223\/363
|cant|p1a: T-Pain|flinch
|
|-heal|p1a: T-Pain|245\/363|[from] item: Black Sludge
|turn|16
|c|★pokemonisfun|here we go
|join|blave
|c| LiberalLucario|dam
|c| LiberalLucario|you're really good pif!
|join|tomi ♥ bello
|leave|tomi ♥ bello
|c|★pokemonisfun|thnks
|c| blave|pif is bad
|c|★CoolStoryBrobat|Unleash the skill
|
|move|p2a: Jirachi|Iron Head|p1a: T-Pain
|-resisted|p1a: T-Pain
|-damage|p1a: T-Pain|188\/363
|move|p1a: T-Pain|Rapid Spin|p2a: Jirachi
|-resisted|p2a: Jirachi
|-damage|p2a: Jirachi|113\/341
|-sideend|p1: CoolStoryBrobat|Stealth Rock|[from] move: Rapid Spin|[of] p1a: T-Pain
|-sideend|p1: CoolStoryBrobat|Sticky Web|[from] move: Rapid Spin|[of] p1a: T-Pain
|
|-heal|p1a: T-Pain|210\/363|[from] item: Black Sludge
|turn|17
|c| blave|as brobat is
|c| LiberalLucario|LOL
|-message|pokemonisfun forfeited.
|c|★pokemonisfun|okay round 2
|c| blave|rip pif
|
|win|CoolStoryBrobat
|c|★CoolStoryBrobat|leggo