|join|pokemonisfun
|join|senegal
|join|DrReuniclusstooper
|player|p1|pokemonisfun|184
|player|p2|senegal|102
|gametype|singles
|gen|6
|tier|UU
|rule|Sleep Clause Mod: Limit one foe put to sleep
|rule|Species Clause: Limit one of each Pokémon
|rule|OHKO Clause: OHKO moves are banned
|rule|Moody Clause: Moody is banned
|rule|Evasion Moves Clause: Evasion moves are banned
|rule|Endless Battle Clause: Forcing endless battles is banned
|rule|HP Percentage Mod: HP is shown in percentages
|clearpoke
|poke|p1|Blissey, F
|poke|p1|Swampert, M
|poke|p1|Granbull, M
|poke|p1|Alomomola, F
|poke|p1|Crobat, F
|poke|p1|Celebi
|poke|p2|Alomomola, M
|poke|p2|Chatot, M
|poke|p2|Hitmonlee, M
|poke|p2|Sharpedo, M
|poke|p2|Vivillon, F
|poke|p2|Blissey, F
|rule|Swagger Clause: Swagger is banned
|rule|Baton Pass Clause: Limit one Pokémon knowing Baton Pass
|teampreview
|join|Tf2Hunter
|join|hairy toenail
|join|BusyJay
|join|MikaelFernandes
|c| hairy toenail|s t a l l b o y s
|c| DrReuniclusstooper|its ok
|c| DrReuniclusstooper|chatot is here
|c|★pokemonisfun|sweet counter team
|join|Sefrox99 Testing
|c| DrReuniclusstooper|to chatter away
|c| DrReuniclusstooper|get all the confusions
|c| MikaelFernandes|SO MUCH PINK....
|join|DerperiorX
|
|start
|switch|p1a: batsy watzy|Crobat, F|373\/373
|switch|p2a: Hitmonlee|Hitmonlee, M|242\/242
|turn|1
|join|xShiba
|
|switch|p2a: Alomomola|Alomomola, M|499\/499
|move|p1a: batsy watzy|Brave Bird|p2a: Alomomola
|-damage|p2a: Alomomola|388\/499
|-damage|p1a: batsy watzy|336\/373|[from] recoil|[of] p2a: Alomomola
|
|-heal|p1a: batsy watzy|359\/373|[from] item: Black Sludge
|-heal|p2a: Alomomola|419\/499|[from] item: Leftovers
|turn|2
|
|move|p1a: batsy watzy|Brave Bird|p2a: Alomomola
|-damage|p2a: Alomomola|305\/499
|-damage|p1a: batsy watzy|321\/373|[from] recoil|[of] p2a: Alomomola
|move|p2a: Alomomola|Waterfall|p1a: batsy watzy
|-damage|p1a: batsy watzy|237\/373
|
|-heal|p1a: batsy watzy|260\/373|[from] item: Black Sludge
|-heal|p2a: Alomomola|336\/499|[from] item: Leftovers
|turn|3
|c| MikaelFernandes|new meta
|c| MikaelFernandes|*kappa*
|join|Noriya
|c|★pokemonisfun|what happened to the scald bullshit
|
|switch|p1a: onion fairy god|Celebi|396\/396
|move|p2a: Alomomola|Wish|p2a: Alomomola
|
|-heal|p2a: Alomomola|367\/499|[from] item: Leftovers
|turn|4
|c| DrReuniclusstooper|waterfall flinches
|c| DrReuniclusstooper|are new meta
|
|switch|p2a: Vivillon|Vivillon, F|301\/301
|move|p1a: onion fairy god|Stealth Rock|p2a: Vivillon
|-sidestart|p2: senegal|move: Stealth Rock
|
|turn|5
|
|switch|p1a: Mega Chansey|Blissey, F|652\/652
|move|p2a: Vivillon|Quiver Dance|p2a: Vivillon
|-boost|p2a: Vivillon|spa|1
|-boost|p2a: Vivillon|spd|1
|-boost|p2a: Vivillon|spe|1
|
|turn|6
|
|move|p2a: Vivillon|Sleep Powder|p1a: Mega Chansey
|-status|p1a: Mega Chansey|slp
|cant|p1a: Mega Chansey|slp
|
|turn|7
|c| MikaelFernandes|fake
|
|move|p2a: Vivillon|Substitute|p2a: Vivillon
|-start|p2a: Vivillon|Substitute
|-damage|p2a: Vivillon|226\/301
|cant|p1a: Mega Chansey|slp
|
|-heal|p2a: Vivillon|244\/301|[from] item: Leftovers
|turn|8
|c| MikaelFernandes|it doesn't have chanseynite
|c| xShiba|gg
|c| Noriya|the sweep
|c| Noriya|is here
|c| Noriya|LOL
|join|Marry Jane
|
|move|p2a: Vivillon|Quiver Dance|p2a: Vivillon
|-boost|p2a: Vivillon|spa|1
|-boost|p2a: Vivillon|spd|1
|-boost|p2a: Vivillon|spe|1
|-curestatus|p1a: Mega Chansey|slp
|move|p1a: Mega Chansey|Seismic Toss|p2a: Vivillon
|-end|p2a: Vivillon|Substitute
|
|-heal|p2a: Vivillon|262\/301|[from] item: Leftovers
|turn|9
|c| Marry Jane|senpai
|c| Marry Jane|are you winning
|
|move|p2a: Vivillon|Sleep Powder|p1a: Mega Chansey
|-status|p1a: Mega Chansey|slp
|cant|p1a: Mega Chansey|slp
|
|-heal|p2a: Vivillon|280\/301|[from] item: Leftovers
|turn|10
|c|★pokemonisfun|no
|
|move|p2a: Vivillon|Substitute|p2a: Vivillon
|-start|p2a: Vivillon|Substitute
|-damage|p2a: Vivillon|205\/301
|-curestatus|p1a: Mega Chansey|slp
|move|p1a: Mega Chansey|Seismic Toss|p2a: Vivillon
|-end|p2a: Vivillon|Substitute
|
|-heal|p2a: Vivillon|223\/301|[from] item: Leftovers
|turn|11
|c| DerperiorX|this isn't looking good lol
|c| Marry Jane|oh
|c| Marry Jane|fuck
|c| Marry Jane|pls stop
|
|move|p2a: Vivillon|Sleep Powder|p1a: Mega Chansey
|-status|p1a: Mega Chansey|slp
|cant|p1a: Mega Chansey|slp
|
|-heal|p2a: Vivillon|241\/301|[from] item: Leftovers
|turn|12
|c| MikaelFernandes|im smelling a chatot sweep
|c|★pokemonisfun|!dt compund eye
No Pokemon, item, move, ability or nature named 'compund eye' was found. Showing the data of 'Compound Eyes' instead.
|c|~|\/data-ability Compound Eyes
|raw|<font size="1"><\/font>
|
|move|p2a: Vivillon|Substitute|p2a: Vivillon
|-start|p2a: Vivillon|Substitute
|-damage|p2a: Vivillon|166\/301
|cant|p1a: Mega Chansey|slp
|
|-heal|p2a: Vivillon|184\/301|[from] item: Leftovers
|turn|13
|
|move|p2a: Vivillon|Quiver Dance|p2a: Vivillon
|-boost|p2a: Vivillon|spa|1
|-boost|p2a: Vivillon|spd|1
|-boost|p2a: Vivillon|spe|1
|cant|p1a: Mega Chansey|slp
|
|-heal|p2a: Vivillon|202\/301|[from] item: Leftovers
|turn|14
|
|move|p2a: Vivillon|Hurricane|p1a: Mega Chansey|[miss]
|-miss|p2a: Vivillon|p1a: Mega Chansey
|-curestatus|p1a: Mega Chansey|slp
|move|p1a: Mega Chansey|Seismic Toss|p2a: Vivillon
|-end|p2a: Vivillon|Substitute
|
|-heal|p2a: Vivillon|220\/301|[from] item: Leftovers
|turn|15
|c| MikaelFernandes|no bp?
|
|switch|p1a: bubblsy bubbles|Swampert, M|404\/404
|move|p2a: Vivillon|Sleep Powder|p1a: bubblsy bubbles
|-status|p1a: bubblsy bubbles|slp
|
|-heal|p2a: Vivillon|238\/301|[from] item: Leftovers
|turn|16
|join|Dracp
|
|switch|p1a: Mega Chansey|Blissey, F|652\/652
|move|p2a: Vivillon|Hurricane|p1a: Mega Chansey
|-damage|p1a: Mega Chansey|426\/652
|-start|p1a: Mega Chansey|confusion
|
|-heal|p2a: Vivillon|256\/301|[from] item: Leftovers
|-heal|p1a: Mega Chansey|466\/652|[from] item: Leftovers
|turn|17
|join|LiberalLucario
|c| LiberalLucario|vivillon the lord
|c| Tf2Hunter|sleep power
|
|move|p2a: Vivillon|Hurricane|p1a: Mega Chansey
|-damage|p1a: Mega Chansey|255\/652
|-activate|p1a: Mega Chansey|confusion
|move|p1a: Mega Chansey|Soft-Boiled|p1a: Mega Chansey
|-heal|p1a: Mega Chansey|581\/652
|
|-heal|p2a: Vivillon|274\/301|[from] item: Leftovers
|-heal|p1a: Mega Chansey|621\/652|[from] item: Leftovers
|turn|18
|c| Tf2Hunter|do it
|c| MikaelFernandes|satanic :P
|c| xShiba|both of these teams are cancerous oml
|c| LiberalLucario|there's already a
|c| LiberalLucario|sleeping mon
|c| MikaelFernandes|vivillon is 666 in pokedex
|c| LiberalLucario|fkn nerds
|leave|hairy toenail
|
|move|p2a: Vivillon|Quiver Dance|p2a: Vivillon
|-boost|p2a: Vivillon|spa|1
|-boost|p2a: Vivillon|spd|1
|-boost|p2a: Vivillon|spe|1
|-end|p1a: Mega Chansey|confusion
|move|p1a: Mega Chansey|Seismic Toss|p2a: Vivillon
|-damage|p2a: Vivillon|174\/301
|
|-heal|p2a: Vivillon|192\/301|[from] item: Leftovers
|-heal|p1a: Mega Chansey|652\/652|[from] item: Leftovers
|turn|19
|c| MikaelFernandes|pls :P
|c| LiberalLucario|now get a hurricane para
|
|move|p2a: Vivillon|Hurricane|p1a: Mega Chansey
|-damage|p1a: Mega Chansey|408\/652
|-start|p1a: Mega Chansey|confusion
|-activate|p1a: Mega Chansey|confusion
|move|p1a: Mega Chansey|Seismic Toss|p2a: Vivillon
|-damage|p2a: Vivillon|92\/301
|
|-heal|p2a: Vivillon|110\/301|[from] item: Leftovers
|-heal|p1a: Mega Chansey|448\/652|[from] item: Leftovers
|turn|20
|c| DerperiorX|roost
|
|move|p2a: Vivillon|Hurricane|p1a: Mega Chansey
|-damage|p1a: Mega Chansey|184\/652
|-activate|p1a: Mega Chansey|confusion
|move|p1a: Mega Chansey|Soft-Boiled|p1a: Mega Chansey
|-heal|p1a: Mega Chansey|510\/652
|
|-heal|p2a: Vivillon|128\/301|[from] item: Leftovers
|-heal|p1a: Mega Chansey|550\/652|[from] item: Leftovers
|turn|21
|c| LiberalLucario|wow
|c| LiberalLucario|pif is so lucky
|
|move|p2a: Vivillon|Hurricane|p1a: Mega Chansey
|-damage|p1a: Mega Chansey|283\/652
|-activate|p1a: Mega Chansey|confusion
|-damage|p1a: Mega Chansey|276\/652|[from] confusion
|
|-heal|p2a: Vivillon|146\/301|[from] item: Leftovers
|-heal|p1a: Mega Chansey|316\/652|[from] item: Leftovers
|turn|22
|leave|DerperiorX
|c| MikaelFernandes|1% xD
|
|move|p2a: Vivillon|Quiver Dance|p2a: Vivillon
|-boost|p2a: Vivillon|spa|1
|-boost|p2a: Vivillon|spd|1
|-boost|p2a: Vivillon|spe|1
|-end|p1a: Mega Chansey|confusion
|move|p1a: Mega Chansey|Soft-Boiled|p1a: Mega Chansey
|-heal|p1a: Mega Chansey|642\/652
|
|-heal|p2a: Vivillon|164\/301|[from] item: Leftovers
|-heal|p1a: Mega Chansey|652\/652|[from] item: Leftovers
|turn|23
|c| MikaelFernandes|nice atk fat blob
|
|move|p2a: Vivillon|Hurricane|p1a: Mega Chansey
|-damage|p1a: Mega Chansey|327\/652
|-start|p1a: Mega Chansey|confusion
|-activate|p1a: Mega Chansey|confusion
|-damage|p1a: Mega Chansey|320\/652|[from] confusion
|
|-heal|p2a: Vivillon|182\/301|[from] item: Leftovers
|-heal|p1a: Mega Chansey|360\/652|[from] item: Leftovers
|turn|24
|c| LiberalLucario|lol
|c| DrReuniclusstooper|these confusions
|c| xShiba|QD again
|
|move|p2a: Vivillon|Hurricane|p1a: Mega Chansey|[miss]
|-miss|p2a: Vivillon|p1a: Mega Chansey
|-activate|p1a: Mega Chansey|confusion
|move|p1a: Mega Chansey|Soft-Boiled|p1a: Mega Chansey
|-heal|p1a: Mega Chansey|652\/652
|
|-heal|p2a: Vivillon|200\/301|[from] item: Leftovers
|turn|25
|c| LiberalLucario|oof
|c| MikaelFernandes|lucky
|join|Luna Bae
|join|anchor management
|
|move|p2a: Vivillon|Quiver Dance|p2a: Vivillon
|-boost|p2a: Vivillon|spa|1
|-boost|p2a: Vivillon|spd|1
|-boost|p2a: Vivillon|spe|1
|-activate|p1a: Mega Chansey|confusion
|move|p1a: Mega Chansey|Toxic|p2a: Vivillon
|-status|p2a: Vivillon|tox
|
|-heal|p2a: Vivillon|218\/301 tox|[from] item: Leftovers
|-damage|p2a: Vivillon|200\/301 tox|[from] psn
|turn|26
|c| Luna Bae|nice sack
|
|move|p2a: Vivillon|Hurricane|p1a: Mega Chansey
|-damage|p1a: Mega Chansey|277\/652
|-end|p1a: Mega Chansey|confusion
|move|p1a: Mega Chansey|Soft-Boiled|p1a: Mega Chansey
|-heal|p1a: Mega Chansey|603\/652
|
|-heal|p2a: Vivillon|218\/301 tox|[from] item: Leftovers
|-heal|p1a: Mega Chansey|643\/652|[from] item: Leftovers
|-damage|p2a: Vivillon|182\/301 tox|[from] psn
|turn|27
|
|move|p2a: Vivillon|Hurricane|p1a: Mega Chansey|[miss]
|-miss|p2a: Vivillon|p1a: Mega Chansey
|move|p1a: Mega Chansey|Soft-Boiled|p1a: Mega Chansey
|-heal|p1a: Mega Chansey|652\/652
|
|-heal|p2a: Vivillon|200\/301 tox|[from] item: Leftovers
|-damage|p2a: Vivillon|146\/301 tox|[from] psn
|turn|28
|c| MikaelFernandes|S T A L L B O Y Z
|
|move|p2a: Vivillon|Hurricane|p1a: Mega Chansey
|-damage|p1a: Mega Chansey|292\/652
|move|p1a: Mega Chansey|Soft-Boiled|p1a: Mega Chansey
|-heal|p1a: Mega Chansey|618\/652
|
|-heal|p2a: Vivillon|164\/301 tox|[from] item: Leftovers
|-heal|p1a: Mega Chansey|652\/652|[from] item: Leftovers
|-damage|p2a: Vivillon|92\/301 tox|[from] psn
|turn|29
|c| Tf2Hunter|rip
|leave|Dracp
|
|move|p2a: Vivillon|Hurricane|p1a: Mega Chansey
|-damage|p1a: Mega Chansey|300\/652
|move|p1a: Mega Chansey|Soft-Boiled|p1a: Mega Chansey
|-heal|p1a: Mega Chansey|626\/652
|
|-heal|p2a: Vivillon|110\/301 tox|[from] item: Leftovers
|-heal|p1a: Mega Chansey|652\/652|[from] item: Leftovers
|-damage|p2a: Vivillon|20\/301 tox|[from] psn
|turn|30
|join|Dracp
|c| MikaelFernandes|i had faith in you vivillon :[
|
|move|p2a: Vivillon|Hurricane|p1a: Mega Chansey
|-damage|p1a: Mega Chansey|292\/652
|move|p1a: Mega Chansey|Soft-Boiled|p1a: Mega Chansey
|-heal|p1a: Mega Chansey|618\/652
|
|-heal|p2a: Vivillon|38\/301 tox|[from] item: Leftovers
|-heal|p1a: Mega Chansey|652\/652|[from] item: Leftovers
|-damage|p2a: Vivillon|0 fnt|[from] psn
|faint|p2a: Vivillon
|c| LiberalLucario|idk why people dont run stallbreaker sigilyph against pif
|c| LiberalLucario|it would 6-0 him
|
|switch|p2a: Hitmonlee|Hitmonlee, M|242\/242
|-damage|p2a: Hitmonlee|227\/242|[from] Stealth Rock
|turn|31
|c| LiberalLucario|n_n
|c| DrReuniclusstooper|gj pif senpai
|
|switch|p1a: onion fairy god|Celebi|396\/396
|move|p2a: Hitmonlee|Rapid Spin|p1a: onion fairy god
|-damage|p1a: onion fairy god|378\/396
|-sideend|p2: senegal|Stealth Rock|[from] move: Rapid Spin|[of] p2a: Hitmonlee
|
|-heal|p1a: onion fairy god|396\/396|[from] item: Leftovers
|turn|32
|join|Bob the Bro
|
|switch|p2a: Chatot|Chatot, M|293\/293
|move|p1a: onion fairy god|Stealth Rock|p2a: Chatot
|-sidestart|p2: senegal|move: Stealth Rock
|
|turn|33
|
|switch|p1a: Mega Chansey|Blissey, F|652\/652
|move|p2a: Chatot|Chatter|p1a: Mega Chansey
|-damage|p1a: Mega Chansey|577\/652
|-start|p1a: Mega Chansey|confusion
|-damage|p2a: Chatot|264\/293|[from] item: Life Orb
|
|-heal|p1a: Mega Chansey|617\/652|[from] item: Leftovers
|turn|34
|c| Bob the Bro|pif how do you beat reuniclus
|
|switch|p2a: Hitmonlee|Hitmonlee, M|227\/242
|-damage|p2a: Hitmonlee|212\/242|[from] Stealth Rock
|-activate|p1a: Mega Chansey|confusion
|-damage|p1a: Mega Chansey|610\/652|[from] confusion
|
|-heal|p1a: Mega Chansey|650\/652|[from] item: Leftovers
|turn|35
|-message|senegal forfeited.
|c|★pokemonisfun|!learn blissey, shadow ball
|raw|<div class="infobox">Blissey <span class="message-learn-canlearn">can<\/span> learn Shadow Ball<\/ul><\/div>
|
|win|pokemonisfun
|leave|Dracp
|leave|senegal
|c| Bob the Bro|i see