|join|pokemonisfun
|join|Starlight Raven
|player|p1|pokemonisfun|184
|player|p2|Starlight Raven|158
|gametype|singles
|gen|6
|tier|UU
|rated
|rule|Sleep Clause Mod: Limit one foe put to sleep
|rule|Species Clause: Limit one of each Pokémon
|rule|OHKO Clause: OHKO moves are banned
|rule|Moody Clause: Moody is banned
|rule|Evasion Moves Clause: Evasion moves are banned
|rule|Endless Battle Clause: Forcing endless battles is banned
|rule|HP Percentage Mod: HP is shown in percentages
|clearpoke
|poke|p1|Blissey, F
|poke|p1|Swampert, F
|poke|p1|Granbull, F
|poke|p1|Alomomola, F
|poke|p1|Crobat, F
|poke|p1|Celebi
|poke|p2|Shaymin
|poke|p2|Darmanitan, F
|poke|p2|Beedrill, M
|poke|p2|Galvantula, M
|poke|p2|Empoleon, F
|poke|p2|Goodra, M
|rule|Swagger Clause: Swagger is banned
|rule|Baton Pass Clause: Limit one Pokémon knowing Baton Pass
|teampreview
|
|start
|switch|p1a: bubblsy bubbles|Swampert, F|404\/404
|switch|p2a: Galvantula|Galvantula, M|281\/281
|turn|1
|
|detailschange|p1a: bubblsy bubbles|Swampert-Mega, F
|-mega|p1a: bubblsy bubbles|Swampert|Swampertite
|move|p2a: Galvantula|Giga Drain|p1a: bubblsy bubbles
|-supereffective|p1a: bubblsy bubbles
|-damage|p1a: bubblsy bubbles|188\/404
|move|p1a: bubblsy bubbles|Earthquake|p2a: Galvantula
|-damage|p2a: Galvantula|41\/281
|
|turn|2
|
|switch|p1a: Mega Chansey|Blissey, F|651\/651
|move|p2a: Galvantula|Giga Drain|p1a: Mega Chansey
|-damage|p1a: Mega Chansey|607\/651
|-heal|p2a: Galvantula|63\/281|[from] drain|[of] p1a: Mega Chansey
|
|-heal|p1a: Mega Chansey|647\/651|[from] item: Leftovers
|turn|3
|
|switch|p2a: Empoleon|Empoleon, F|372\/372
|move|p1a: Mega Chansey|Seismic Toss|p2a: Empoleon
|-damage|p2a: Empoleon|272\/372
|
|-heal|p2a: Empoleon|295\/372|[from] item: Leftovers
|-heal|p1a: Mega Chansey|651\/651|[from] item: Leftovers
|turn|4
|
|switch|p1a: onion fairy god|Celebi|401\/401
|move|p2a: Empoleon|Stealth Rock|p1a: onion fairy god
|-sidestart|p1: pokemonisfun|move: Stealth Rock
|
|-heal|p2a: Empoleon|318\/372|[from] item: Leftovers
|turn|5
|
|move|p1a: onion fairy god|Stealth Rock|p2a: Empoleon
|-sidestart|p2: Starlight Raven|move: Stealth Rock
|move|p2a: Empoleon|Roar|p1a: onion fairy god
|drag|p1a: bubblsy bubbles|Swampert-Mega, F|188\/404
|-damage|p1a: bubblsy bubbles|163\/404|[from] Stealth Rock
|
|-heal|p2a: Empoleon|341\/372|[from] item: Leftovers
|turn|6
|join|hxhxhxhxhxhxhx
|
|switch|p2a: Shaymin|Shaymin|341\/341
|-damage|p2a: Shaymin|299\/341|[from] Stealth Rock
|move|p1a: bubblsy bubbles|Earthquake|p2a: Shaymin
|-resisted|p2a: Shaymin
|-damage|p2a: Shaymin|215\/341
|
|turn|7
|
|switch|p1a: Mega Chansey|Blissey, F|651\/651
|-damage|p1a: Mega Chansey|570\/651|[from] Stealth Rock
|move|p2a: Shaymin|Seed Flare|p1a: Mega Chansey
|-damage|p1a: Mega Chansey|424\/651
|-unboost|p1a: Mega Chansey|spd|2
|-damage|p2a: Shaymin|181\/341|[from] item: Life Orb
|
|-heal|p1a: Mega Chansey|464\/651|[from] item: Leftovers
|turn|8
|
|move|p2a: Shaymin|Seed Flare|p1a: Mega Chansey
|-damage|p1a: Mega Chansey|213\/651
|-damage|p2a: Shaymin|147\/341|[from] item: Life Orb
|move|p1a: Mega Chansey|Soft-Boiled|p1a: Mega Chansey
|-heal|p1a: Mega Chansey|539\/651
|
|-heal|p1a: Mega Chansey|579\/651|[from] item: Leftovers
|turn|9
|
|move|p2a: Shaymin|Rest|p2a: Shaymin
|-status|p2a: Shaymin|slp
|-heal|p2a: Shaymin|341\/341 slp|[silent]
|-status|p2a: Shaymin|slp|[from] move: Rest
|move|p1a: Mega Chansey|Soft-Boiled|p1a: Mega Chansey
|-heal|p1a: Mega Chansey|651\/651
|
|turn|10
|
|switch|p2a: Empoleon|Empoleon, F|341\/372
|-damage|p2a: Empoleon|318\/372|[from] Stealth Rock
|move|p1a: Mega Chansey|Seismic Toss|p2a: Empoleon
|-damage|p2a: Empoleon|218\/372
|
|-heal|p2a: Empoleon|241\/372|[from] item: Leftovers
|turn|11
|
|move|p2a: Empoleon|Defog|p1a: Mega Chansey
|-unboost|p1a: Mega Chansey|evasion|1
|-sideend|p1: pokemonisfun|Stealth Rock|[from] move: Defog|[of] p1a: Mega Chansey
|-sideend|p2: Starlight Raven|Stealth Rock|[from] move: Defog|[of] p2a: Empoleon
|move|p1a: Mega Chansey|Seismic Toss|p2a: Empoleon
|-damage|p2a: Empoleon|141\/372
|
|-heal|p2a: Empoleon|164\/372|[from] item: Leftovers
|turn|12
|
|switch|p1a: onion fairy god|Celebi|401\/401
|move|p2a: Empoleon|Stealth Rock|p1a: onion fairy god
|-sidestart|p1: pokemonisfun|move: Stealth Rock
|
|-heal|p2a: Empoleon|187\/372|[from] item: Leftovers
|turn|13
|
|switch|p2a: Galvantula|Galvantula, M|63\/281
|move|p1a: onion fairy god|Stealth Rock|p2a: Galvantula
|-sidestart|p2: Starlight Raven|move: Stealth Rock
|
|turn|14
|
|switch|p1a: Mega Chansey|Blissey, F|651\/651
|-damage|p1a: Mega Chansey|570\/651|[from] Stealth Rock
|move|p2a: Galvantula|Sticky Web|p1a: Mega Chansey
|-sidestart|p1: pokemonisfun|move: Sticky Web
|
|-heal|p1a: Mega Chansey|610\/651|[from] item: Leftovers
|turn|15
|join|Snowballin
|join|Christo m8
|join|Kushalos
|
|switch|p2a: Shaymin|Shaymin|341\/341
|-damage|p2a: Shaymin|299\/341|[from] Stealth Rock
|move|p1a: Mega Chansey|Seismic Toss|p2a: Shaymin
|-damage|p2a: Shaymin|199\/341
|
|-heal|p1a: Mega Chansey|650\/651|[from] item: Leftovers
|turn|16
|c|★pokemonisfun|the blissey counter
|
|move|p2a: Shaymin|Seed Flare|p1a: Mega Chansey
|-damage|p1a: Mega Chansey|504\/651
|-damage|p2a: Shaymin|165\/341|[from] item: Life Orb
|move|p1a: Mega Chansey|Seismic Toss|p2a: Shaymin
|-damage|p2a: Shaymin|65\/341
|
|-heal|p1a: Mega Chansey|544\/651|[from] item: Leftovers
|turn|17
|
|move|p2a: Shaymin|Rest|p2a: Shaymin
|-status|p2a: Shaymin|slp
|-heal|p2a: Shaymin|341\/341 slp|[silent]
|-status|p2a: Shaymin|slp|[from] move: Rest
|move|p1a: Mega Chansey|Seismic Toss|p2a: Shaymin
|-damage|p2a: Shaymin|241\/341 slp
|
|-heal|p1a: Mega Chansey|584\/651|[from] item: Leftovers
|turn|18
|c| hxhxhxhxhxhxhx|pif how are you today!?!?
|c|★pokemonisfun|nice and fresh
|c| hxhxhxhxhxhxhx|good!
|
|switch|p2a: Galvantula|Galvantula, M|63\/281
|-damage|p2a: Galvantula|0 fnt|[from] Stealth Rock
|faint|p2a: Galvantula
|move|p1a: Mega Chansey|Seismic Toss|p2: Galvantula|[notarget]
|-notarget
|
|-heal|p1a: Mega Chansey|624\/651|[from] item: Leftovers
|join|pokeblade101
|leave|Kushalos
|
|switch|p2a: Beedrill|Beedrill, M|271\/271
|-damage|p2a: Beedrill|204\/271|[from] Stealth Rock
|turn|19
|
|switch|p1a: swimmy swim|Alomomola, F|471\/471
|-damage|p1a: swimmy swim|413\/471|[from] Stealth Rock
|-activate|p1a: swimmy swim|move: Sticky Web
|-unboost|p1a: swimmy swim|spe|1
|detailschange|p2a: Beedrill|Beedrill-Mega, M
|-mega|p2a: Beedrill|Beedrill|Beedrillite
|move|p2a: Beedrill|U-turn|p1a: swimmy swim
|-damage|p1a: swimmy swim|267\/471
|
|switch|p2a: Shaymin|Shaymin|241\/341
|-damage|p2a: Shaymin|199\/341|[from] Stealth Rock
|
|-heal|p1a: swimmy swim|296\/471|[from] item: Leftovers
|turn|20
|c| hxhxhxhxhxhxhx|also will u do ult to entertain me while u r laddering
|c| hxhxhxhxhxhxhx|yn
|c| pokeblade101|Lol where is the blissey counter
|
|switch|p1a: Mega Chansey|Blissey, F|624\/651
|-damage|p1a: Mega Chansey|543\/651|[from] Stealth Rock
|-activate|p1a: Mega Chansey|move: Sticky Web
|-unboost|p1a: Mega Chansey|spe|1
|move|p2a: Shaymin|Seed Flare|p1a: Mega Chansey
|-damage|p1a: Mega Chansey|397\/651
|-unboost|p1a: Mega Chansey|spd|2
|-damage|p2a: Shaymin|165\/341|[from] item: Life Orb
|
|-heal|p1a: Mega Chansey|437\/651|[from] item: Leftovers
|turn|21
|c|★pokemonisfun|i dont support the united league of transexuals
|c|★pokemonisfun|sorry :l
|c| hxhxhxhxhxhxhx|oh :c
|
|move|p2a: Shaymin|Seed Flare|p1a: Mega Chansey
|-damage|p1a: Mega Chansey|159\/651
|-damage|p2a: Shaymin|131\/341|[from] item: Life Orb
|move|p1a: Mega Chansey|Soft-Boiled|p1a: Mega Chansey
|-heal|p1a: Mega Chansey|485\/651
|
|-heal|p1a: Mega Chansey|525\/651|[from] item: Leftovers
|turn|22
|
|move|p2a: Shaymin|Rest|p2a: Shaymin
|-status|p2a: Shaymin|slp
|-heal|p2a: Shaymin|341\/341 slp|[silent]
|-status|p2a: Shaymin|slp|[from] move: Rest
|move|p1a: Mega Chansey|Soft-Boiled|p1a: Mega Chansey
|-heal|p1a: Mega Chansey|651\/651
|
|turn|23
|
|switch|p2a: Darmanitan|Darmanitan, F|351\/351
|-damage|p2a: Darmanitan|264\/351|[from] Stealth Rock
|move|p1a: Mega Chansey|Seismic Toss|p2a: Darmanitan
|-damage|p2a: Darmanitan|164\/351
|
|turn|24
|
|switch|p1a: swimmy swim|Alomomola, F|453\/471
|-activate|p1a: swimmy swim|move: Sticky Web
|-unboost|p1a: swimmy swim|spe|1
|-damage|p1a: swimmy swim|395\/471|[from] Stealth Rock
|move|p2a: Darmanitan|Flare Blitz|p1a: swimmy swim
|-resisted|p1a: swimmy swim
|-damage|p1a: swimmy swim|226\/471
|-damage|p2a: Darmanitan|108\/351|[from] recoil|[of] p1a: swimmy swim
|
|-heal|p1a: swimmy swim|255\/471|[from] item: Leftovers
|turn|25
|c|★pokemonisfun|belly drum wins here
|c| pokeblade101|Banded
|c|★pokemonisfun|i feel like thats more lo
|
|move|p2a: Darmanitan|Rock Slide|p1a: swimmy swim
|-damage|p1a: swimmy swim|126\/471
|move|p1a: swimmy swim|Wish|p1a: swimmy swim
|
|-heal|p1a: swimmy swim|155\/471|[from] item: Leftovers
|turn|26
|c| pokeblade101|Oh wow
|
|move|p1a: swimmy swim|Protect|p1a: swimmy swim
|-singleturn|p1a: swimmy swim|Protect
|move|p2a: Darmanitan|Rock Slide|p1a: swimmy swim
|-activate|p1a: swimmy swim|Protect
|
|-heal|p1a: swimmy swim|390\/471|[from] move: Wish|[wisher] swimmy swim
|-heal|p1a: swimmy swim|419\/471|[from] item: Leftovers
|turn|27
|
|move|p2a: Darmanitan|Rock Slide|p1a: swimmy swim
|-miss|p2a: Darmanitan|p1a: swimmy swim
|move|p1a: swimmy swim|Scald|p2a: Darmanitan
|-supereffective|p2a: Darmanitan
|-damage|p2a: Darmanitan|0 fnt
|faint|p2a: Darmanitan
|
|-heal|p1a: swimmy swim|448\/471|[from] item: Leftovers
|c| pokeblade101|What the mega pokemonisfun?
|
|switch|p2a: Empoleon|Empoleon, F|187\/372
|-damage|p2a: Empoleon|164\/372|[from] Stealth Rock
|turn|28
|c|★pokemonisfun|chansey
|
|switch|p1a: onion fairy god|Celebi|401\/401
|-activate|p1a: onion fairy god|move: Sticky Web
|-unboost|p1a: onion fairy god|spe|1
|-damage|p1a: onion fairy god|351\/401|[from] Stealth Rock
|move|p2a: Empoleon|Defog|p1a: onion fairy god
|-unboost|p1a: onion fairy god|evasion|1
|-sideend|p1: pokemonisfun|Stealth Rock|[from] move: Defog|[of] p1a: onion fairy god
|-sideend|p1: pokemonisfun|Sticky Web|[from] move: Defog|[of] p1a: onion fairy god
|-sideend|p2: Starlight Raven|Stealth Rock|[from] move: Defog|[of] p2a: Empoleon
|
|-heal|p1a: onion fairy god|376\/401|[from] item: Leftovers
|-heal|p2a: Empoleon|187\/372|[from] item: Leftovers
|turn|29
|c| pokeblade101|Ok thx
|
|move|p1a: onion fairy god|Stealth Rock|p2a: Empoleon
|-sidestart|p2: Starlight Raven|move: Stealth Rock
|move|p2a: Empoleon|Defog|p1a: onion fairy god
|-unboost|p1a: onion fairy god|evasion|1
|-sideend|p2: Starlight Raven|Stealth Rock|[from] move: Defog|[of] p2a: Empoleon
|
|-heal|p1a: onion fairy god|401\/401|[from] item: Leftovers
|-heal|p2a: Empoleon|210\/372|[from] item: Leftovers
|turn|30
|
|switch|p2a: Beedrill|Beedrill-Mega, M|204\/271
|move|p1a: onion fairy god|Stealth Rock|p2a: Beedrill
|-sidestart|p2: Starlight Raven|move: Stealth Rock
|
|turn|31
|c| pokeblade101|Set up hazards just to defog them away
|
|switch|p1a: swimmy swim|Alomomola, F|471\/471
|move|p2a: Beedrill|U-turn|p1a: swimmy swim
|-damage|p1a: swimmy swim|325\/471
|
|switch|p2a: Empoleon|Empoleon, F|210\/372
|-damage|p2a: Empoleon|187\/372|[from] Stealth Rock
|
|-heal|p1a: swimmy swim|354\/471|[from] item: Leftovers
|-heal|p2a: Empoleon|210\/372|[from] item: Leftovers
|turn|32
|
|switch|p1a: onion fairy god|Celebi|401\/401
|move|p2a: Empoleon|Defog|p1a: onion fairy god
|-unboost|p1a: onion fairy god|evasion|1
|-sideend|p2: Starlight Raven|Stealth Rock|[from] move: Defog|[of] p2a: Empoleon
|
|-heal|p2a: Empoleon|233\/372|[from] item: Leftovers
|turn|33
|
|move|p1a: onion fairy god|Stealth Rock|p2a: Empoleon
|-sidestart|p2: Starlight Raven|move: Stealth Rock
|move|p2a: Empoleon|Roar|p1a: onion fairy god
|drag|p1a: woofy woof woof|Granbull, F|384\/384
|-ability|p1a: woofy woof woof|Intimidate|[of] p2a: Empoleon
|-unboost|p2a: Empoleon|atk|1
|
|-heal|p2a: Empoleon|256\/372|[from] item: Leftovers
|turn|34
|
|switch|p1a: onion fairy god|Celebi|401\/401
|move|p2a: Empoleon|Scald|p1a: onion fairy god
|-resisted|p1a: onion fairy god
|-damage|p1a: onion fairy god|350\/401
|-status|p1a: onion fairy god|brn
|
|-heal|p1a: onion fairy god|375\/401 brn|[from] item: Leftovers
|-heal|p2a: Empoleon|279\/372|[from] item: Leftovers
|-damage|p1a: onion fairy god|325\/401 brn|[from] brn
|turn|35
|
|move|p1a: onion fairy god|Giga Drain|p2a: Empoleon
|-damage|p2a: Empoleon|189\/372
|-heal|p1a: onion fairy god|370\/401 brn|[from] drain|[of] p2a: Empoleon
|move|p2a: Empoleon|Defog|p1a: onion fairy god
|-unboost|p1a: onion fairy god|evasion|1
|-sideend|p2: Starlight Raven|Stealth Rock|[from] move: Defog|[of] p2a: Empoleon
|
|-heal|p1a: onion fairy god|395\/401 brn|[from] item: Leftovers
|-heal|p2a: Empoleon|212\/372|[from] item: Leftovers
|-damage|p1a: onion fairy god|345\/401 brn|[from] brn
|turn|36
|
|switch|p2a: Beedrill|Beedrill-Mega, M|204\/271
|move|p1a: onion fairy god|Stealth Rock|p2a: Beedrill
|-sidestart|p2: Starlight Raven|move: Stealth Rock
|
|-heal|p1a: onion fairy god|370\/401 brn|[from] item: Leftovers
|-damage|p1a: onion fairy god|320\/401 brn|[from] brn
|turn|37
|
|switch|p1a: swimmy swim|Alomomola, F|471\/471
|move|p2a: Beedrill|Knock Off|p1a: swimmy swim
|-damage|p1a: swimmy swim|368\/471
|-enditem|p1a: swimmy swim|Leftovers|[from] move: Knock Off|[of] p2a: Beedrill
|
|turn|38
|
|move|p2a: Beedrill|U-turn|p1a: swimmy swim
|-damage|p1a: swimmy swim|200\/471
|
|switch|p2a: Empoleon|Empoleon, F|212\/372
|-damage|p2a: Empoleon|189\/372|[from] Stealth Rock
|move|p1a: swimmy swim|Scald|p2a: Empoleon
|-resisted|p2a: Empoleon
|-damage|p2a: Empoleon|168\/372
|
|-heal|p2a: Empoleon|191\/372|[from] item: Leftovers
|turn|39
|
|switch|p1a: onion fairy god|Celebi|320\/401
|move|p2a: Empoleon|Defog|p1a: onion fairy god
|-unboost|p1a: onion fairy god|evasion|1
|-sideend|p2: Starlight Raven|Stealth Rock|[from] move: Defog|[of] p2a: Empoleon
|
|-heal|p1a: onion fairy god|345\/401|[from] item: Leftovers
|-heal|p2a: Empoleon|214\/372|[from] item: Leftovers
|turn|40
|
|move|p1a: onion fairy god|Stealth Rock|p2a: Empoleon
|-sidestart|p2: Starlight Raven|move: Stealth Rock
|move|p2a: Empoleon|Stealth Rock|p1a: onion fairy god
|-sidestart|p1: pokemonisfun|move: Stealth Rock
|
|-heal|p1a: onion fairy god|370\/401|[from] item: Leftovers
|-heal|p2a: Empoleon|237\/372|[from] item: Leftovers
|turn|41
|
|move|p1a: onion fairy god|Giga Drain|p2a: Empoleon
|-damage|p2a: Empoleon|153\/372
|-heal|p1a: onion fairy god|401\/401|[from] drain|[of] p2a: Empoleon
|move|p2a: Empoleon|Defog|p1a: onion fairy god
|-unboost|p1a: onion fairy god|evasion|1
|-sideend|p1: pokemonisfun|Stealth Rock|[from] move: Defog|[of] p1a: onion fairy god
|-sideend|p2: Starlight Raven|Stealth Rock|[from] move: Defog|[of] p2a: Empoleon
|
|-heal|p2a: Empoleon|176\/372|[from] item: Leftovers
|turn|42
|
|switch|p2a: Beedrill|Beedrill-Mega, M|204\/271
|move|p1a: onion fairy god|Stealth Rock|p2a: Beedrill
|-sidestart|p2: Starlight Raven|move: Stealth Rock
|
|turn|43
|
|switch|p1a: batsy watzy|Crobat, F|373\/373
|move|p2a: Beedrill|Poison Jab|p1a: batsy watzy
|-resisted|p1a: batsy watzy
|-damage|p1a: batsy watzy|244\/373
|
|-heal|p1a: batsy watzy|267\/373|[from] item: Black Sludge
|turn|44
|
|switch|p2a: Goodra|Goodra, M|383\/383
|-damage|p2a: Goodra|336\/383|[from] Stealth Rock
|move|p1a: batsy watzy|Brave Bird|p2a: Goodra
|-damage|p2a: Goodra|161\/383
|-unboost|p1a: batsy watzy|spe|1
|-damage|p1a: batsy watzy|209\/373|[from] recoil|[of] p2a: Goodra
|
|-heal|p1a: batsy watzy|232\/373|[from] item: Black Sludge
|turn|45
|
|switch|p1a: woofy woof woof|Granbull, F|384\/384
|-ability|p1a: woofy woof woof|Intimidate|[of] p2a: Goodra
|-unboost|p2a: Goodra|atk|1
|move|p2a: Goodra|Ice Beam|p1a: woofy woof woof
|-damage|p1a: woofy woof woof|236\/384
|
|-heal|p1a: woofy woof woof|260\/384|[from] item: Leftovers
|turn|46
|
|switch|p1a: Mega Chansey|Blissey, F|651\/651
|move|p2a: Goodra|Sludge Wave|p1a: Mega Chansey
|-crit|p1a: Mega Chansey
|-damage|p1a: Mega Chansey|552\/651
|
|-heal|p1a: Mega Chansey|592\/651|[from] item: Leftovers
|turn|47
|
|switch|p2a: Shaymin|Shaymin|341\/341
|-damage|p2a: Shaymin|299\/341|[from] Stealth Rock
|move|p1a: Mega Chansey|Seismic Toss|p2a: Shaymin
|-damage|p2a: Shaymin|199\/341
|
|-heal|p1a: Mega Chansey|632\/651|[from] item: Leftovers
|turn|48
|
|move|p2a: Shaymin|Seed Flare|p1a: Mega Chansey
|-damage|p1a: Mega Chansey|502\/651
|-unboost|p1a: Mega Chansey|spd|2
|-damage|p2a: Shaymin|165\/341|[from] item: Life Orb
|move|p1a: Mega Chansey|Seismic Toss|p2a: Shaymin
|-damage|p2a: Shaymin|65\/341
|
|-heal|p1a: Mega Chansey|542\/651|[from] item: Leftovers
|turn|49
|
|move|p2a: Shaymin|Rest|p2a: Shaymin
|-status|p2a: Shaymin|slp
|-heal|p2a: Shaymin|341\/341 slp|[silent]
|-status|p2a: Shaymin|slp|[from] move: Rest
|move|p1a: Mega Chansey|Seismic Toss|p2a: Shaymin
|-damage|p2a: Shaymin|241\/341 slp
|
|-heal|p1a: Mega Chansey|582\/651|[from] item: Leftovers
|turn|50
|
|switch|p2a: Empoleon|Empoleon, F|176\/372
|-damage|p2a: Empoleon|153\/372|[from] Stealth Rock
|move|p1a: Mega Chansey|Seismic Toss|p2a: Empoleon
|-damage|p2a: Empoleon|53\/372
|
|-heal|p2a: Empoleon|76\/372|[from] item: Leftovers
|-heal|p1a: Mega Chansey|622\/651|[from] item: Leftovers
|turn|51
|c| pokeblade101|If only empoleon had roost
|c|★pokemonisfun|hydro pump crit torrent spdef drop
|
|move|p2a: Empoleon|Defog|p1a: Mega Chansey
|-unboost|p1a: Mega Chansey|evasion|1
|-sideend|p2: Starlight Raven|Stealth Rock|[from] move: Defog|[of] p2a: Empoleon
|move|p1a: Mega Chansey|Seismic Toss|p2a: Empoleon
|-damage|p2a: Empoleon|0 fnt
|faint|p2a: Empoleon
|
|-heal|p1a: Mega Chansey|651\/651|[from] item: Leftovers
|c| pokeblade101|Facepalm
|
|switch|p2a: Beedrill|Beedrill-Mega, M|204\/271
|turn|52
|
|switch|p1a: woofy woof woof|Granbull, F|260\/384
|-ability|p1a: woofy woof woof|Intimidate|[of] p2a: Beedrill
|-unboost|p2a: Beedrill|atk|1
|move|p2a: Beedrill|Poison Jab|p1a: woofy woof woof
|-supereffective|p1a: woofy woof woof
|-damage|p1a: woofy woof woof|12\/384
|
|-heal|p1a: woofy woof woof|36\/384|[from] item: Leftovers
|turn|53
|c| pokeblade101|What
|c| pokeblade101|The fuck
|
|switch|p1a: swimmy swim|Alomomola, F|357\/471
|move|p2a: Beedrill|Poison Jab|p1a: swimmy swim
|-damage|p1a: swimmy swim|243\/471
|-status|p1a: swimmy swim|psn
|
|-damage|p1a: swimmy swim|185\/471 psn|[from] psn
|turn|54
|
|switch|p2a: Shaymin|Shaymin|241\/341
|switch|p1a: batsy watzy|Crobat, F|232\/373
|
|-heal|p1a: batsy watzy|255\/373|[from] item: Black Sludge
|turn|55
|
|switch|p2a: Goodra|Goodra, M|161\/383
|move|p1a: batsy watzy|Brave Bird|p2a: Goodra
|-damage|p2a: Goodra|0 fnt
|-unboost|p1a: batsy watzy|spe|1
|-damage|p1a: batsy watzy|202\/373|[from] recoil|[of] p2a: Goodra
|faint|p2a: Goodra
|
|-heal|p1a: batsy watzy|225\/373|[from] item: Black Sludge
|join|ULT Christo
|
|switch|p2a: Shaymin|Shaymin|241\/341
|turn|56
|
|switch|p1a: onion fairy god|Celebi|401\/401
|move|p2a: Shaymin|Seed Flare|p1a: onion fairy god
|-resisted|p1a: onion fairy god
|-damage|p1a: onion fairy god|293\/401
|-damage|p2a: Shaymin|207\/341|[from] item: Life Orb
|
|-heal|p1a: onion fairy god|318\/401|[from] item: Leftovers
|turn|57
|leave|ULT Christo
|
|switch|p2a: Beedrill|Beedrill-Mega, M|204\/271
|move|p1a: onion fairy god|Stealth Rock|p2a: Beedrill
|-sidestart|p2: Starlight Raven|move: Stealth Rock
|
|-heal|p1a: onion fairy god|343\/401|[from] item: Leftovers
|turn|58
|c| pokeblade101|Pokemonisfun u literally have the most annoying team ever
|
|switch|p1a: woofy woof woof|Granbull, F|36\/384
|-ability|p1a: woofy woof woof|Intimidate|[of] p2a: Beedrill
|-unboost|p2a: Beedrill|atk|1
|move|p2a: Beedrill|Poison Jab|p1a: woofy woof woof
|-supereffective|p1a: woofy woof woof
|-damage|p1a: woofy woof woof|0 fnt
|faint|p1a: woofy woof woof
|
|
|switch|p1a: batsy watzy|Crobat, F|225\/373
|turn|59
|
|switch|p2a: Shaymin|Shaymin|207\/341
|-damage|p2a: Shaymin|165\/341|[from] Stealth Rock
|move|p1a: batsy watzy|Roost|p1a: batsy watzy
|-heal|p1a: batsy watzy|373\/373
|
|turn|60
|
|move|p1a: batsy watzy|Brave Bird|p2a: Shaymin
|-supereffective|p2a: Shaymin
|-damage|p2a: Shaymin|0 fnt
|-damage|p1a: batsy watzy|319\/373|[from] recoil|[of] p2a: Shaymin
|faint|p2a: Shaymin
|
|-heal|p1a: batsy watzy|342\/373|[from] item: Black Sludge
|
|switch|p2a: Beedrill|Beedrill-Mega, M|204\/271
|-damage|p2a: Beedrill|137\/271|[from] Stealth Rock
|turn|61
|c| pokeblade101|Reveal zen headbutt
|
|move|p2a: Beedrill|Poison Jab|p1a: batsy watzy
|-resisted|p1a: batsy watzy
|-damage|p1a: batsy watzy|227\/373
|move|p1a: batsy watzy|Brave Bird|p2a: Beedrill
|-supereffective|p2a: Beedrill
|-damage|p2a: Beedrill|0 fnt
|-damage|p1a: batsy watzy|182\/373|[from] recoil|[of] p2a: Beedrill
|faint|p2a: Beedrill
|
|win|pokemonisfun
|raw|Ladder updating...
|raw|pokemonisfun's rating: 1710 &rarr; <strong>1717<\/strong><br \/>(+7 for winning)
|raw|Starlight Raven's rating: 1434 &rarr; <strong>1427<\/strong><br \/>(-7 for losing)
|c| pokeblade101|Gg