|join|pokemonisfun
|join|Cedric Prime
|player|p1|pokemonisfun|184
|player|p2|Cedric Prime|247
|gametype|singles
|gen|6
|tier|UU
|rated
|rule|Sleep Clause Mod: Limit one foe put to sleep
|rule|Species Clause: Limit one of each Pokémon
|rule|OHKO Clause: OHKO moves are banned
|rule|Moody Clause: Moody is banned
|rule|Evasion Moves Clause: Evasion moves are banned
|rule|Endless Battle Clause: Forcing endless battles is banned
|rule|HP Percentage Mod: HP is shown in percentages
|clearpoke
|poke|p1|Blissey, F
|poke|p1|Swampert, M
|poke|p1|Granbull, M
|poke|p1|Alomomola, M
|poke|p1|Crobat, F
|poke|p1|Celebi
|poke|p2|Entei, shiny
|poke|p2|Glalie, F, shiny
|poke|p2|Raikou
|poke|p2|Blissey, F, shiny
|poke|p2|Forretress, M, shiny
|poke|p2|Vaporeon, M, shiny
|rule|Swagger Clause: Swagger is banned
|rule|Baton Pass Clause: Limit one Pokémon knowing Baton Pass
|teampreview
|
|start
|switch|p1a: bubblsy bubbles|Swampert, M|404\/404
|switch|p2a: Glalie|Glalie, F, shiny|301\/301
|turn|1
|
|switch|p1a: swimmy swim|Alomomola, M|471\/471
|detailschange|p2a: Glalie|Glalie-Mega, F, shiny
|-mega|p2a: Glalie|Glalie|Glalitite
|move|p2a: Glalie|Frustration|p1a: swimmy swim
|-resisted|p1a: swimmy swim
|-damage|p1a: swimmy swim|381\/471
|
|-heal|p1a: swimmy swim|410\/471|[from] item: Leftovers
|turn|2
|
|switch|p2a: Raikou|Raikou|321\/321
|-ability|p2a: Raikou|Pressure
|move|p1a: swimmy swim|Scald|p2a: Raikou
|-damage|p2a: Raikou|276\/321
|
|-heal|p1a: swimmy swim|439\/471|[from] item: Leftovers
|turn|3
|
|switch|p1a: onion fairy god|Celebi|401\/401
|move|p2a: Raikou|Volt Switch|p1a: onion fairy god
|-crit|p1a: onion fairy god
|-resisted|p1a: onion fairy god
|-damage|p1a: onion fairy god|288\/401
|-damage|p2a: Raikou|244\/321|[from] item: Life Orb
|
|switch|p2a: Entei|Entei, shiny|371\/371
|-ability|p2a: Entei|Pressure
|
|-heal|p1a: onion fairy god|313\/401|[from] item: Leftovers
|turn|4
|
|switch|p1a: bubblsy bubbles|Swampert, M|404\/404
|move|p2a: Entei|Sacred Fire|p1a: bubblsy bubbles
|-resisted|p1a: bubblsy bubbles
|-damage|p1a: bubblsy bubbles|257\/404
|-status|p1a: bubblsy bubbles|brn
|
|-damage|p1a: bubblsy bubbles|207\/404 brn|[from] brn
|turn|5
|c|★pokemonisfun|hax
|
|switch|p2a: Vaporeon|Vaporeon, M, shiny|464\/464
|detailschange|p1a: bubblsy bubbles|Swampert-Mega, M
|-mega|p1a: bubblsy bubbles|Swampert|Swampertite
|move|p1a: bubblsy bubbles|Rest|p1a: bubblsy bubbles
|-status|p1a: bubblsy bubbles|slp
|-heal|p1a: bubblsy bubbles|404\/404 slp|[silent]
|-status|p1a: bubblsy bubbles|slp|[from] move: Rest
|
|turn|6
|
|move|p2a: Vaporeon|Baton Pass|p2a: Vaporeon
|
|switch|p2a: Glalie|Glalie-Mega, F, shiny|301\/301
|cant|p1a: bubblsy bubbles|slp
|move|p1a: bubblsy bubbles|Sleep Talk|p1a: bubblsy bubbles
|move|p1a: bubblsy bubbles|Scald|p2a: Glalie|[from]Sleep Talk
|-damage|p2a: Glalie|198\/301
|
|turn|7
|
|switch|p1a: swimmy swim|Alomomola, M|471\/471
|move|p2a: Glalie|Frustration|p1a: swimmy swim
|-resisted|p1a: swimmy swim
|-damage|p1a: swimmy swim|377\/471
|
|-heal|p1a: swimmy swim|406\/471|[from] item: Leftovers
|turn|8
|
|switch|p2a: Vaporeon|Vaporeon, M, shiny|464\/464
|move|p1a: swimmy swim|Scald|p2a: Vaporeon
|-immune|p2a: Vaporeon|[msg]
|
|-heal|p1a: swimmy swim|435\/471|[from] item: Leftovers
|turn|9
|
|move|p1a: swimmy swim|Toxic|p2a: Vaporeon
|-status|p2a: Vaporeon|tox
|move|p2a: Vaporeon|Wish|p2a: Vaporeon
|
|-heal|p1a: swimmy swim|464\/471|[from] item: Leftovers
|-damage|p2a: Vaporeon|435\/464 tox|[from] psn
|turn|10
|
|switch|p1a: onion fairy god|Celebi|313\/401
|move|p2a: Vaporeon|Baton Pass|p2a: Vaporeon
|
|switch|p2a: Entei|Entei, shiny|371\/371
|-ability|p2a: Entei|Pressure
|
|-heal|p1a: onion fairy god|338\/401|[from] item: Leftovers
|turn|11
|
|switch|p1a: bubblsy bubbles|Swampert-Mega, M|404\/404 slp
|move|p2a: Entei|Sacred Fire|p1a: bubblsy bubbles
|-crit|p1a: bubblsy bubbles
|-resisted|p1a: bubblsy bubbles
|-damage|p1a: bubblsy bubbles|216\/404 slp
|
|turn|12
|c|★pokemonisfun|hax
|
|switch|p2a: Forretress|Forretress, M, shiny|354\/354
|cant|p1a: bubblsy bubbles|slp
|move|p1a: bubblsy bubbles|Sleep Talk|p1a: bubblsy bubbles
|move|p1a: bubblsy bubbles|Earthquake|p2a: Forretress|[from]Sleep Talk
|-damage|p2a: Forretress|249\/354
|
|turn|13
|
|-curestatus|p1a: bubblsy bubbles|slp
|move|p1a: bubblsy bubbles|Scald|p2a: Forretress
|-damage|p2a: Forretress|126\/354
|move|p2a: Forretress|Stealth Rock|p1a: bubblsy bubbles
|-sidestart|p1: pokemonisfun|move: Stealth Rock
|
|turn|14
|
|switch|p2a: Vaporeon|Vaporeon, M, shiny|435\/464 tox
|move|p1a: bubblsy bubbles|Scald|p2a: Vaporeon
|-heal|p2a: Vaporeon|464\/464 tox|[from] ability: Water Absorb|[of] p1a: bubblsy bubbles
|
|-damage|p2a: Vaporeon|435\/464 tox|[from] psn
|turn|15
|
|move|p2a: Vaporeon|Wish|p2a: Vaporeon
|move|p1a: bubblsy bubbles|Earthquake|p2a: Vaporeon
|-damage|p2a: Vaporeon|273\/464 tox
|
|-heal|p2a: Vaporeon|302\/464 tox|[from] item: Leftovers
|-damage|p2a: Vaporeon|244\/464 tox|[from] psn
|turn|16
|
|switch|p2a: Forretress|Forretress, M, shiny|126\/354
|move|p1a: bubblsy bubbles|Earthquake|p2a: Forretress
|-damage|p2a: Forretress|26\/354
|
|-heal|p2a: Forretress|258\/354|[from] move: Wish|[wisher] Vaporeon
|turn|17
|
|move|p1a: bubblsy bubbles|Earthquake|p2a: Forretress
|-damage|p2a: Forretress|165\/354
|move|p2a: Forretress|Spikes|p1a: bubblsy bubbles
|-sidestart|p1: pokemonisfun|Spikes
|
|turn|18
|
|switch|p1a: batsy watzy|Crobat, F|373\/373
|-damage|p1a: batsy watzy|280\/373|[from] Stealth Rock
|switch|p2a: Blissey|Blissey, F, shiny|651\/651
|
|-heal|p1a: batsy watzy|303\/373|[from] item: Black Sludge
|turn|19
|
|move|p1a: batsy watzy|Defog|p2a: Blissey
|-unboost|p2a: Blissey|evasion|1
|-sideend|p1: pokemonisfun|Spikes|[from] move: Defog|[of] p1a: batsy watzy
|-sideend|p1: pokemonisfun|Stealth Rock|[from] move: Defog|[of] p1a: batsy watzy
|move|p2a: Blissey|Heal Bell|p2a: Blissey
|-cureteam|p2a: Blissey|[from] move: HealBell
|
|-heal|p1a: batsy watzy|326\/373|[from] item: Black Sludge
|turn|20
|join|Dundies
|
|switch|p1a: onion fairy god|Celebi|338\/401
|move|p2a: Blissey|Wish|p2a: Blissey
|
|-heal|p1a: onion fairy god|363\/401|[from] item: Leftovers
|turn|21
|join|gasquakee
|
|switch|p2a: Forretress|Forretress, M, shiny|165\/354
|move|p1a: onion fairy god|Stealth Rock|p2a: Forretress
|-sidestart|p2: Cedric Prime|move: Stealth Rock
|
|-heal|p2a: Forretress|354\/354|[from] move: Wish|[wisher] Blissey
|-heal|p1a: onion fairy god|388\/401|[from] item: Leftovers
|turn|22
|
|switch|p1a: woofy woof woof|Granbull, M|384\/384
|-ability|p1a: woofy woof woof|Intimidate|[of] p2a: Forretress
|-unboost|p2a: Forretress|atk|1
|move|p2a: Forretress|Stealth Rock|p1a: woofy woof woof
|-sidestart|p1: pokemonisfun|move: Stealth Rock
|
|turn|23
|
|switch|p2a: Entei|Entei, shiny|371\/371
|-damage|p2a: Entei|279\/371|[from] Stealth Rock
|-ability|p2a: Entei|Pressure
|move|p1a: woofy woof woof|Overheat|p2a: Entei
|-resisted|p2a: Entei
|-damage|p2a: Entei|240\/371
|-unboost|p1a: woofy woof woof|spa|2
|
|turn|24
|c| gasquakee|pro
|
|switch|p1a: swimmy swim|Alomomola, M|471\/471
|-damage|p1a: swimmy swim|413\/471|[from] Stealth Rock
|move|p2a: Entei|Sacred Fire|p1a: swimmy swim
|-resisted|p1a: swimmy swim
|-damage|p1a: swimmy swim|302\/471
|
|-heal|p1a: swimmy swim|331\/471|[from] item: Leftovers
|turn|25
|leave|Dundies
|
|switch|p2a: Forretress|Forretress, M, shiny|354\/354
|-damage|p2a: Forretress|310\/354|[from] Stealth Rock
|move|p1a: swimmy swim|Wish|p1a: swimmy swim
|
|-heal|p1a: swimmy swim|360\/471|[from] item: Leftovers
|turn|26
|
|switch|p1a: batsy watzy|Crobat, F|326\/373
|-damage|p1a: batsy watzy|233\/373|[from] Stealth Rock
|move|p2a: Forretress|Rapid Spin|p1a: batsy watzy
|-damage|p1a: batsy watzy|217\/373
|-sideend|p2: Cedric Prime|Stealth Rock|[from] move: Rapid Spin|[of] p2a: Forretress
|
|-heal|p1a: batsy watzy|373\/373|[from] move: Wish|[wisher] swimmy swim
|turn|27
|
|move|p1a: batsy watzy|Defog|p2a: Forretress
|-unboost|p2a: Forretress|evasion|1
|-sideend|p1: pokemonisfun|Stealth Rock|[from] move: Defog|[of] p1a: batsy watzy
|move|p2a: Forretress|Volt Switch|p1a: batsy watzy
|-supereffective|p1a: batsy watzy
|-damage|p1a: batsy watzy|289\/373
|
|switch|p2a: Raikou|Raikou|244\/321
|-ability|p2a: Raikou|Pressure
|
|-heal|p1a: batsy watzy|312\/373|[from] item: Black Sludge
|turn|28
|
|switch|p1a: onion fairy god|Celebi|388\/401
|move|p2a: Raikou|Volt Switch|p1a: onion fairy god
|-resisted|p1a: onion fairy god
|-damage|p1a: onion fairy god|314\/401
|-damage|p2a: Raikou|212\/321|[from] item: Life Orb
|
|switch|p2a: Glalie|Glalie-Mega, F, shiny|198\/301
|
|-heal|p1a: onion fairy god|339\/401|[from] item: Leftovers
|turn|29
|
|switch|p1a: swimmy swim|Alomomola, M|471\/471
|move|p2a: Glalie|Frustration|p1a: swimmy swim
|-resisted|p1a: swimmy swim
|-damage|p1a: swimmy swim|375\/471
|
|-heal|p1a: swimmy swim|404\/471|[from] item: Leftovers
|turn|30
|
|switch|p2a: Forretress|Forretress, M, shiny|310\/354
|move|p1a: swimmy swim|Toxic|p2a: Forretress
|-fail|p2a: Forretress
|
|-heal|p1a: swimmy swim|433\/471|[from] item: Leftovers
|turn|31
|
|switch|p1a: batsy watzy|Crobat, F|312\/373
|move|p2a: Forretress|Stealth Rock|p1a: batsy watzy
|-sidestart|p1: pokemonisfun|move: Stealth Rock
|
|-heal|p1a: batsy watzy|335\/373|[from] item: Black Sludge
|turn|32
|
|move|p1a: batsy watzy|Defog|p2a: Forretress
|-unboost|p2a: Forretress|evasion|1
|-sideend|p1: pokemonisfun|Stealth Rock|[from] move: Defog|[of] p1a: batsy watzy
|move|p2a: Forretress|Stealth Rock|p1a: batsy watzy
|-sidestart|p1: pokemonisfun|move: Stealth Rock
|
|-heal|p1a: batsy watzy|358\/373|[from] item: Black Sludge
|turn|33
|
|move|p1a: batsy watzy|Defog|p2a: Forretress
|-unboost|p2a: Forretress|evasion|1
|-sideend|p1: pokemonisfun|Stealth Rock|[from] move: Defog|[of] p1a: batsy watzy
|move|p2a: Forretress|Stealth Rock|p1a: batsy watzy
|-sidestart|p1: pokemonisfun|move: Stealth Rock
|
|-heal|p1a: batsy watzy|373\/373|[from] item: Black Sludge
|turn|34
|
|move|p1a: batsy watzy|Defog|p2a: Forretress
|-unboost|p2a: Forretress|evasion|1
|-sideend|p1: pokemonisfun|Stealth Rock|[from] move: Defog|[of] p1a: batsy watzy
|move|p2a: Forretress|Stealth Rock|p1a: batsy watzy
|-sidestart|p1: pokemonisfun|move: Stealth Rock
|
|turn|35
|
|move|p1a: batsy watzy|Defog|p2a: Forretress
|-unboost|p2a: Forretress|evasion|1
|-sideend|p1: pokemonisfun|Stealth Rock|[from] move: Defog|[of] p1a: batsy watzy
|move|p2a: Forretress|Stealth Rock|p1a: batsy watzy
|-sidestart|p1: pokemonisfun|move: Stealth Rock
|
|turn|36
|
|move|p1a: batsy watzy|Brave Bird|p2a: Forretress
|-damage|p2a: Forretress|231\/354
|-damage|p1a: batsy watzy|311\/373|[from] item: Rocky Helmet|[of] p2a: Forretress
|-damage|p1a: batsy watzy|285\/373|[from] recoil|[of] p2a: Forretress
|move|p2a: Forretress|Stealth Rock|p1a: batsy watzy
|-fail|p1a: batsy watzy
|
|-heal|p1a: batsy watzy|308\/373|[from] item: Black Sludge
|turn|37
|
|move|p1a: batsy watzy|Defog|p2a: Forretress
|-unboost|p2a: Forretress|evasion|1
|-sideend|p1: pokemonisfun|Stealth Rock|[from] move: Defog|[of] p1a: batsy watzy
|move|p2a: Forretress|Stealth Rock|p1a: batsy watzy
|-sidestart|p1: pokemonisfun|move: Stealth Rock
|
|-heal|p1a: batsy watzy|331\/373|[from] item: Black Sludge
|turn|38
|
|move|p1a: batsy watzy|Defog|p2a: Forretress
|-unboost|p2a: Forretress|evasion|1
|-sideend|p1: pokemonisfun|Stealth Rock|[from] move: Defog|[of] p1a: batsy watzy
|move|p2a: Forretress|Volt Switch|p1a: batsy watzy
|-supereffective|p1a: batsy watzy
|-damage|p1a: batsy watzy|245\/373
|
|switch|p2a: Entei|Entei, shiny|240\/371
|-ability|p2a: Entei|Pressure
|
|-heal|p1a: batsy watzy|268\/373|[from] item: Black Sludge
|turn|39
|
|switch|p1a: swimmy swim|Alomomola, M|471\/471
|move|p2a: Entei|Extreme Speed|p1a: swimmy swim
|-damage|p1a: swimmy swim|354\/471
|
|-heal|p1a: swimmy swim|383\/471|[from] item: Leftovers
|turn|40
|leave|Cedric Prime
|player|p2
|leave|gasquakee
|-message|cedricprime lost due to inactivity.
|
|win|pokemonisfun
|raw|Ladder updating...
|raw|pokemonisfun's rating: 1730 &rarr; <strong>1737<\/strong><br \/>(+7 for winning)
|raw|Cedric Prime's rating: 1463 &rarr; <strong>1456<\/strong><br \/>(-7 for losing)