|join|nintendistagamer
|join|A Sprite fan
|player|p1|nintendistagamer|137
|player|p2|A Sprite fan|124
|gametype|singles
|gen|6
|tier|OU
|rated
|clearpoke
|poke|p1|Beedrill, M
|poke|p1|Magneton
|poke|p1|Landorus-Therian, M
|poke|p1|Keldeo-Resolute
|poke|p1|Latios, M
|poke|p1|Hippowdon, M
|poke|p2|Azelf
|poke|p2|Gallade, M
|poke|p2|Bisharp, F
|poke|p2|Manaphy
|poke|p2|Landorus-Therian, M
|poke|p2|Thundurus, M
|rule|Swagger Clause: Swagger is banned
|rule|Baton Pass Clause: Limit one Pokémon knowing Baton Pass
|rule|Sleep Clause Mod: Limit one foe put to sleep
|rule|Species Clause: Limit one of each Pokémon
|rule|OHKO Clause: OHKO moves are banned
|rule|Moody Clause: Moody is banned
|rule|Evasion Moves Clause: Evasion moves are banned
|rule|Endless Battle Clause: Forcing endless battles is banned
|rule|HP Percentage Mod: HP is shown in percentages
|teampreview
|
|start
|switch|p1a: Beedrill|Beedrill, M|271\/271
|switch|p2a: Azelf|Azelf|291\/291
|turn|1
|join|matheus12368
|join|porrige
|c|★nintendistagamer|hey matheus
|
|detailschange|p1a: Beedrill|Beedrill-Mega, M
|-mega|p1a: Beedrill|Beedrill|Beedrillite
|move|p2a: Azelf|Stealth Rock|p1a: Beedrill
|-sidestart|p1: nintendistagamer|move: Stealth Rock
|move|p1a: Beedrill|Poison Jab|p2a: Azelf
|-enditem|p2a: Azelf|Focus Sash
|-damage|p2a: Azelf|1\/291
|
|turn|2
|
|move|p1a: Beedrill|U-turn|p2a: Azelf
|-supereffective|p2a: Azelf
|-damage|p2a: Azelf|0 fnt
|faint|p2a: Azelf
|leave|matheus12368
|
|switch|p1a: Landorus-Therian|Landorus-Therian, M|320\/320
|-damage|p1a: Landorus-Therian|280\/320|[from] Stealth Rock
|
|
|switch|p2a: Manaphy|Manaphy|369\/369
|turn|3
|
|move|p1a: Landorus-Therian|U-turn|p2a: Manaphy
|-damage|p2a: Manaphy|280\/369
|
|switch|p1a: Keldeo-Resolute|Keldeo-Resolute|323\/323
|-damage|p1a: Keldeo-Resolute|303\/323|[from] Stealth Rock
|move|p2a: Manaphy|Ice Beam|p1a: Keldeo-Resolute
|-resisted|p1a: Keldeo-Resolute
|-damage|p1a: Keldeo-Resolute|249\/323
|
|-heal|p2a: Manaphy|303\/369|[from] item: Leftovers
|turn|4
|
|move|p1a: Keldeo-Resolute|Secret Sword|p2a: Manaphy
|-damage|p2a: Manaphy|132\/369
|move|p2a: Manaphy|Scald|p1a: Keldeo-Resolute
|-resisted|p1a: Keldeo-Resolute
|-damage|p1a: Keldeo-Resolute|184\/323
|-status|p1a: Keldeo-Resolute|brn
|
|-heal|p2a: Manaphy|155\/369|[from] item: Leftovers
|-damage|p1a: Keldeo-Resolute|144\/323 brn|[from] brn
|turn|5
|
|switch|p1a: Landorus-Therian|Landorus-Therian, M|280\/320
|-damage|p1a: Landorus-Therian|240\/320|[from] Stealth Rock
|-ability|p1a: Landorus-Therian|Intimidate|[of] p2a: Manaphy
|-unboost|p2a: Manaphy|atk|1
|switch|p2a: MUFASA DIES|Landorus-Therian, M|319\/319
|-ability|p2a: MUFASA DIES|Intimidate|[of] p1a: Landorus-Therian
|-unboost|p1a: Landorus-Therian|atk|1
|
|turn|6
|
|move|p1a: Landorus-Therian|Knock Off|p2a: MUFASA DIES
|-damage|p2a: MUFASA DIES|226\/319
|-enditem|p2a: MUFASA DIES|Choice Scarf|[from] move: Knock Off|[of] p1a: Landorus-Therian
|move|p2a: MUFASA DIES|U-turn|p1a: Landorus-Therian
|-resisted|p1a: Landorus-Therian
|-damage|p1a: Landorus-Therian|190\/320
|
|switch|p2a: Bulk Up|Gallade, M|277\/277
|
|turn|7
|
|switch|p1a: Hippowdon|Hippowdon, M|420\/420
|-damage|p1a: Hippowdon|394\/420|[from] Stealth Rock
|-weather|Sandstorm
|detailschange|p2a: Bulk Up|Gallade-Mega, M
|-mega|p2a: Bulk Up|Gallade|Galladite
|move|p2a: Bulk Up|Swords Dance|p2a: Bulk Up
|-boost|p2a: Bulk Up|atk|2
|
|-weather|Sandstorm|[upkeep]
|-damage|p2a: Bulk Up|260\/277|[from] sandstorm
|-heal|p1a: Hippowdon|420\/420|[from] item: Leftovers
|turn|8
|
|move|p2a: Bulk Up|Ice Punch|p1a: Hippowdon
|-supereffective|p1a: Hippowdon
|-damage|p1a: Hippowdon|154\/420
|-status|p1a: Hippowdon|frz
|cant|p1a: Hippowdon|frz
|
|-weather|Sandstorm|[upkeep]
|-damage|p2a: Bulk Up|243\/277|[from] sandstorm
|-heal|p1a: Hippowdon|180\/420 frz|[from] item: Leftovers
|turn|9
|c|★nintendistagamer|:\/
|
|move|p2a: Bulk Up|Zen Headbutt|p1a: Hippowdon
|-damage|p1a: Hippowdon|0 fnt
|faint|p1a: Hippowdon
|
|-weather|Sandstorm|[upkeep]
|-damage|p2a: Bulk Up|226\/277|[from] sandstorm
|
|switch|p1a: Beedrill|Beedrill-Mega, M|271\/271
|-damage|p1a: Beedrill|204\/271|[from] Stealth Rock
|turn|10
|
|switch|p2a: MUFASA DIES|Landorus-Therian, M|226\/319
|-ability|p2a: MUFASA DIES|Intimidate|[of] p1a: Beedrill
|-unboost|p1a: Beedrill|atk|1
|move|p1a: Beedrill|U-turn|p2a: MUFASA DIES
|-resisted|p2a: MUFASA DIES
|-damage|p2a: MUFASA DIES|157\/319
|
|switch|p1a: Keldeo-Resolute|Keldeo-Resolute|144\/323 brn
|-damage|p1a: Keldeo-Resolute|124\/323 brn|[from] Stealth Rock
|
|-weather|Sandstorm|[upkeep]
|-damage|p1a: Keldeo-Resolute|104\/323 brn|[from] sandstorm
|-damage|p1a: Keldeo-Resolute|64\/323 brn|[from] brn
|turn|11
|
|switch|p2a: Manaphy|Manaphy|155\/369
|move|p1a: Keldeo-Resolute|Scald|p2a: Manaphy
|-resisted|p2a: Manaphy
|-damage|p2a: Manaphy|80\/369
|
|-weather|none
|-heal|p2a: Manaphy|103\/369|[from] item: Leftovers
|-damage|p1a: Keldeo-Resolute|24\/323 brn|[from] brn
|turn|12
|
|move|p1a: Keldeo-Resolute|Scald|p2a: Manaphy
|-resisted|p2a: Manaphy
|-damage|p2a: Manaphy|25\/369
|move|p2a: Manaphy|Scald|p1a: Keldeo-Resolute
|-resisted|p1a: Keldeo-Resolute
|-damage|p1a: Keldeo-Resolute|0 fnt
|faint|p1a: Keldeo-Resolute
|
|-heal|p2a: Manaphy|48\/369|[from] item: Leftovers
|
|switch|p1a: Landorus-Therian|Landorus-Therian, M|190\/320
|-damage|p1a: Landorus-Therian|150\/320|[from] Stealth Rock
|-ability|p1a: Landorus-Therian|Intimidate|[of] p2a: Manaphy
|-unboost|p2a: Manaphy|atk|1
|turn|13
|
|move|p1a: Landorus-Therian|U-turn|p2a: Manaphy
|-damage|p2a: Manaphy|0 fnt
|faint|p2a: Manaphy
|
|switch|p1a: Magneton|Magneton|241\/241
|-damage|p1a: Magneton|226\/241|[from] Stealth Rock
|
|
|switch|p2a: Bulk Up|Gallade-Mega, M|226\/277
|turn|14
|
|move|p1a: Magneton|Volt Switch|p2a: Bulk Up
|-damage|p2a: Bulk Up|126\/277
|
|switch|p1a: Landorus-Therian|Landorus-Therian, M|150\/320
|-damage|p1a: Landorus-Therian|110\/320|[from] Stealth Rock
|-ability|p1a: Landorus-Therian|Intimidate|[of] p2a: Bulk Up
|-unboost|p2a: Bulk Up|atk|1
|move|p2a: Bulk Up|Zen Headbutt|p1a: Landorus-Therian|[miss]
|-miss|p2a: Bulk Up|p1a: Landorus-Therian
|
|turn|15
|
|switch|p2a: MUFASA DIES|Landorus-Therian, M|157\/319
|-ability|p2a: MUFASA DIES|Intimidate|[of] p1a: Landorus-Therian
|-unboost|p1a: Landorus-Therian|atk|1
|move|p1a: Landorus-Therian|U-turn|p2a: MUFASA DIES
|-resisted|p2a: MUFASA DIES
|-damage|p2a: MUFASA DIES|126\/319
|
|switch|p1a: Latios|Latios, M|301\/301
|-damage|p1a: Latios|264\/301|[from] Stealth Rock
|
|turn|16
|
|move|p1a: Latios|Psyshock|p2a: MUFASA DIES
|-damage|p2a: MUFASA DIES|0 fnt
|-damage|p1a: Latios|234\/301|[from] item: Life Orb
|faint|p2a: MUFASA DIES
|
|
|switch|p2a: 2HKOed by Latios|Bisharp, F|279\/279
|turn|17
|
|move|p2a: 2HKOed by Latios|Sucker Punch|p1a: Latios
|-supereffective|p1a: Latios
|-damage|p1a: Latios|0 fnt
|faint|p1a: Latios
|
|
|switch|p1a: Magneton|Magneton|226\/241
|-damage|p1a: Magneton|211\/241|[from] Stealth Rock
|turn|18
|
|move|p1a: Magneton|Thunderbolt|p2a: 2HKOed by Latios
|-crit|p2a: 2HKOed by Latios
|-damage|p2a: 2HKOed by Latios|78\/279
|move|p2a: 2HKOed by Latios|Knock Off|p1a: Magneton
|-damage|p1a: Magneton|31\/241
|-enditem|p1a: Magneton|Choice Scarf|[from] move: Knock Off|[of] p2a: 2HKOed by Latios
|
|turn|19
|
|move|p2a: 2HKOed by Latios|Sucker Punch|p1a: Magneton
|-damage|p1a: Magneton|0 fnt
|faint|p1a: Magneton
|
|
|switch|p1a: Beedrill|Beedrill-Mega, M|204\/271
|-damage|p1a: Beedrill|137\/271|[from] Stealth Rock
|turn|20
|
|move|p1a: Beedrill|Protect|p1a: Beedrill
|-singleturn|p1a: Beedrill|Protect
|move|p2a: 2HKOed by Latios|Sucker Punch|p1a: Beedrill
|-fail|p1a: Beedrill
|
|turn|21
|
|move|p1a: Beedrill|Protect|p1a: Beedrill
|-fail|p1a: Beedrill
|move|p2a: 2HKOed by Latios|Knock Off|p1a: Beedrill
|-damage|p1a: Beedrill|0 fnt
|faint|p1a: Beedrill
|
|c|★A Sprite fan|gg
|c|★nintendistagamer|gg
|-message|nintendistagamer forfeited.
|leave|nintendistagamer
|
|win|A Sprite fan
|raw|Ladder updating...
|player|p1
|raw|nintendistagamer's rating: 1696 &rarr; <strong>1673<\/strong><br \/>(-23 for losing)
|raw|A Sprite fan's rating: 1650 &rarr; <strong>1672<\/strong><br \/>(+22 for winning)