|join|Drina Auguste
|join|Sablenite
|player|p1|Drina Auguste|98
|player|p2|Sablenite|5
|gametype|singles
|gen|6
|tier|OU
|rated
|clearpoke
|poke|p1|Diancie
|poke|p1|Bisharp, F
|poke|p1|Keldeo-Resolute
|poke|p1|Magnezone
|poke|p1|Latias, F
|poke|p1|Landorus-Therian, M
|poke|p2|Sableye, M
|poke|p2|Excadrill, F
|poke|p2|Manaphy
|poke|p2|Gliscor, M
|poke|p2|Talonflame, M
|poke|p2|Clefable, M
|rule|Swagger Clause: Swagger is banned
|rule|Baton Pass Clause: Limit one Pokémon knowing Baton Pass
|rule|Sleep Clause Mod: Limit one foe put to sleep
|rule|Species Clause: Limit one of each Pokémon
|rule|OHKO Clause: OHKO moves are banned
|rule|Moody Clause: Moody is banned
|rule|Evasion Moves Clause: Evasion moves are banned
|rule|Endless Battle Clause: Forcing endless battles is banned
|rule|HP Percentage Mod: HP is shown in percentages
|teampreview
|
|start
|switch|p1a: Diancie|Diancie|241\/241
|switch|p2a: Excadrill|Excadrill, F|424\/424
|-ability|p2a: Excadrill|Mold Breaker
|turn|1
|
|switch|p1a: Landorus-Therian|Landorus-Therian, M|381\/381
|-ability|p1a: Landorus-Therian|Intimidate|[of] p2a: Excadrill
|-unboost|p2a: Excadrill|atk|1
|switch|p2a: Sableye|Sableye, M|303\/303
|
|turn|2
|
|detailschange|p2a: Sableye|Sableye-Mega, M
|message|Sableye has Mega Evolved into Mega Sableye!
|move|p2a: Sableye|Will-O-Wisp|p1a: Landorus-Therian
|-status|p1a: Landorus-Therian|brn
|move|p1a: Landorus-Therian|U-turn|p2a: Sableye
|-damage|p2a: Sableye|269\/303
|
|switch|p1a: Diancie|Diancie|241\/241
|
|turn|3
|
|switch|p2a: Excadrill|Excadrill, F|424\/424
|-ability|p2a: Excadrill|Mold Breaker
|detailschange|p1a: Diancie|Diancie-Mega
|message|Diancie has Mega Evolved into Mega Diancie!
|move|p1a: Diancie|Moonblast|p2a: Excadrill
|-resisted|p2a: Excadrill
|-damage|p2a: Excadrill|328\/424
|-unboost|p2a: Excadrill|spa|1
|
|-heal|p2a: Excadrill|354\/424|[from] item: Leftovers
|turn|4
|
|switch|p1a: Keldeo-Resolute|Keldeo-Resolute|323\/323
|move|p2a: Excadrill|Iron Head|p1a: Keldeo-Resolute
|-resisted|p1a: Keldeo-Resolute
|-damage|p1a: Keldeo-Resolute|258\/323
|
|-heal|p1a: Keldeo-Resolute|278\/323|[from] item: Leftovers
|-heal|p2a: Excadrill|380\/424|[from] item: Leftovers
|turn|5
|
|switch|p1a: Latias|Latias, F|301\/301
|switch|p2a: Manaphy|Manaphy|401\/401
|
|turn|6
|
|move|p1a: Latias|Trick|p2a: Manaphy
|-activate|p1a: Latias|move: Trick|[of] p2a: Manaphy
|-item|p2a: Manaphy|Choice Scarf|[from] move: Trick
|-item|p1a: Latias|Leftovers|[from] move: Trick
|move|p2a: Manaphy|U-turn|p1a: Latias
|-supereffective|p1a: Latias
|-damage|p1a: Latias|189\/301
|
|switch|p2a: Gliscor|Gliscor, M|353\/353
|
|-heal|p1a: Latias|207\/301|[from] item: Leftovers
|-status|p2a: Gliscor|tox|[from] item: Toxic Orb
|turn|7
|
|switch|p1a: Landorus-Therian|Landorus-Therian, M|381\/381 brn
|-ability|p1a: Landorus-Therian|Intimidate|[of] p2a: Gliscor
|-unboost|p2a: Gliscor|atk|1
|switch|p2a: Excadrill|Excadrill, F|380\/424
|-ability|p2a: Excadrill|Mold Breaker
|
|-heal|p2a: Excadrill|406\/424|[from] item: Leftovers
|-damage|p1a: Landorus-Therian|334\/381 brn|[from] brn
|turn|8
|
|move|p1a: Landorus-Therian|U-turn|p2a: Excadrill
|-resisted|p2a: Excadrill
|-damage|p2a: Excadrill|376\/424
|
|switch|p1a: Keldeo-Resolute|Keldeo-Resolute|278\/323
|move|p2a: Excadrill|Earthquake|p1a: Keldeo-Resolute
|-damage|p1a: Keldeo-Resolute|124\/323
|
|-heal|p1a: Keldeo-Resolute|144\/323|[from] item: Leftovers
|-heal|p2a: Excadrill|402\/424|[from] item: Leftovers
|turn|9
|
|switch|p2a: Manaphy|Manaphy|401\/401
|move|p1a: Keldeo-Resolute|Substitute|p1a: Keldeo-Resolute
|-start|p1a: Keldeo-Resolute|Substitute
|-damage|p1a: Keldeo-Resolute|64\/323
|
|-heal|p1a: Keldeo-Resolute|84\/323|[from] item: Leftovers
|turn|10
|
|move|p2a: Manaphy|U-turn|p1a: Keldeo-Resolute
|-resisted|p1a: Keldeo-Resolute
|-activate|p1a: Keldeo-Resolute|Substitute|[damage]
|
|switch|p2a: Clefable|Clefable, M|393\/393
|move|p1a: Keldeo-Resolute|Calm Mind|p1a: Keldeo-Resolute
|-boost|p1a: Keldeo-Resolute|spa|1
|-boost|p1a: Keldeo-Resolute|spd|1
|
|-heal|p1a: Keldeo-Resolute|104\/323|[from] item: Leftovers
|turn|11
|
|move|p1a: Keldeo-Resolute|Scald|p2a: Clefable
|-damage|p2a: Clefable|224\/393
|move|p2a: Clefable|Moonblast|p1a: Keldeo-Resolute
|-supereffective|p1a: Keldeo-Resolute
|-end|p1a: Keldeo-Resolute|Substitute
|
|-heal|p1a: Keldeo-Resolute|124\/323|[from] item: Leftovers
|-heal|p2a: Clefable|248\/393|[from] item: Leftovers
|turn|12
|
|switch|p1a: Bisharp|Bisharp, F|271\/271
|move|p2a: Clefable|Moonlight|p2a: Clefable
|-heal|p2a: Clefable|393\/393
|
|turn|13
|
|switch|p1a: Diancie|Diancie-Mega|241\/241
|switch|p2a: Gliscor|Gliscor, M|353\/353 tox
|
|turn|14
|
|switch|p2a: Excadrill|Excadrill, F|402\/424
|-ability|p2a: Excadrill|Mold Breaker
|move|p1a: Diancie|Moonblast|p2a: Excadrill
|-resisted|p2a: Excadrill
|-damage|p2a: Excadrill|312\/424
|-unboost|p2a: Excadrill|spa|1
|
|-heal|p2a: Excadrill|338\/424|[from] item: Leftovers
|turn|15
|
|move|p1a: Diancie|Earth Power|p2a: Excadrill
|-supereffective|p2a: Excadrill
|-damage|p2a: Excadrill|102\/424
|move|p2a: Excadrill|Earthquake|p1a: Diancie
|-supereffective|p1a: Diancie
|-damage|p1a: Diancie|0 fnt
|faint|p1a: Diancie
|
|-heal|p2a: Excadrill|128\/424|[from] item: Leftovers
|-message|Drina Auguste forfeited.
|
|win|Sablenite
|raw|Ladder updating...
|leave|Drina Auguste
|player|p1
|raw|Drina Auguste's rating: 1682 &rarr; <strong>1667<\/strong><br \/>(-15 for losing)
|raw|Sablenite's rating: 1778 &rarr; <strong>1792<\/strong><br \/>(+14 for winning)