|join|Caelium
|join|wertzu
|player|p1|Caelium|23
|player|p2|wertzu|7
|gametype|singles
|gen|6
|tier|OU
|rated
|clearpoke
|poke|p1|Amoonguss, M
|poke|p1|Alomomola, F
|poke|p1|Landorus-Therian, M
|poke|p1|Claydol
|poke|p1|Magnezone, shiny
|poke|p1|Chansey, F
|poke|p2|Swampert, F, shiny
|poke|p2|Politoed, F, shiny
|poke|p2|Ferrothorn, M
|poke|p2|Kabutops, M
|poke|p2|Tornadus-Therian, M, shiny
|poke|p2|Ludicolo, M
|rule|Swagger Clause: Swagger is banned
|rule|Baton Pass Clause: Limit one Pokémon knowing Baton Pass
|rule|Sleep Clause Mod: Limit one foe put to sleep
|rule|Species Clause: Limit one of each Pokémon
|rule|OHKO Clause: OHKO moves are banned
|rule|Moody Clause: Moody is banned
|rule|Evasion Moves Clause: Evasion moves are banned
|rule|Endless Battle Clause: Forcing endless battles is banned
|rule|HP Percentage Mod: HP is shown in percentages
|teampreview
|c|★wertzu|dat  regencore
|
|start
|switch|p1a: Magnezone|Magnezone, shiny|344\/344
|switch|p2a: HURRICANE|Tornadus-Therian, M, shiny|332\/332
|turn|1
|
|move|p2a: HURRICANE|U-turn|p1a: Magnezone
|-resisted|p1a: Magnezone
|-damage|p1a: Magnezone|322\/344
|
|switch|p2a: She-Hulk|Swampert, F, shiny|361\/361
|move|p1a: Magnezone|Volt Switch|p2a: She-Hulk
|-immune|p2a: She-Hulk|[msg]
|
|turn|2
|
|switch|p1a: Amoonguss|Amoonguss, M|428\/428
|detailschange|p2a: She-Hulk|Swampert-Mega, F, shiny
|message|Swampert has Mega Evolved into Mega Swampert!
|move|p2a: She-Hulk|Earthquake|p1a: Amoonguss
|-damage|p1a: Amoonguss|205\/428
|
|-heal|p1a: Amoonguss|231\/428|[from] item: Black Sludge
|turn|3
|
|switch|p2a: 3 arms|Ferrothorn, M|351\/351
|move|p1a: Amoonguss|Spore|p2a: 3 arms
|-fail|p2a: 3 arms
|
|-heal|p1a: Amoonguss|257\/428|[from] item: Black Sludge
|turn|4
|
|switch|p1a: Magnezone|Magnezone, shiny|322\/344
|move|p2a: 3 arms|Stealth Rock|p1a: Magnezone
|-sidestart|p1: Caelium|move: Stealth Rock
|
|turn|5
|
|move|p1a: Magnezone|Hidden Power|p2a: 3 arms
|-supereffective|p2a: 3 arms
|-damage|p2a: 3 arms|0 fnt
|faint|p2a: 3 arms
|
|
|switch|p2a: HURRICANE|Tornadus-Therian, M, shiny|332\/332
|turn|6
|
|switch|p1a: Claydol|Claydol|324\/324
|-damage|p1a: Claydol|304\/324|[from] Stealth Rock
|move|p2a: HURRICANE|Knock Off|p1a: Claydol
|-supereffective|p1a: Claydol
|-damage|p1a: Claydol|164\/324
|-enditem|p1a: Claydol|Leftovers|[from] move: Knock Off|[of] p2a: HURRICANE
|
|turn|7
|
|move|p2a: HURRICANE|U-turn|p1a: Claydol
|-supereffective|p1a: Claydol
|-damage|p1a: Claydol|74\/324
|
|switch|p2a: Frog Princess|Politoed, F, shiny|383\/383
|-weather|RainDance
|move|p1a: Claydol|Rapid Spin|p2a: Frog Princess
|-damage|p2a: Frog Princess|368\/383
|-sideend|p1: Caelium|Stealth Rock|[from] move: Rapid Spin|[of] p1a: Claydol
|
|-weather|RainDance|[upkeep]
|turn|8
|
|switch|p1a: Magnezone|Magnezone, shiny|322\/344
|move|p2a: Frog Princess|Scald|p1a: Magnezone
|-damage|p1a: Magnezone|175\/344
|
|-weather|RainDance|[upkeep]
|turn|9
|
|switch|p2a: She-Hulk|Swampert-Mega, F, shiny|361\/361
|switch|p1a: Amoonguss|Amoonguss, M|399\/428
|
|-weather|RainDance|[upkeep]
|-heal|p1a: Amoonguss|425\/428|[from] item: Black Sludge
|turn|10
|
|switch|p2a: CARLITO|Ludicolo, M|321\/321
|move|p1a: Amoonguss|Giga Drain|p2a: CARLITO
|-damage|p2a: CARLITO|246\/321
|-heal|p1a: Amoonguss|428\/428|[from] drain|[of] p2a: CARLITO
|
|-weather|RainDance|[upkeep]
|turn|11
|
|switch|p1a: Chansey|Chansey, F|704\/704
|move|p2a: CARLITO|Ice Beam|p1a: Chansey
|-damage|p1a: Chansey|634\/704
|-damage|p2a: CARLITO|214\/321|[from] item: Life Orb
|
|-weather|RainDance|[upkeep]
|turn|12
|
|switch|p2a: She-Hulk|Swampert-Mega, F, shiny|361\/361
|move|p1a: Chansey|Stealth Rock|p2a: She-Hulk
|-sidestart|p2: wertzu|move: Stealth Rock
|
|-weather|RainDance|[upkeep]
|turn|13
|
|switch|p1a: Amoonguss|Amoonguss, M|428\/428
|move|p2a: She-Hulk|Waterfall|p1a: Amoonguss
|-resisted|p1a: Amoonguss
|-damage|p1a: Amoonguss|284\/428
|
|-weather|RainDance|[upkeep]
|-heal|p1a: Amoonguss|310\/428|[from] item: Black Sludge
|turn|14
|
|move|p2a: She-Hulk|Earthquake|p1a: Amoonguss
|-crit|p1a: Amoonguss
|-damage|p1a: Amoonguss|0 fnt
|faint|p1a: Amoonguss
|
|-weather|none
|
|switch|p1a: Alomomola|Alomomola, F|534\/534
|turn|15
|c|★Caelium|WTF
|c|★Caelium|Crit
|c|★Caelium|STAHP
|c|★Caelium|PLZ
|c|★wertzu|~
|
|switch|p2a: HURRICANE|Tornadus-Therian, M, shiny|332\/332
|-damage|p2a: HURRICANE|249\/332|[from] Stealth Rock
|move|p1a: Alomomola|Toxic|p2a: HURRICANE|[miss]
|-miss|p1a: Alomomola|p2a: HURRICANE
|
|turn|16
|c|★wertzu|lmao
|c|★Caelium|srsly
|
|switch|p1a: Chansey|Chansey, F|634\/704
|move|p2a: HURRICANE|Hurricane|p1a: Chansey
|-damage|p1a: Chansey|529\/704
|-start|p1a: Chansey|confusion
|
|turn|17
|c|★wertzu|yeah
|c|★wertzu|lol
|
|move|p2a: HURRICANE|Knock Off|p1a: Chansey
|-damage|p1a: Chansey|444\/704
|-enditem|p1a: Chansey|Eviolite|[from] move: Knock Off|[of] p2a: HURRICANE
|-activate|p1a: Chansey|confusion
|move|p1a: Chansey|Soft-Boiled|p1a: Chansey
|-heal|p1a: Chansey|704\/704
|
|turn|18
|c|★Caelium|this is bs
|c|★Caelium|srsly
|
|move|p2a: HURRICANE|U-turn|p1a: Chansey
|-damage|p1a: Chansey|605\/704
|
|switch|p2a: Fossilfighter|Kabutops, M|261\/261
|-damage|p2a: Fossilfighter|229\/261|[from] Stealth Rock
|-end|p1a: Chansey|confusion
|move|p1a: Chansey|Seismic Toss|p2a: Fossilfighter
|-damage|p2a: Fossilfighter|129\/261
|
|turn|19
|
|switch|p1a: Alomomola|Alomomola, F|534\/534
|move|p2a: Fossilfighter|Rapid Spin|p1a: Alomomola
|-damage|p1a: Alomomola|505\/534
|-damage|p2a: Fossilfighter|86\/261|[from] item: Rocky Helmet|[of] p1a: Alomomola
|-sideend|p2: wertzu|Stealth Rock|[from] move: Rapid Spin|[of] p2a: Fossilfighter
|
|turn|20
|
|switch|p2a: CARLITO|Ludicolo, M|214\/321
|move|p1a: Alomomola|Toxic|p2a: CARLITO|[miss]
|-miss|p1a: Alomomola|p2a: CARLITO
|
|turn|21
|c|★wertzu|xd
|c|★Caelium|WTF
|c|★Caelium|this game
|c|★wertzu|i i i i i i like it
|
|switch|p2a: She-Hulk|Swampert-Mega, F, shiny|361\/361
|move|p1a: Alomomola|Toxic|p2a: She-Hulk
|-status|p2a: She-Hulk|tox
|
|-damage|p2a: She-Hulk|339\/361 tox|[from] psn
|turn|22
|c|★Caelium|Im so sad right now
|c|★wertzu|poor
|
|move|p1a: Alomomola|Protect|p1a: Alomomola
|-singleturn|p1a: Alomomola|Protect
|move|p2a: She-Hulk|Earthquake|p1a: Alomomola
|-activate|p1a: Alomomola|Protect
|
|-damage|p2a: She-Hulk|295\/361 tox|[from] psn
|turn|23
|
|switch|p2a: CARLITO|Ludicolo, M|214\/321
|switch|p1a: Claydol|Claydol|74\/324
|
|turn|24
|
|switch|p1a: Chansey|Chansey, F|605\/704
|move|p2a: CARLITO|Giga Drain|p1a: Chansey
|-damage|p1a: Chansey|475\/704
|-heal|p2a: CARLITO|279\/321|[from] drain|[of] p1a: Chansey
|-damage|p2a: CARLITO|247\/321|[from] item: Life Orb
|
|turn|25
|
|switch|p2a: Fossilfighter|Kabutops, M|86\/261
|move|p1a: Chansey|Stealth Rock|p2a: Fossilfighter
|-sidestart|p2: wertzu|move: Stealth Rock
|
|turn|26
|
|move|p2a: Fossilfighter|Stone Edge|p1a: Chansey|[miss]
|-miss|p2a: Fossilfighter|p1a: Chansey
|move|p1a: Chansey|Seismic Toss|p2a: Fossilfighter
|-damage|p2a: Fossilfighter|0 fnt
|faint|p2a: Fossilfighter
|
|c|★wertzu|._.
|c|★Caelium|finally
|
|switch|p2a: She-Hulk|Swampert-Mega, F, shiny|295\/361 tox
|-damage|p2a: She-Hulk|273\/361 tox|[from] Stealth Rock
|turn|27
|c|★Caelium|something in my favor
|c|★wertzu|pff fuck haxor
|
|switch|p1a: Alomomola|Alomomola, F|534\/534
|move|p2a: She-Hulk|Waterfall|p1a: Alomomola
|-resisted|p1a: Alomomola
|-damage|p1a: Alomomola|467\/534
|-damage|p2a: She-Hulk|213\/361 tox|[from] item: Rocky Helmet|[of] p1a: Alomomola
|
|-damage|p2a: She-Hulk|191\/361 tox|[from] psn
|turn|28
|
|switch|p2a: CARLITO|Ludicolo, M|247\/321
|-damage|p2a: CARLITO|207\/321|[from] Stealth Rock
|move|p1a: Alomomola|Protect|p1a: Alomomola
|-fail|p1a: Alomomola
|
|turn|29
|
|switch|p1a: Chansey|Chansey, F|475\/704
|move|p2a: CARLITO|Giga Drain|p1a: Chansey
|-damage|p1a: Chansey|350\/704
|-heal|p2a: CARLITO|270\/321|[from] drain|[of] p1a: Chansey
|-damage|p2a: CARLITO|238\/321|[from] item: Life Orb
|
|turn|30
|
|switch|p2a: Frog Princess|Politoed, F, shiny|368\/383
|-damage|p2a: Frog Princess|321\/383|[from] Stealth Rock
|-weather|RainDance
|move|p1a: Chansey|Soft-Boiled|p1a: Chansey
|-heal|p1a: Chansey|702\/704
|
|-weather|RainDance|[upkeep]
|turn|31
|
|move|p2a: Frog Princess|Encore|p1a: Chansey
|-start|p1a: Chansey|Encore
|move|p1a: Chansey|Soft-Boiled|p1a: Chansey
|-heal|p1a: Chansey|704\/704
|
|-weather|RainDance|[upkeep]
|turn|32
|
|switch|p1a: Landorus-Therian|Landorus-Therian, M|320\/320
|-ability|p1a: Landorus-Therian|Intimidate|[of] p2a: Frog Princess
|-unboost|p2a: Frog Princess|atk|1
|move|p2a: Frog Princess|Scald|p1a: Landorus-Therian
|-supereffective|p1a: Landorus-Therian
|-damage|p1a: Landorus-Therian|26\/320
|
|-weather|RainDance|[upkeep]
|turn|33
|
|switch|p2a: HURRICANE|Tornadus-Therian, M, shiny|332\/332
|-damage|p2a: HURRICANE|249\/332|[from] Stealth Rock
|move|p1a: Landorus-Therian|U-turn|p2a: HURRICANE
|-resisted|p2a: HURRICANE
|-damage|p2a: HURRICANE|196\/332
|
|switch|p1a: Magnezone|Magnezone, shiny|175\/344
|
|-weather|RainDance|[upkeep]
|turn|34
|
|switch|p1a: Alomomola|Alomomola, F|534\/534
|move|p2a: HURRICANE|Focus Blast|p1a: Alomomola
|-damage|p1a: Alomomola|306\/534
|
|-weather|RainDance|[upkeep]
|turn|35
|
|move|p2a: HURRICANE|Hurricane|p1a: Alomomola
|-damage|p1a: Alomomola|0 fnt
|faint|p1a: Alomomola
|
|-weather|RainDance|[upkeep]
|
|switch|p1a: Chansey|Chansey, F|704\/704
|turn|36
|
|move|p2a: HURRICANE|U-turn|p1a: Chansey
|-crit|p1a: Chansey
|-damage|p1a: Chansey|555\/704
|
|switch|p2a: Frog Princess|Politoed, F, shiny|321\/383
|-damage|p2a: Frog Princess|274\/383|[from] Stealth Rock
|move|p1a: Chansey|Seismic Toss|p2a: Frog Princess
|-damage|p2a: Frog Princess|174\/383
|
|-weather|RainDance|[upkeep]
|turn|37
|
|move|p2a: Frog Princess|Encore|p1a: Chansey
|-start|p1a: Chansey|Encore
|move|p1a: Chansey|Seismic Toss|p2a: Frog Princess
|-damage|p2a: Frog Princess|74\/383
|
|-weather|none
|turn|38
|
|move|p2a: Frog Princess|Rest|p2a: Frog Princess
|-status|p2a: Frog Princess|slp
|-heal|p2a: Frog Princess|383\/383 slp|[silent]
|-status|p2a: Frog Princess|slp|[from] move: Rest
|move|p1a: Chansey|Seismic Toss|p2a: Frog Princess
|-damage|p2a: Frog Princess|283\/383 slp
|
|turn|39
|
|switch|p2a: HURRICANE|Tornadus-Therian, M, shiny|306\/332
|-damage|p2a: HURRICANE|223\/332|[from] Stealth Rock
|move|p1a: Chansey|Seismic Toss|p2a: HURRICANE
|-damage|p2a: HURRICANE|123\/332
|
|-end|p1a: Chansey|Encore
|turn|40
|
|move|p2a: HURRICANE|Focus Blast|p1a: Chansey
|-supereffective|p1a: Chansey
|-damage|p1a: Chansey|327\/704
|move|p1a: Chansey|Seismic Toss|p2a: HURRICANE
|-damage|p2a: HURRICANE|23\/332
|
|turn|41
|
|move|p2a: HURRICANE|U-turn|p1a: Chansey
|-damage|p1a: Chansey|229\/704
|
|switch|p2a: She-Hulk|Swampert-Mega, F, shiny|191\/361 tox
|-damage|p2a: She-Hulk|169\/361 tox|[from] Stealth Rock
|move|p1a: Chansey|Soft-Boiled|p1a: Chansey
|-heal|p1a: Chansey|581\/704
|
|-damage|p2a: She-Hulk|147\/361 tox|[from] psn
|turn|42
|
|switch|p1a: Claydol|Claydol|74\/324
|move|p2a: She-Hulk|Superpower|p1a: Claydol
|-resisted|p1a: Claydol
|-damage|p1a: Claydol|0 fnt
|-unboost|p2a: She-Hulk|atk|1
|-unboost|p2a: She-Hulk|def|1
|faint|p1a: Claydol
|
|-damage|p2a: She-Hulk|103\/361 tox|[from] psn
|
|switch|p1a: Landorus-Therian|Landorus-Therian, M|26\/320
|-ability|p1a: Landorus-Therian|Intimidate|[of] p2a: She-Hulk
|-unboost|p2a: She-Hulk|atk|1
|turn|43
|
|switch|p2a: Frog Princess|Politoed, F, shiny|283\/383 slp
|-damage|p2a: Frog Princess|236\/383 slp|[from] Stealth Rock
|-weather|RainDance
|move|p1a: Landorus-Therian|U-turn|p2a: Frog Princess
|-damage|p2a: Frog Princess|112\/383 slp
|
|switch|p1a: Chansey|Chansey, F|581\/704
|
|-weather|RainDance|[upkeep]
|turn|44
|
|cant|p2a: Frog Princess|slp
|move|p1a: Chansey|Seismic Toss|p2a: Frog Princess
|-damage|p2a: Frog Princess|12\/383 slp
|
|-weather|RainDance|[upkeep]
|turn|45
|
|cant|p2a: Frog Princess|slp
|move|p1a: Chansey|Seismic Toss|p2a: Frog Princess
|-damage|p2a: Frog Princess|0 fnt
|faint|p2a: Frog Princess
|
|-weather|RainDance|[upkeep]
|
|switch|p2a: She-Hulk|Swampert-Mega, F, shiny|103\/361 tox
|-damage|p2a: She-Hulk|81\/361 tox|[from] Stealth Rock
|turn|46
|
|switch|p1a: Magnezone|Magnezone, shiny|175\/344
|move|p2a: She-Hulk|Waterfall|p1a: Magnezone
|-damage|p1a: Magnezone|0 fnt
|faint|p1a: Magnezone
|
|-weather|RainDance|[upkeep]
|-damage|p2a: She-Hulk|59\/361 tox|[from] psn
|
|switch|p1a: Landorus-Therian|Landorus-Therian, M|26\/320
|-ability|p1a: Landorus-Therian|Intimidate|[of] p2a: She-Hulk
|-unboost|p2a: She-Hulk|atk|1
|turn|47
|
|move|p2a: She-Hulk|Waterfall|p1a: Landorus-Therian
|-supereffective|p1a: Landorus-Therian
|-damage|p1a: Landorus-Therian|0 fnt
|faint|p1a: Landorus-Therian
|
|-weather|RainDance|[upkeep]
|-damage|p2a: She-Hulk|15\/361 tox|[from] psn
|
|switch|p1a: Chansey|Chansey, F|581\/704
|turn|48
|
|move|p2a: She-Hulk|Superpower|p1a: Chansey
|-supereffective|p1a: Chansey
|-damage|p1a: Chansey|137\/704
|-unboost|p2a: She-Hulk|atk|1
|-unboost|p2a: She-Hulk|def|1
|move|p1a: Chansey|Soft-Boiled|p1a: Chansey
|-heal|p1a: Chansey|489\/704
|
|-weather|RainDance|[upkeep]
|-damage|p2a: She-Hulk|0 fnt|[from] psn
|faint|p2a: She-Hulk
|c|★wertzu|crit imo
|c|★Caelium|srsly
|
|switch|p2a: CARLITO|Ludicolo, M|238\/321
|-damage|p2a: CARLITO|198\/321|[from] Stealth Rock
|turn|49
|c|★Caelium|that fucking crit
|c|★wertzu|up ~that stone miss fucked me
|c|★Caelium|well that
|c|★Caelium|was good for me
|c|★Caelium|LOL
|c|★Caelium|but that toxic
|c|★Caelium|fucking
|c|★Caelium|srsly
|
|move|p2a: CARLITO|Giga Drain|p1a: Chansey
|-crit|p1a: Chansey
|-damage|p1a: Chansey|294\/704
|-heal|p2a: CARLITO|296\/321|[from] drain|[of] p1a: Chansey
|-damage|p2a: CARLITO|264\/321|[from] item: Life Orb
|move|p1a: Chansey|Seismic Toss|p2a: CARLITO
|-damage|p2a: CARLITO|164\/321
|
|-weather|RainDance|[upkeep]
|turn|50
|c|★wertzu|~
|
|move|p2a: CARLITO|Giga Drain|p1a: Chansey
|-damage|p1a: Chansey|164\/704
|-heal|p2a: CARLITO|229\/321|[from] drain|[of] p1a: Chansey
|-damage|p2a: CARLITO|197\/321|[from] item: Life Orb
|move|p1a: Chansey|Soft-Boiled|p1a: Chansey
|-heal|p1a: Chansey|516\/704
|
|-weather|none
|turn|51
|
|move|p2a: CARLITO|Giga Drain|p1a: Chansey
|-damage|p1a: Chansey|391\/704
|-heal|p2a: CARLITO|260\/321|[from] drain|[of] p1a: Chansey
|-damage|p2a: CARLITO|228\/321|[from] item: Life Orb
|move|p1a: Chansey|Soft-Boiled|p1a: Chansey
|-heal|p1a: Chansey|704\/704
|
|turn|52
|
|move|p2a: CARLITO|Giga Drain|p1a: Chansey
|-damage|p1a: Chansey|575\/704
|-heal|p2a: CARLITO|293\/321|[from] drain|[of] p1a: Chansey
|-damage|p2a: CARLITO|261\/321|[from] item: Life Orb
|move|p1a: Chansey|Seismic Toss|p2a: CARLITO
|-damage|p2a: CARLITO|161\/321
|
|turn|53
|
|move|p2a: CARLITO|Giga Drain|p1a: Chansey
|-damage|p1a: Chansey|442\/704
|-heal|p2a: CARLITO|228\/321|[from] drain|[of] p1a: Chansey
|-damage|p2a: CARLITO|196\/321|[from] item: Life Orb
|move|p1a: Chansey|Seismic Toss|p2a: CARLITO
|-damage|p2a: CARLITO|96\/321
|
|turn|54
|
|switch|p2a: HURRICANE|Tornadus-Therian, M, shiny|133\/332
|-damage|p2a: HURRICANE|50\/332|[from] Stealth Rock
|move|p1a: Chansey|Seismic Toss|p2a: HURRICANE
|-damage|p2a: HURRICANE|0 fnt
|faint|p2a: HURRICANE
|
|
|switch|p2a: CARLITO|Ludicolo, M|96\/321
|-damage|p2a: CARLITO|56\/321|[from] Stealth Rock
|turn|55
|-message|wertzu forfeited.
|
|win|Caelium
|raw|Ladder updating...
|leave|wertzu
|player|p2
|raw|Caelium's rating: 1237 &rarr; <strong>1268<\/strong><br \/>(+31 for winning)
|raw|wertzu's rating: 1317 &rarr; <strong>1293<\/strong><br \/>(-24 for losing)
|c|★Caelium|GG