|join|TewMew
|join|feng the bob
|player|p1|TewMew|43
|player|p2|feng the bob|23
|gametype|singles
|gen|6
|tier|UU
|rated
|rule|Sleep Clause Mod: Limit one foe put to sleep
|rule|Species Clause: Limit one of each Pokémon
|rule|OHKO Clause: OHKO moves are banned
|rule|Moody Clause: Moody is banned
|rule|Evasion Moves Clause: Evasion moves are banned
|rule|Endless Battle Clause: Forcing endless battles is banned
|rule|HP Percentage Mod: HP is shown in percentages
|clearpoke
|poke|p1|Alomomola, M
|poke|p1|Krookodile, F
|poke|p1|Crobat, M
|poke|p1|Whimsicott, F
|poke|p1|Snorlax, F
|poke|p1|Ampharos, M
|poke|p2|Swampert, F
|poke|p2|Crobat, M
|poke|p2|Jirachi
|poke|p2|Suicune
|poke|p2|Zygarde
|poke|p2|Machamp, F
|rule|Swagger Clause: Swagger is banned
|rule|Baton Pass Clause: Limit one Pokémon knowing Baton Pass
|teampreview
|
|start
|switch|p1a: Krookodile|Krookodile, F|331\/331
|switch|p2a: Machamp|Machamp, F|321\/321
|-ability|p1a: Krookodile|Intimidate|[of] p2a: Machamp
|-unboost|p2a: Machamp|atk|1
|turn|1
|join|waiv
|c| waiv|bob
|
|switch|p1a: Alomomola|Alomomola, M|533\/533
|switch|p2a: Swampert|Swampert, F|404\/404
|
|turn|2
|c| waiv|have ur chance moves been working
|c| waiv|like scald burn chance
|join|Starkite OP
|c| waiv|?
|c|★feng the bob|idk
|c|★feng the bob|why
|
|move|p1a: Alomomola|Toxic|p2a: Swampert
|-status|p2a: Swampert|tox
|move|p2a: Swampert|Stealth Rock|p1a: Alomomola
|-sidestart|p1: TewMew|move: Stealth Rock
|
|-damage|p2a: Swampert|379\/404 tox|[from] psn
|turn|3
|c| waiv|idk, i used scald 13 times
|
|move|p1a: Alomomola|Protect|p1a: Alomomola
|-singleturn|p1a: Alomomola|Protect
|move|p2a: Swampert|Scald|p1a: Alomomola
|-activate|p1a: Alomomola|Protect
|
|-heal|p2a: Swampert|404\/404 tox|[from] item: Leftovers
|-damage|p2a: Swampert|354\/404 tox|[from] psn
|turn|4
|c| waiv|and it didn't burn
|
|switch|p1a: Snorlax|Snorlax, F|493\/493
|-damage|p1a: Snorlax|432\/493|[from] Stealth Rock
|move|p2a: Swampert|Scald|p1a: Snorlax
|-damage|p1a: Snorlax|375\/493
|-status|p1a: Snorlax|brn
|
|-heal|p2a: Swampert|379\/404 tox|[from] item: Leftovers
|-heal|p1a: Snorlax|405\/493 brn|[from] item: Leftovers
|-damage|p2a: Swampert|304\/404 tox|[from] psn
|-damage|p1a: Snorlax|344\/493 brn|[from] brn
|turn|5
|c|★feng the bob|lol rip
|c| waiv|and he critted me 3 times
|
|switch|p2a: Machamp|Machamp, F|321\/321
|move|p1a: Snorlax|Rest|p1a: Snorlax
|-status|p1a: Snorlax|slp
|-heal|p1a: Snorlax|493\/493 slp|[silent]
|-status|p1a: Snorlax|slp|[from] move: Rest
|
|turn|6
|join|useless luck
|
|switch|p1a: Alomomola|Alomomola, M|533\/533
|-damage|p1a: Alomomola|467\/533|[from] Stealth Rock
|move|p2a: Machamp|Knock Off|p1a: Alomomola
|-damage|p1a: Alomomola|307\/533
|-damage|p2a: Machamp|268\/321|[from] item: Rocky Helmet|[of] p1a: Alomomola
|-enditem|p1a: Alomomola|Rocky Helmet|[from] move: Knock Off|[of] p2a: Machamp
|
|turn|7
|
|switch|p2a: Suicune|Suicune|400\/400
|-ability|p2a: Suicune|Pressure
|move|p1a: Alomomola|Wish|p1a: Alomomola
|
|turn|8
|
|switch|p2a: Jirachi|Jirachi|341\/341
|switch|p1a: Snorlax|Snorlax, F|493\/493 slp
|-damage|p1a: Snorlax|432\/493 slp|[from] Stealth Rock
|
|-heal|p1a: Snorlax|493\/493 slp|[from] move: Wish|[wisher] Alomomola
|turn|9
|
|move|p2a: Jirachi|Trick|p1a: Snorlax
|-activate|p2a: Jirachi|move: Trick|[of] p1a: Snorlax
|-item|p1a: Snorlax|Choice Scarf|[from] move: Trick
|-item|p2a: Jirachi|Leftovers|[from] move: Trick
|cant|p1a: Snorlax|slp
|move|p1a: Snorlax|Sleep Talk|p1a: Snorlax
|move|p1a: Snorlax|Curse|p1a: Snorlax|[from]Sleep Talk
|-boost|p1a: Snorlax|atk|1
|-boost|p1a: Snorlax|def|1
|-unboost|p1a: Snorlax|spe|1
|
|turn|10
|
|move|p2a: Jirachi|Iron Head|p1a: Snorlax
|-damage|p1a: Snorlax|396\/493 slp
|cant|p1a: Snorlax|slp
|cant|p1a: Snorlax|flinch
|
|turn|11
|
|switch|p1a: Alomomola|Alomomola, M|484\/533
|-damage|p1a: Alomomola|418\/533|[from] Stealth Rock
|move|p2a: Jirachi|U-turn|p1a: Alomomola
|-damage|p1a: Alomomola|360\/533
|
|switch|p2a: Crobat|Crobat, M|325\/325
|
|turn|12
|
|move|p2a: Crobat|Toxic|p1a: Alomomola
|-status|p1a: Alomomola|tox
|move|p1a: Alomomola|Scald|p2a: Crobat
|-damage|p2a: Crobat|270\/325
|
|-heal|p2a: Crobat|290\/325|[from] item: Black Sludge
|-damage|p1a: Alomomola|327\/533 tox|[from] psn
|turn|13
|join|Cell in a Hell
|c| waiv|ye
|
|switch|p2a: Suicune|Suicune|400\/400
|-ability|p2a: Suicune|Pressure
|move|p1a: Alomomola|Scald|p2a: Suicune
|-crit|p2a: Suicune
|-resisted|p2a: Suicune
|-damage|p2a: Suicune|370\/400
|-status|p2a: Suicune|brn
|
|-heal|p2a: Suicune|395\/400 brn|[from] item: Leftovers
|-damage|p2a: Suicune|345\/400 brn|[from] brn
|-damage|p1a: Alomomola|261\/533 tox|[from] psn
|turn|14
|c| waiv|ur team is the most UU team ever bob
|c| waiv|LOL
|
|switch|p1a: Whimsicott|Whimsicott, F|323\/323
|-damage|p1a: Whimsicott|283\/323|[from] Stealth Rock
|move|p2a: Suicune|Scald|p1a: Whimsicott
|-resisted|p1a: Whimsicott
|-damage|p1a: Whimsicott|226\/323
|-status|p1a: Whimsicott|brn
|
|-heal|p1a: Whimsicott|246\/323 brn|[from] item: Leftovers
|-heal|p2a: Suicune|370\/400 brn|[from] item: Leftovers
|-damage|p1a: Whimsicott|206\/323 brn|[from] brn
|-damage|p2a: Suicune|320\/400 brn|[from] brn
|turn|15
|c|★feng the bob|ofc
|c| waiv|how do u beat
|c|★feng the bob|most generic of generic teams
|
|switch|p2a: Jirachi|Jirachi|341\/341
|move|p1a: Whimsicott|Leech Seed|p2a: Jirachi
|-start|p2a: Jirachi|move: Leech Seed
|
|-heal|p1a: Whimsicott|226\/323 brn|[from] item: Leftovers
|-damage|p2a: Jirachi|299\/341|[from] Leech Seed|[of] p1a: Whimsicott
|-heal|p1a: Whimsicott|268\/323 brn|[silent]
|-damage|p1a: Whimsicott|228\/323 brn|[from] brn
|turn|16
|c| waiv|megazam tho
|c|★feng the bob|rachi i guess
|
|switch|p1a: Alomomola|Alomomola, M|438\/533 tox
|-damage|p1a: Alomomola|372\/533 tox|[from] Stealth Rock
|move|p2a: Jirachi|U-turn|p1a: Alomomola
|-damage|p1a: Alomomola|313\/533 tox
|c| waiv|oh ye
|c| waiv|tru
|c| waiv|tru
|
|switch|p2a: Machamp|Machamp, F|268\/321
|
|-damage|p1a: Alomomola|280\/533 tox|[from] psn
|turn|17
|
|move|p1a: Alomomola|Protect|p1a: Alomomola
|-singleturn|p1a: Alomomola|Protect
|move|p2a: Machamp|Close Combat|p1a: Alomomola
|-activate|p1a: Alomomola|Protect
|
|-damage|p1a: Alomomola|214\/533 tox|[from] psn
|turn|18
|
|switch|p2a: Jirachi|Jirachi|299\/341
|switch|p1a: Crobat|Crobat, M|373\/373
|-damage|p1a: Crobat|280\/373|[from] Stealth Rock
|
|-heal|p1a: Crobat|303\/373|[from] item: Black Sludge
|-heal|p2a: Jirachi|320\/341|[from] item: Leftovers
|turn|19
|
|move|p1a: Crobat|Defog|p2a: Jirachi
|-unboost|p2a: Jirachi|evasion|1
|-sideend|p1: TewMew|Stealth Rock|[from] move: Defog|[of] p1a: Crobat
|move|p2a: Jirachi|Iron Head|p1a: Crobat
|-damage|p1a: Crobat|167\/373
|
|-heal|p1a: Crobat|190\/373|[from] item: Black Sludge
|-heal|p2a: Jirachi|341\/341|[from] item: Leftovers
|turn|20
|
|move|p1a: Crobat|Roost|p1a: Crobat
|-heal|p1a: Crobat|373\/373
|move|p2a: Jirachi|Iron Head|p1a: Crobat
|-damage|p1a: Crobat|225\/373
|
|-heal|p1a: Crobat|248\/373|[from] item: Black Sludge
|turn|21
|
|move|p1a: Crobat|Roost|p1a: Crobat
|-heal|p1a: Crobat|373\/373
|move|p2a: Jirachi|Iron Head|p1a: Crobat
|-damage|p1a: Crobat|232\/373
|
|-heal|p1a: Crobat|255\/373|[from] item: Black Sludge
|turn|22
|
|move|p1a: Crobat|U-turn|p2a: Jirachi
|-damage|p2a: Jirachi|287\/341
|
|switch|p1a: Ampharos|Ampharos, M|353\/353
|move|p2a: Jirachi|Iron Head|p1a: Ampharos
|-resisted|p1a: Ampharos
|-damage|p1a: Ampharos|279\/353
|
|-heal|p2a: Jirachi|308\/341|[from] item: Leftovers
|turn|23
|
|detailschange|p1a: Ampharos|Ampharos-Mega, M
|-mega|p1a: Ampharos|Ampharos|Ampharosite
|-ability|p1a: Ampharos|Mold Breaker
|move|p2a: Jirachi|Iron Head|p1a: Ampharos
|-resisted|p1a: Ampharos
|-damage|p1a: Ampharos|226\/353
|move|p1a: Ampharos|Dragon Pulse|p2a: Jirachi
|-resisted|p2a: Jirachi
|-damage|p2a: Jirachi|207\/341
|
|-heal|p2a: Jirachi|228\/341|[from] item: Leftovers
|turn|24
|
|move|p2a: Jirachi|Iron Head|p1a: Ampharos
|-resisted|p1a: Ampharos
|-damage|p1a: Ampharos|169\/353
|cant|p1a: Ampharos|flinch
|
|-heal|p2a: Jirachi|249\/341|[from] item: Leftovers
|turn|25
|c| waiv|it begins
|
|switch|p1a: Alomomola|Alomomola, M|391\/533 tox
|move|p2a: Jirachi|Iron Head|p1a: Alomomola
|-resisted|p1a: Alomomola
|-damage|p1a: Alomomola|342\/533 tox
|
|-heal|p2a: Jirachi|270\/341|[from] item: Leftovers
|-damage|p1a: Alomomola|309\/533 tox|[from] psn
|turn|26
|c| waiv|the headbutt
|c| waiv|of dreams
|
|move|p2a: Jirachi|Iron Head|p1a: Alomomola
|-resisted|p1a: Alomomola
|-damage|p1a: Alomomola|264\/533 tox
|move|p1a: Alomomola|Scald|p2a: Jirachi
|-damage|p2a: Jirachi|224\/341
|-status|p2a: Jirachi|brn
|
|-heal|p2a: Jirachi|245\/341 brn|[from] item: Leftovers
|-damage|p2a: Jirachi|203\/341 brn|[from] brn
|-damage|p1a: Alomomola|198\/533 tox|[from] psn
|turn|27
|c|★feng the bob|oh
|c|★feng the bob|rip
|c| waiv|or not
|c| waiv|LOL
|
|move|p2a: Jirachi|Iron Head|p1a: Alomomola
|-resisted|p1a: Alomomola
|-damage|p1a: Alomomola|173\/533 tox
|move|p1a: Alomomola|Wish|p1a: Alomomola
|
|-heal|p2a: Jirachi|224\/341 brn|[from] item: Leftovers
|-damage|p2a: Jirachi|182\/341 brn|[from] brn
|-damage|p1a: Alomomola|74\/533 tox|[from] psn
|turn|28
|c| waiv|bitch fish
|c| waiv|confirmed destroyed of worlds D:
|
|switch|p2a: Crobat|Crobat, M|290\/325
|switch|p1a: Ampharos|Ampharos-Mega, M|169\/353
|-ability|p1a: Ampharos|Mold Breaker
|
|-heal|p1a: Ampharos|353\/353|[from] move: Wish|[wisher] Alomomola
|-heal|p2a: Crobat|310\/325|[from] item: Black Sludge
|turn|29
|
|switch|p2a: Swampert|Swampert, F|304\/404 tox
|move|p1a: Ampharos|Volt Switch|p2a: Swampert
|-immune|p2a: Swampert|[msg]
|
|-heal|p2a: Swampert|329\/404 tox|[from] item: Leftovers
|-damage|p2a: Swampert|304\/404 tox|[from] psn
|turn|30
|
|move|p1a: Ampharos|Dragon Pulse|p2a: Swampert
|-damage|p2a: Swampert|85\/404 tox
|move|p2a: Swampert|Stealth Rock|p1a: Ampharos
|-sidestart|p1: TewMew|move: Stealth Rock
|
|-heal|p2a: Swampert|110\/404 tox|[from] item: Leftovers
|-damage|p2a: Swampert|60\/404 tox|[from] psn
|turn|31
|
|move|p1a: Ampharos|Dragon Pulse|p2a: Swampert
|-damage|p2a: Swampert|0 fnt
|faint|p2a: Swampert
|
|
|switch|p2a: Machamp|Machamp, F|268\/321
|turn|32
|join|ZZNN
|
|move|p2a: Machamp|Close Combat|p1a: Ampharos
|-damage|p1a: Ampharos|0 fnt
|-unboost|p2a: Machamp|def|1
|-unboost|p2a: Machamp|spd|1
|faint|p1a: Ampharos
|
|c|★TewMew|max roll..
|
|switch|p1a: Crobat|Crobat, M|255\/373
|-damage|p1a: Crobat|162\/373|[from] Stealth Rock
|turn|33
|
|move|p1a: Crobat|Defog|p2a: Machamp
|-unboost|p2a: Machamp|evasion|1
|-sideend|p1: TewMew|Stealth Rock|[from] move: Defog|[of] p1a: Crobat
|move|p2a: Machamp|Close Combat|p1a: Crobat
|-crit|p1a: Crobat
|-resisted|p1a: Crobat
|-damage|p1a: Crobat|2\/373
|-unboost|p2a: Machamp|def|1
|-unboost|p2a: Machamp|spd|1
|
|-heal|p1a: Crobat|25\/373|[from] item: Black Sludge
|turn|34
|
|move|p1a: Crobat|Roost|p1a: Crobat
|-heal|p1a: Crobat|212\/373
|move|p2a: Machamp|Close Combat|p1a: Crobat
|-resisted|p1a: Crobat
|-damage|p1a: Crobat|18\/373
|-unboost|p2a: Machamp|def|1
|-unboost|p2a: Machamp|spd|1
|
|-heal|p1a: Crobat|41\/373|[from] item: Black Sludge
|turn|35
|
|move|p1a: Crobat|Brave Bird|p2a: Machamp
|-supereffective|p2a: Machamp
|-damage|p2a: Machamp|0 fnt
|-damage|p1a: Crobat|0 fnt|[from] recoil|[of] p2a: Machamp
|faint|p2a: Machamp
|faint|p1a: Crobat
|
|
|switch|p2a: Crobat|Crobat, M|310\/325
|switch|p1a: Krookodile|Krookodile, F|331\/331
|-ability|p1a: Krookodile|Intimidate|[of] p2a: Crobat
|-unboost|p2a: Crobat|atk|1
|turn|36
|
|move|p2a: Crobat|Toxic|p1a: Krookodile
|-status|p1a: Krookodile|tox
|move|p1a: Krookodile|Knock Off|p2a: Crobat
|-damage|p2a: Crobat|37\/325
|-enditem|p2a: Crobat|Black Sludge|[from] move: Knock Off|[of] p1a: Krookodile
|-damage|p1a: Krookodile|298\/331 tox|[from] item: Life Orb
|
|-damage|p1a: Krookodile|278\/331 tox|[from] psn
|turn|37
|
|move|p2a: Crobat|Brave Bird|p1a: Krookodile
|-damage|p1a: Krookodile|154\/331 tox
|-damage|p2a: Crobat|0 fnt|[from] recoil|[of] p1a: Krookodile
|faint|p2a: Crobat
|move|p1a: Krookodile|Knock Off|p2: Crobat|[notarget]
|-notarget
|
|-damage|p1a: Krookodile|114\/331 tox|[from] psn
|
|switch|p2a: Zygarde|Zygarde|357\/357
|-ability|p2a: Zygarde|Aura Break
|turn|38
|
|switch|p1a: Whimsicott|Whimsicott, F|228\/323 brn
|move|p2a: Zygarde|Dragon Dance|p2a: Zygarde
|-boost|p2a: Zygarde|atk|1
|-boost|p2a: Zygarde|spe|1
|
|-heal|p1a: Whimsicott|248\/323 brn|[from] item: Leftovers
|-damage|p1a: Whimsicott|208\/323 brn|[from] brn
|turn|39
|
|move|p2a: Zygarde|Extreme Speed|p1a: Whimsicott
|-damage|p1a: Whimsicott|106\/323 brn
|move|p1a: Whimsicott|Encore|p2a: Zygarde
|-start|p2a: Zygarde|Encore
|
|-heal|p1a: Whimsicott|126\/323 brn|[from] item: Leftovers
|-damage|p1a: Whimsicott|86\/323 brn|[from] brn
|turn|40
|
|switch|p1a: Alomomola|Alomomola, M|251\/533 tox
|move|p2a: Zygarde|Extreme Speed|p1a: Alomomola
|-damage|p1a: Alomomola|138\/533 tox
|
|-damage|p1a: Alomomola|105\/533 tox|[from] psn
|turn|41
|
|move|p2a: Zygarde|Extreme Speed|p1a: Alomomola
|-damage|p1a: Alomomola|0 fnt
|faint|p1a: Alomomola
|
|
|switch|p1a: Krookodile|Krookodile, F|114\/331 tox
|-ability|p1a: Krookodile|Intimidate|[of] p2a: Zygarde
|-unboost|p2a: Zygarde|atk|1
|turn|42
|join|weepeverybattle
|
|switch|p2a: Suicune|Suicune|320\/400 brn
|-ability|p2a: Suicune|Pressure
|move|p1a: Krookodile|Knock Off|p2a: Suicune
|-crit|p2a: Suicune
|-damage|p2a: Suicune|82\/400 brn
|-enditem|p2a: Suicune|Leftovers|[from] move: Knock Off|[of] p1a: Krookodile
|-damage|p1a: Krookodile|81\/331 tox|[from] item: Life Orb
|
|-damage|p1a: Krookodile|61\/331 tox|[from] psn
|-damage|p2a: Suicune|32\/400 brn|[from] brn
|turn|43
|
|move|p1a: Krookodile|Knock Off|p2a: Suicune
|-damage|p2a: Suicune|0 fnt
|-damage|p1a: Krookodile|28\/331 tox|[from] item: Life Orb
|faint|p2a: Suicune
|
|-damage|p1a: Krookodile|0 fnt|[from] psn
|faint|p1a: Krookodile
|
|switch|p2a: Zygarde|Zygarde|357\/357
|switch|p1a: Snorlax|Snorlax, F|396\/493 slp
|-ability|p2a: Zygarde|Aura Break
|turn|44
|
|move|p2a: Zygarde|Dragon Dance|p2a: Zygarde
|-boost|p2a: Zygarde|atk|1
|-boost|p2a: Zygarde|spe|1
|-curestatus|p1a: Snorlax|slp
|move|p1a: Snorlax|Frustration|p2a: Zygarde
|-damage|p2a: Zygarde|239\/357
|
|turn|45
|
|move|p2a: Zygarde|Earthquake|p1a: Snorlax
|-damage|p1a: Snorlax|86\/493
|move|p1a: Snorlax|Frustration|p2a: Zygarde
|-damage|p2a: Zygarde|124\/357
|
|turn|46
|
|move|p2a: Zygarde|Earthquake|p1a: Snorlax
|-damage|p1a: Snorlax|0 fnt
|faint|p1a: Snorlax
|
|
|switch|p1a: Whimsicott|Whimsicott, F|86\/323 brn
|turn|47
|c|★feng the bob|rip
|
|move|p2a: Zygarde|Extreme Speed|p1a: Whimsicott
|-damage|p1a: Whimsicott|0 fnt
|faint|p1a: Whimsicott
|
|win|feng the bob
|raw|Ladder updating...
|raw|TewMew's rating: 1797 &rarr; <strong>1770<\/strong><br \/>(-27 for losing)
|raw|feng the bob's rating: 1681 &rarr; <strong>1707<\/strong><br \/>(+26 for winning)
|leave|TewMew
|player|p1
|leave|Starkite OP