|join|QuiteWheen
|join|TewMew
|player|p1|QuiteWheen|8
|player|p2|TewMew|43
|gametype|singles
|gen|6
|tier|UU
|rated
|rule|Sleep Clause Mod: Limit one foe put to sleep
|rule|Species Clause: Limit one of each Pokémon
|rule|OHKO Clause: OHKO moves are banned
|rule|Moody Clause: Moody is banned
|rule|Evasion Moves Clause: Evasion moves are banned
|rule|Endless Battle Clause: Forcing endless battles is banned
|rule|HP Percentage Mod: HP is shown in percentages
|clearpoke
|poke|p1|Pidgeot, M
|poke|p1|Tentacruel, F
|poke|p1|Krookodile, M
|poke|p1|Jirachi
|poke|p1|Kyurem, shiny
|poke|p1|Mienshao, F, shiny
|poke|p2|Alomomola, M
|poke|p2|Krookodile, M
|poke|p2|Reuniclus, F
|poke|p2|Whimsicott, M
|poke|p2|Snorlax, M
|poke|p2|Aerodactyl, M
|rule|Swagger Clause: Swagger is banned
|rule|Baton Pass Clause: Limit one Pokémon knowing Baton Pass
|teampreview
|
|start
|switch|p1a: omfuga fetish|Kyurem, shiny|391\/391
|switch|p2a: Krookodile|Krookodile, M|334\/334
|-ability|p1a: omfuga fetish|Pressure
|-ability|p2a: Krookodile|Intimidate|[of] p1a: omfuga fetish
|-unboost|p1a: omfuga fetish|atk|1
|turn|1
|
|switch|p2a: Snorlax|Snorlax, M|493\/493
|move|p1a: omfuga fetish|Draco Meteor|p2a: Snorlax
|-damage|p2a: Snorlax|232\/493
|-unboost|p1a: omfuga fetish|spa|2
|
|-heal|p2a: Snorlax|262\/493|[from] item: Leftovers
|turn|2
|
|switch|p1a: Jirachi|Jirachi|404\/404
|move|p2a: Snorlax|Frustration|p1a: Jirachi
|-resisted|p1a: Jirachi
|-damage|p1a: Jirachi|335\/404
|
|-heal|p1a: Jirachi|360\/404|[from] item: Leftovers
|-heal|p2a: Snorlax|292\/493|[from] item: Leftovers
|turn|3
|
|switch|p2a: Krookodile|Krookodile, M|334\/334
|-ability|p2a: Krookodile|Intimidate|[of] p1a: Jirachi
|-unboost|p1a: Jirachi|atk|1
|move|p1a: Jirachi|Stealth Rock|p2a: Krookodile
|-sidestart|p2: TewMew|move: Stealth Rock
|
|-heal|p1a: Jirachi|385\/404|[from] item: Leftovers
|turn|4
|
|move|p2a: Krookodile|Pursuit|p1a: Jirachi
|-supereffective|p1a: Jirachi
|-damage|p1a: Jirachi|195\/404
|-damage|p2a: Krookodile|301\/334|[from] item: Life Orb
|move|p1a: Jirachi|U-turn|p2a: Krookodile
|-supereffective|p2a: Krookodile
|-damage|p2a: Krookodile|217\/334
|
|switch|p1a: Mienshao|Mienshao, F, shiny|271\/271
|
|turn|5
|
|switch|p2a: Alomomola|Alomomola, M|533\/533
|-damage|p2a: Alomomola|467\/533|[from] Stealth Rock
|move|p1a: Mienshao|U-turn|p2a: Alomomola
|-damage|p2a: Alomomola|402\/533
|-damage|p1a: Mienshao|226\/271|[from] item: Rocky Helmet|[of] p2a: Alomomola
|
|switch|p1a: Tentacruel|Tentacruel, F|361\/361
|
|turn|6
|
|switch|p2a: Reuniclus|Reuniclus, F|423\/423
|move|p1a: Tentacruel|Toxic Spikes|p2a: Reuniclus
|-sidestart|p2: TewMew|move: Toxic Spikes
|
|turn|7
|
|switch|p1a: Jirachi|Jirachi|195\/404
|move|p2a: Reuniclus|Focus Blast|p1a: Jirachi
|-damage|p1a: Jirachi|109\/404
|
|-heal|p1a: Jirachi|134\/404|[from] item: Leftovers
|turn|8
|
|move|p1a: Jirachi|U-turn|p2a: Reuniclus
|-supereffective|p2a: Reuniclus
|-damage|p2a: Reuniclus|325\/423
|
|switch|p1a: Krookodile|Krookodile, M|331\/331
|-ability|p1a: Krookodile|Intimidate|[of] p2a: Reuniclus
|-unboost|p2a: Reuniclus|atk|1
|move|p2a: Reuniclus|Focus Blast|p1a: Krookodile
|-supereffective|p1a: Krookodile
|-damage|p1a: Krookodile|49\/331
|
|-heal|p2a: Reuniclus|351\/423|[from] item: Leftovers
|turn|9
|
|switch|p2a: Alomomola|Alomomola, M|533\/533
|-status|p2a: Alomomola|psn
|-damage|p2a: Alomomola|467\/533 psn|[from] Stealth Rock
|move|p1a: Krookodile|Knock Off|p2a: Alomomola
|-damage|p2a: Alomomola|296\/533 psn
|-damage|p1a: Krookodile|0 fnt|[from] item: Rocky Helmet|[of] p2a: Alomomola
|faint|p1a: Krookodile
|
|-damage|p2a: Alomomola|230\/533 psn|[from] psn
|
|switch|p1a: Pidgeot|Pidgeot, M|319\/319
|turn|10
|
|switch|p2a: Aerodactyl|Aerodactyl, M|359\/359
|-damage|p2a: Aerodactyl|270\/359|[from] Stealth Rock
|-ability|p2a: Aerodactyl|Pressure
|detailschange|p1a: Pidgeot|Pidgeot-Mega, M
|message|Pidgeot has Mega Evolved into Mega Pidgeot!
|move|p1a: Pidgeot|Work Up|p1a: Pidgeot
|-boost|p1a: Pidgeot|atk|1
|-boost|p1a: Pidgeot|spa|1
|
|turn|11
|
|detailschange|p2a: Aerodactyl|Aerodactyl-Mega, M
|message|Aerodactyl has Mega Evolved into Mega Aerodactyl!
|move|p1a: Pidgeot|Hurricane|p2a: Aerodactyl
|-resisted|p2a: Aerodactyl
|-damage|p2a: Aerodactyl|108\/359
|-start|p2a: Aerodactyl|confusion
|-activate|p2a: Aerodactyl|confusion
|-damage|p2a: Aerodactyl|66\/359|[from] confusion
|
|turn|12
|
|switch|p1a: Mienshao|Mienshao, F, shiny|226\/271
|-activate|p2a: Aerodactyl|confusion
|-damage|p2a: Aerodactyl|24\/359|[from] confusion
|
|turn|13
|
|move|p1a: Mienshao|U-turn|p2a: Aerodactyl
|-resisted|p2a: Aerodactyl
|-damage|p2a: Aerodactyl|0 fnt
|faint|p2a: Aerodactyl
|
|switch|p1a: Pidgeot|Pidgeot-Mega, M|319\/319
|
|
|switch|p2a: Reuniclus|Reuniclus, F|351\/423
|-status|p2a: Reuniclus|psn
|turn|14
|
|move|p1a: Pidgeot|Hurricane|p2a: Reuniclus
|-damage|p2a: Reuniclus|111\/423 psn
|move|p2a: Reuniclus|Calm Mind|p2a: Reuniclus
|-boost|p2a: Reuniclus|spa|1
|-boost|p2a: Reuniclus|spd|1
|
|-heal|p2a: Reuniclus|137\/423 psn|[from] item: Leftovers
|turn|15
|
|move|p1a: Pidgeot|Hurricane|p2a: Reuniclus
|-damage|p2a: Reuniclus|0 fnt
|faint|p2a: Reuniclus
|
|
|switch|p2a: Snorlax|Snorlax, M|292\/493
|-status|p2a: Snorlax|psn
|-damage|p2a: Snorlax|231\/493 psn|[from] Stealth Rock
|turn|16
|
|move|p1a: Pidgeot|Hurricane|p2a: Snorlax
|-damage|p2a: Snorlax|96\/493 psn
|move|p2a: Snorlax|Rest|p2a: Snorlax
|-status|p2a: Snorlax|slp
|-heal|p2a: Snorlax|493\/493 slp|[silent]
|-status|p2a: Snorlax|slp|[from] move: Rest
|
|turn|17
|
|move|p1a: Pidgeot|Work Up|p1a: Pidgeot
|-boost|p1a: Pidgeot|atk|1
|-boost|p1a: Pidgeot|spa|1
|cant|p2a: Snorlax|slp
|move|p2a: Snorlax|Sleep Talk|p2a: Snorlax
|move|p2a: Snorlax|Frustration|p1a: Pidgeot|[from]Sleep Talk
|-damage|p1a: Pidgeot|153\/319
|
|turn|18
|
|move|p1a: Pidgeot|Roost|p1a: Pidgeot
|-heal|p1a: Pidgeot|313\/319
|cant|p2a: Snorlax|slp
|move|p2a: Snorlax|Sleep Talk|p2a: Snorlax
|move|p2a: Snorlax|Frustration|p1a: Pidgeot|[from]Sleep Talk
|-damage|p1a: Pidgeot|147\/319
|
|turn|19
|
|move|p1a: Pidgeot|Hurricane|p2a: Snorlax
|-damage|p2a: Snorlax|307\/493 slp
|-curestatus|p2a: Snorlax|slp
|move|p2a: Snorlax|Frustration|p1a: Pidgeot
|-damage|p1a: Pidgeot|0 fnt
|faint|p1a: Pidgeot
|
|-heal|p2a: Snorlax|337\/493|[from] item: Leftovers
|
|switch|p1a: Mienshao|Mienshao, F, shiny|226\/271
|turn|20
|
|switch|p2a: Whimsicott|Whimsicott, M|323\/323
|-status|p2a: Whimsicott|psn
|-damage|p2a: Whimsicott|283\/323 psn|[from] Stealth Rock
|move|p1a: Mienshao|High Jump Kick|p2a: Whimsicott
|-resisted|p2a: Whimsicott
|-damage|p2a: Whimsicott|174\/323 psn
|
|-heal|p2a: Whimsicott|194\/323 psn|[from] item: Leftovers
|-damage|p2a: Whimsicott|154\/323 psn|[from] psn
|turn|21
|
|switch|p1a: Jirachi|Jirachi|134\/404
|move|p2a: Whimsicott|U-turn|p1a: Jirachi
|-damage|p1a: Jirachi|97\/404
|
|switch|p2a: Krookodile|Krookodile, M|217\/334
|-status|p2a: Krookodile|psn
|-damage|p2a: Krookodile|197\/334 psn|[from] Stealth Rock
|-ability|p2a: Krookodile|Intimidate|[of] p1a: Jirachi
|-unboost|p1a: Jirachi|atk|1
|
|-heal|p1a: Jirachi|122\/404|[from] item: Leftovers
|-damage|p2a: Krookodile|156\/334 psn|[from] psn
|turn|22
|
|move|p2a: Krookodile|Pursuit|p1a: Jirachi
|-supereffective|p1a: Jirachi
|-damage|p1a: Jirachi|0 fnt
|-damage|p2a: Krookodile|123\/334 psn|[from] item: Life Orb
|faint|p1a: Jirachi
|
|-damage|p2a: Krookodile|82\/334 psn|[from] psn
|
|switch|p1a: Mienshao|Mienshao, F, shiny|226\/271
|turn|23
|
|move|p1a: Mienshao|U-turn|p2a: Krookodile
|-supereffective|p2a: Krookodile
|-damage|p2a: Krookodile|0 fnt
|faint|p2a: Krookodile
|
|switch|p1a: omfuga fetish|Kyurem, shiny|391\/391
|-ability|p1a: omfuga fetish|Pressure
|
|
|switch|p2a: Snorlax|Snorlax, M|337\/493
|-damage|p2a: Snorlax|276\/493|[from] Stealth Rock
|-status|p2a: Snorlax|psn
|turn|24
|
|move|p1a: omfuga fetish|Draco Meteor|p2a: Snorlax
|-damage|p2a: Snorlax|32\/493 psn
|-unboost|p1a: omfuga fetish|spa|2
|move|p2a: Snorlax|Rest|p2a: Snorlax
|-status|p2a: Snorlax|slp
|-heal|p2a: Snorlax|493\/493 slp|[silent]
|-status|p2a: Snorlax|slp|[from] move: Rest
|
|turn|25
|
|switch|p1a: Mienshao|Mienshao, F, shiny|226\/271
|cant|p2a: Snorlax|slp
|move|p2a: Snorlax|Sleep Talk|p2a: Snorlax
|move|p2a: Snorlax|Rest|p2a: Snorlax|[from]Sleep Talk
|-fail|p2a: Snorlax
|
|turn|26
|
|switch|p2a: Alomomola|Alomomola, M|407\/533 psn
|-damage|p2a: Alomomola|341\/533 psn|[from] Stealth Rock
|move|p1a: Mienshao|High Jump Kick|p2a: Alomomola
|-damage|p2a: Alomomola|112\/533 psn
|-damage|p1a: Mienshao|181\/271|[from] item: Rocky Helmet|[of] p2a: Alomomola
|
|-damage|p2a: Alomomola|46\/533 psn|[from] psn
|turn|27
|
|switch|p2a: Whimsicott|Whimsicott, M|154\/323 psn
|-damage|p2a: Whimsicott|114\/323 psn|[from] Stealth Rock
|move|p1a: Mienshao|High Jump Kick|p2a: Whimsicott
|-resisted|p2a: Whimsicott
|-damage|p2a: Whimsicott|4\/323 psn
|
|-heal|p2a: Whimsicott|24\/323 psn|[from] item: Leftovers
|-damage|p2a: Whimsicott|0 fnt|[from] psn
|faint|p2a: Whimsicott
|
|switch|p2a: Alomomola|Alomomola, M|223\/533 psn
|-damage|p2a: Alomomola|157\/533 psn|[from] Stealth Rock
|turn|28
|
|move|p1a: Mienshao|High Jump Kick|p2a: Alomomola
|-damage|p2a: Alomomola|0 fnt
|-damage|p1a: Mienshao|136\/271|[from] item: Rocky Helmet|[of] p2a: Alomomola
|faint|p2a: Alomomola
|
|
|switch|p2a: Snorlax|Snorlax, M|493\/493 slp
|-damage|p2a: Snorlax|432\/493 slp|[from] Stealth Rock
|turn|29
|
|move|p1a: Mienshao|High Jump Kick|p2a: Snorlax
|-supereffective|p2a: Snorlax
|-damage|p2a: Snorlax|0 fnt
|faint|p2a: Snorlax
|
|win|QuiteWheen
|raw|Ladder updating...
|raw|QuiteWheen's rating: 1574 &rarr; <strong>1599<\/strong><br \/>(+25 for winning)
|raw|TewMew's rating: 1660 &rarr; <strong>1636<\/strong><br \/>(-24 for losing)
|leave|TewMew
|player|p2