|join|UrfTheManatee
|join|N199ERDESTROYER
|player|p1|UrfTheManatee|80
|player|p2|N199ERDESTROYER|253
|gametype|singles
|gen|6
|tier|OU
|rated
|clearpoke
|poke|p1|Charizard, F
|poke|p1|Mienshao, F
|poke|p1|Latios, M
|poke|p1|Raikou
|poke|p1|Ferrothorn, M
|poke|p1|Landorus-Therian, M
|poke|p2|Landorus-Therian, M
|poke|p2|Conkeldurr, M
|poke|p2|Magnezone
|poke|p2|Azumarill, F
|poke|p2|Pinsir, F
|poke|p2|Empoleon, M
|rule|Swagger Clause: Swagger is banned
|rule|Baton Pass Clause: Limit one Pokémon knowing Baton Pass
|rule|Sleep Clause Mod: Limit one foe put to sleep
|rule|Species Clause: Limit one of each Pokémon
|rule|OHKO Clause: OHKO moves are banned
|rule|Moody Clause: Moody is banned
|rule|Evasion Moves Clause: Evasion moves are banned
|rule|Endless Battle Clause: Forcing endless battles is banned
|rule|HP Percentage Mod: HP is shown in percentages
|teampreview
|
|start
|switch|p1a: Landorus-Therian|Landorus-Therian, M|325\/325
|switch|p2a: Azumarill|Azumarill, F|349\/349
|-ability|p1a: Landorus-Therian|Intimidate|[of] p2a: Azumarill
|-unboost|p2a: Azumarill|atk|1
|turn|1
|
|move|p1a: Landorus-Therian|U-turn|p2a: Azumarill
|-resisted|p2a: Azumarill
|-damage|p2a: Azumarill|301\/349
|
|switch|p1a: Ferrothorn|Ferrothorn, M|352\/352
|move|p2a: Azumarill|Superpower|p1a: Ferrothorn
|-supereffective|p1a: Ferrothorn
|-damage|p1a: Ferrothorn|124\/352
|-damage|p2a: Azumarill|258\/349|[from] ability: Iron Barbs|[of] p1a: Ferrothorn
|-unboost|p2a: Azumarill|atk|1
|-unboost|p2a: Azumarill|def|1
|
|-heal|p1a: Ferrothorn|146\/352|[from] item: Leftovers
|turn|2
|
|switch|p2a: Magnezone|Magnezone|299\/299
|switch|p1a: Charizard|Charizard, F|327\/327
|
|turn|3
|
|detailschange|p1a: Charizard|Charizard-Mega-X, F
|message|Charizard has Mega Evolved into Mega Charizard!
|move|p1a: Charizard|Earthquake|p2a: Magnezone
|-supereffective|p2a: Magnezone
|-damage|p2a: Magnezone|0 fnt
|faint|p2a: Magnezone
|
|
|switch|p2a: Landorus-Therian|Landorus-Therian, M|328\/328
|-ability|p2a: Landorus-Therian|Intimidate|[of] p1a: Charizard
|-unboost|p1a: Charizard|atk|1
|turn|4
|
|switch|p1a: Landorus-Therian|Landorus-Therian, M|325\/325
|-ability|p1a: Landorus-Therian|Intimidate|[of] p2a: Landorus-Therian
|-unboost|p2a: Landorus-Therian|atk|1
|move|p2a: Landorus-Therian|U-turn|p1a: Landorus-Therian
|-resisted|p1a: Landorus-Therian
|-damage|p1a: Landorus-Therian|291\/325
|
|switch|p2a: Empoleon|Empoleon, M|371\/371
|
|turn|5
|
|move|p1a: Landorus-Therian|U-turn|p2a: Empoleon
|-resisted|p2a: Empoleon
|-damage|p2a: Empoleon|332\/371
|
|switch|p1a: Charizard|Charizard-Mega-X, F|327\/327
|move|p2a: Empoleon|Scald|p1a: Charizard
|-damage|p1a: Charizard|198\/327
|
|-heal|p2a: Empoleon|355\/371|[from] item: Leftovers
|turn|6
|
|switch|p2a: Landorus-Therian|Landorus-Therian, M|328\/328
|-ability|p2a: Landorus-Therian|Intimidate|[of] p1a: Charizard
|-unboost|p1a: Charizard|atk|1
|move|p1a: Charizard|Dragon Dance|p1a: Charizard
|-boost|p1a: Charizard|atk|1
|-boost|p1a: Charizard|spe|1
|
|turn|7
|
|move|p2a: Landorus-Therian|Earthquake|p1a: Charizard
|-supereffective|p1a: Charizard
|-damage|p1a: Charizard|0 fnt
|faint|p1a: Charizard
|
|
|switch|p1a: Latios|Latios, M|301\/301
|turn|8
|
|switch|p2a: Empoleon|Empoleon, M|355\/371
|switch|p1a: Raikou|Raikou|321\/321
|-ability|p1a: Raikou|Pressure
|
|-heal|p2a: Empoleon|371\/371|[from] item: Leftovers
|turn|9
|
|move|p1a: Raikou|Thunderbolt|p2a: Empoleon
|-supereffective|p2a: Empoleon
|-damage|p2a: Empoleon|0 fnt
|faint|p2a: Empoleon
|
|
|switch|p2a: Conkeldurr|Conkeldurr, M|365\/365
|turn|10
|
|switch|p1a: Ferrothorn|Ferrothorn, M|146\/352
|move|p2a: Conkeldurr|Knock Off|p1a: Ferrothorn
|-damage|p1a: Ferrothorn|60\/352
|-damage|p2a: Conkeldurr|320\/365|[from] ability: Iron Barbs|[of] p1a: Ferrothorn
|-enditem|p1a: Ferrothorn|Leftovers|[from] move: Knock Off|[of] p2a: Conkeldurr
|
|turn|11
|
|move|p2a: Conkeldurr|Drain Punch|p1a: Ferrothorn
|-supereffective|p1a: Ferrothorn
|-damage|p1a: Ferrothorn|0 fnt
|-heal|p2a: Conkeldurr|350\/365|[from] drain|[of] p1a: Ferrothorn
|-damage|p2a: Conkeldurr|305\/365|[from] ability: Iron Barbs|[of] p1a: Ferrothorn
|faint|p1a: Ferrothorn
|
|
|switch|p1a: Mienshao|Mienshao, F|269\/269
|turn|12
|
|switch|p2a: Landorus-Therian|Landorus-Therian, M|328\/328
|-ability|p2a: Landorus-Therian|Intimidate|[of] p1a: Mienshao
|-unboost|p1a: Mienshao|atk|1
|move|p1a: Mienshao|Fake Out|p2a: Landorus-Therian
|-damage|p2a: Landorus-Therian|286\/328
|-damage|p1a: Mienshao|243\/269|[from] item: Life Orb
|
|turn|13
|
|switch|p1a: Landorus-Therian|Landorus-Therian, M|291\/325
|-ability|p1a: Landorus-Therian|Intimidate|[of] p2a: Landorus-Therian
|-unboost|p2a: Landorus-Therian|atk|1
|move|p2a: Landorus-Therian|U-turn|p1a: Landorus-Therian
|-resisted|p1a: Landorus-Therian
|-damage|p1a: Landorus-Therian|257\/325
|
|switch|p2a: Azumarill|Azumarill, F|258\/349
|
|turn|14
|
|move|p1a: Landorus-Therian|U-turn|p2a: Azumarill
|-resisted|p2a: Azumarill
|-damage|p2a: Azumarill|211\/349
|
|switch|p1a: Raikou|Raikou|321\/321
|-ability|p1a: Raikou|Pressure
|move|p2a: Azumarill|Waterfall|p1a: Raikou
|-damage|p1a: Raikou|0 fnt
|faint|p1a: Raikou
|
|
|switch|p1a: Latios|Latios, M|301\/301
|turn|15
|
|switch|p2a: Conkeldurr|Conkeldurr, M|305\/365
|move|p1a: Latios|Psyshock|p2a: Conkeldurr
|-supereffective|p2a: Conkeldurr
|-damage|p2a: Conkeldurr|0 fnt
|-damage|p1a: Latios|271\/301|[from] item: Life Orb
|faint|p2a: Conkeldurr
|
|
|switch|p2a: Azumarill|Azumarill, F|211\/349
|turn|16
|
|move|p1a: Latios|Psyshock|p2a: Azumarill
|-crit|p2a: Azumarill
|-damage|p2a: Azumarill|0 fnt
|-damage|p1a: Latios|241\/301|[from] item: Life Orb
|faint|p2a: Azumarill
|
|
|switch|p2a: Landorus-Therian|Landorus-Therian, M|286\/328
|-ability|p2a: Landorus-Therian|Intimidate|[of] p1a: Latios
|-unboost|p1a: Latios|atk|1
|turn|17
|
|switch|p1a: Landorus-Therian|Landorus-Therian, M|257\/325
|-ability|p1a: Landorus-Therian|Intimidate|[of] p2a: Landorus-Therian
|-unboost|p2a: Landorus-Therian|atk|1
|move|p2a: Landorus-Therian|U-turn|p1a: Landorus-Therian
|-resisted|p1a: Landorus-Therian
|-damage|p1a: Landorus-Therian|223\/325
|
|switch|p2a: Pinsir|Pinsir, F|271\/271
|
|turn|18
|
|switch|p2a: Landorus-Therian|Landorus-Therian, M|286\/328
|-ability|p2a: Landorus-Therian|Intimidate|[of] p1a: Landorus-Therian
|-unboost|p1a: Landorus-Therian|atk|1
|move|p1a: Landorus-Therian|Stone Edge|p2a: Landorus-Therian
|-damage|p2a: Landorus-Therian|194\/328
|
|turn|19
|
|move|p1a: Landorus-Therian|Stone Edge|p2a: Landorus-Therian
|-damage|p2a: Landorus-Therian|97\/328
|move|p2a: Landorus-Therian|Stone Edge|p1a: Landorus-Therian
|-damage|p1a: Landorus-Therian|80\/325
|
|turn|20
|
|switch|p1a: Mienshao|Mienshao, F|269\/269
|move|p2a: Landorus-Therian|Stone Edge|p1a: Mienshao
|-resisted|p1a: Mienshao
|-damage|p1a: Mienshao|168\/269
|
|turn|21
|
|switch|p2a: Pinsir|Pinsir, F|271\/271
|move|p1a: Mienshao|Fake Out|p2a: Pinsir
|-damage|p2a: Pinsir|215\/271
|-damage|p1a: Mienshao|142\/269|[from] item: Life Orb
|
|turn|22
|
|detailschange|p2a: Pinsir|Pinsir-Mega, F
|message|Pinsir has Mega Evolved into Mega Pinsir!
|move|p1a: Mienshao|Poison Jab|p2a: Pinsir
|-damage|p2a: Pinsir|111\/271
|-damage|p1a: Mienshao|116\/269|[from] item: Life Orb
|move|p2a: Pinsir|Return|p1a: Mienshao
|-supereffective|p1a: Mienshao
|-damage|p1a: Mienshao|0 fnt
|faint|p1a: Mienshao
|
|
|switch|p1a: Landorus-Therian|Landorus-Therian, M|80\/325
|-ability|p1a: Landorus-Therian|Intimidate|[of] p2a: Pinsir
|-unboost|p2a: Pinsir|atk|1
|turn|23
|
|move|p1a: Landorus-Therian|Stone Edge|p2a: Pinsir
|-crit|p2a: Pinsir
|-supereffective|p2a: Pinsir
|-damage|p2a: Pinsir|0 fnt
|faint|p2a: Pinsir
|
|
|switch|p2a: Landorus-Therian|Landorus-Therian, M|97\/328
|-ability|p2a: Landorus-Therian|Intimidate|[of] p1a: Landorus-Therian
|-unboost|p1a: Landorus-Therian|atk|1
|turn|24
|
|move|p1a: Landorus-Therian|Stone Edge|p2a: Landorus-Therian
|-damage|p2a: Landorus-Therian|5\/328
|move|p2a: Landorus-Therian|Stone Edge|p1a: Landorus-Therian
|-damage|p1a: Landorus-Therian|0 fnt
|faint|p1a: Landorus-Therian
|
|
|switch|p1a: Latios|Latios, M|241\/301
|turn|25
|c|★N199ERDESTROYER|GIMME A CRIT!
|
|move|p2a: Landorus-Therian|Stone Edge|p1a: Latios
|-damage|p1a: Latios|73\/301
|move|p1a: Latios|Psyshock|p2a: Landorus-Therian
|-damage|p2a: Landorus-Therian|0 fnt
|-damage|p1a: Latios|43\/301|[from] item: Life Orb
|faint|p2a: Landorus-Therian
|
|win|UrfTheManatee
|raw|Ladder updating...
|raw|UrfTheManatee's rating: 1537 &rarr; <strong>1560<\/strong><br \/>(+23 for winning)
|raw|N199ERDESTROYER's rating: 1587 &rarr; <strong>1565<\/strong><br \/>(-22 for losing)
|leave|N199ERDESTROYER
|player|p2