|join|altariaaa
|join|ForgottenGreninja
|player|p1|altariaaa|283
|player|p2|ForgottenGreninja|101
|gametype|singles
|gen|6
|tier|OU
|rated
|clearpoke
|poke|p1|Doublade, F
|poke|p1|Blissey, F
|poke|p1|Gothitelle, F
|poke|p1|Mandibuzz, F
|poke|p1|Quagsire, F
|poke|p1|Slowbro, F
|poke|p2|Serperior, M
|poke|p2|Slowbro, M
|poke|p2|Jirachi
|poke|p2|Azelf
|poke|p2|Terrakion
|poke|p2|Rotom-Wash
|rule|Swagger Clause: Swagger is banned
|rule|Baton Pass Clause: Limit one Pokémon knowing Baton Pass
|rule|Sleep Clause Mod: Limit one foe put to sleep
|rule|Species Clause: Limit one of each Pokémon
|rule|OHKO Clause: OHKO moves are banned
|rule|Moody Clause: Moody is banned
|rule|Evasion Moves Clause: Evasion moves are banned
|rule|Endless Battle Clause: Forcing endless battles is banned
|rule|HP Percentage Mod: HP is shown in percentages
|teampreview
|
|start
|switch|p1a: Quagsire.|Mandibuzz, F|423\/423
|switch|p2a: Azelf|Azelf|292\/292
|turn|1
|
|move|p2a: Azelf|Stealth Rock|p1a: Quagsire.
|-sidestart|p1: altariaaa|move: Stealth Rock
|move|p1a: Quagsire.|Foul Play|p2a: Azelf
|-supereffective|p2a: Azelf
|-enditem|p2a: Azelf|Focus Sash
|-damage|p2a: Azelf|1\/292
|
|turn|2
|
|move|p2a: Azelf|Taunt|p1a: Quagsire.
|-start|p1a: Quagsire.|move: Taunt
|move|p1a: Quagsire.|Foul Play|p2a: Azelf
|-supereffective|p2a: Azelf
|-damage|p2a: Azelf|0 fnt
|faint|p2a: Azelf
|
|
|switch|p2a: Rotom-Wash|Rotom-Wash|304\/304
|turn|3
|
|switch|p1a: Fuck Chansey|Blissey, F|680\/680
|-damage|p1a: Fuck Chansey|595\/680|[from] Stealth Rock
|move|p2a: Rotom-Wash|Volt Switch|p1a: Fuck Chansey
|-crit|p1a: Fuck Chansey
|-damage|p1a: Fuck Chansey|502\/680
|
|switch|p2a: Terrakion|Terrakion|324\/324
|
|-heal|p1a: Fuck Chansey|544\/680|[from] item: Leftovers
|turn|4
|
|switch|p2a: Slowbro|Slowbro, M|394\/394
|switch|p1a: Free Aegislash|Doublade, F|322\/322
|-damage|p1a: Free Aegislash|302\/322|[from] Stealth Rock
|
|turn|5
|
|detailschange|p2a: Slowbro|Slowbro-Mega, M
|-mega|p2a: Slowbro|Slowbro|Slowbronite
|move|p2a: Slowbro|Fire Blast|p1a: Free Aegislash
|-supereffective|p1a: Free Aegislash
|-damage|p1a: Free Aegislash|82\/322
|move|p1a: Free Aegislash|Toxic|p2a: Slowbro
|-status|p2a: Slowbro|tox
|
|-damage|p2a: Slowbro|370\/394 tox|[from] psn
|turn|6
|
|switch|p1a: Fuck Chansey|Blissey, F|544\/680
|-damage|p1a: Fuck Chansey|459\/680|[from] Stealth Rock
|move|p2a: Slowbro|Fire Blast|p1a: Fuck Chansey
|-damage|p1a: Fuck Chansey|367\/680
|
|-heal|p1a: Fuck Chansey|409\/680|[from] item: Leftovers
|-damage|p2a: Slowbro|322\/394 tox|[from] psn
|turn|7
|
|switch|p2a: Jirachi|Jirachi|342\/342
|move|p1a: Fuck Chansey|Stealth Rock|p2a: Jirachi
|-sidestart|p2: ForgottenGreninja|move: Stealth Rock
|
|-heal|p1a: Fuck Chansey|451\/680|[from] item: Leftovers
|turn|8
|
|switch|p1a: Mandibuzz.|Quagsire, F|394\/394
|-damage|p1a: Mandibuzz.|370\/394|[from] Stealth Rock
|move|p2a: Jirachi|Iron Head|p1a: Mandibuzz.
|-resisted|p1a: Mandibuzz.
|-damage|p1a: Mandibuzz.|321\/394
|
|-heal|p1a: Mandibuzz.|345\/394|[from] item: Leftovers
|turn|9
|
|switch|p2a: Slowbro|Slowbro-Mega, M|322\/394 tox
|-damage|p2a: Slowbro|273\/394 tox|[from] Stealth Rock
|move|p1a: Mandibuzz.|Scald|p2a: Slowbro
|-resisted|p2a: Slowbro
|-damage|p2a: Slowbro|235\/394 tox
|
|-heal|p1a: Mandibuzz.|369\/394|[from] item: Leftovers
|-damage|p2a: Slowbro|211\/394 tox|[from] psn
|turn|10
|
|switch|p1a: Regular Slowbro|Slowbro, F|394\/394
|-damage|p1a: Regular Slowbro|345\/394|[from] Stealth Rock
|move|p2a: Slowbro|Slack Off|p2a: Slowbro
|-heal|p2a: Slowbro|394\/394 tox
|
|-damage|p2a: Slowbro|346\/394 tox|[from] psn
|turn|11
|
|switch|p2a: Serperior|Serperior, M|292\/292
|-damage|p2a: Serperior|256\/292|[from] Stealth Rock
|detailschange|p1a: Regular Slowbro|Slowbro-Mega, F
|-mega|p1a: Regular Slowbro|Slowbro|Slowbronite
|move|p1a: Regular Slowbro|Calm Mind|p1a: Regular Slowbro
|-boost|p1a: Regular Slowbro|spa|1
|-boost|p1a: Regular Slowbro|spd|1
|
|turn|12
|
|switch|p2a: Terrakion|Terrakion|324\/324
|-damage|p2a: Terrakion|304\/324|[from] Stealth Rock
|move|p1a: Regular Slowbro|Psyshock|p2a: Terrakion
|-supereffective|p2a: Terrakion
|-damage|p2a: Terrakion|0 fnt
|faint|p2a: Terrakion
|
|
|switch|p2a: Serperior|Serperior, M|256\/292
|-damage|p2a: Serperior|220\/292|[from] Stealth Rock
|turn|13
|
|move|p2a: Serperior|Leaf Storm|p1a: Regular Slowbro
|-supereffective|p1a: Regular Slowbro
|-damage|p1a: Regular Slowbro|21\/394
|-boost|p2a: Serperior|spa|2
|move|p1a: Regular Slowbro|Psyshock|p2a: Serperior
|-damage|p2a: Serperior|45\/292
|
|turn|14
|
|move|p2a: Serperior|Leaf Storm|p1a: Regular Slowbro
|-supereffective|p1a: Regular Slowbro
|-damage|p1a: Regular Slowbro|0 fnt
|-boost|p2a: Serperior|spa|2
|faint|p1a: Regular Slowbro
|
|
|switch|p1a: Fuck Chansey|Blissey, F|451\/680
|-damage|p1a: Fuck Chansey|366\/680|[from] Stealth Rock
|turn|15
|
|move|p2a: Serperior|Giga Drain|p1a: Fuck Chansey
|-crit|p1a: Fuck Chansey
|-damage|p1a: Fuck Chansey|5\/680
|-heal|p2a: Serperior|226\/292|[from] drain|[of] p1a: Fuck Chansey
|move|p1a: Fuck Chansey|Seismic Toss|p2a: Serperior
|-damage|p2a: Serperior|126\/292
|
|-heal|p1a: Fuck Chansey|47\/680|[from] item: Leftovers
|turn|16
|
|move|p2a: Serperior|Leaf Storm|p1a: Fuck Chansey
|-damage|p1a: Fuck Chansey|0 fnt
|-boost|p2a: Serperior|spa|2
|faint|p1a: Fuck Chansey
|
|
|switch|p1a: Quagsire.|Mandibuzz, F|423\/423
|-damage|p1a: Quagsire.|318\/423|[from] Stealth Rock
|turn|17
|
|move|p2a: Serperior|Leaf Storm|p1a: Quagsire.
|-resisted|p1a: Quagsire.
|-damage|p1a: Quagsire.|0 fnt
|faint|p1a: Quagsire.
|
|
|switch|p1a: Charli XCX|Gothitelle, F|301\/301
|-damage|p1a: Charli XCX|264\/301|[from] Stealth Rock
|turn|18
|
|move|p2a: Serperior|Giga Drain|p1a: Charli XCX
|-damage|p1a: Charli XCX|0 fnt
|-heal|p2a: Serperior|258\/292|[from] drain|[of] p1a: Charli XCX
|faint|p1a: Charli XCX
|
|-message|altariaaa forfeited.
|
|win|ForgottenGreninja
|raw|Ladder updating...
|leave|altariaaa
|player|p1
|raw|altariaaa's rating: 1532 &rarr; <strong>1511<\/strong><br \/>(-21 for losing)
|raw|ForgottenGreninja's rating: 1511 &rarr; <strong>1532<\/strong><br \/>(+21 for winning)