|join|Jukain
|join|cosine180
|player|p1|Jukain|291
|player|p2|cosine180|33
|gametype|singles
|gen|6
|tier|OU
|clearpoke
|poke|p1|Slowbro, F
|poke|p1|Gliscor, M
|poke|p1|Heatran, M
|poke|p1|Tyranitar, F
|poke|p1|Latios, M
|poke|p1|Ferrothorn, F
|poke|p2|Tyranitar, M
|poke|p2|Sableye, F
|poke|p2|Tentacruel, F
|poke|p2|Gliscor, M
|poke|p2|Clefable, F
|poke|p2|Ferrothorn, F
|rule|Swagger Clause: Swagger is banned
|rule|Baton Pass Clause: Limit one Pokémon knowing Baton Pass
|rule|Sleep Clause Mod: Limit one foe put to sleep
|rule|Species Clause: Limit one of each Pokémon
|rule|OHKO Clause: OHKO moves are banned
|rule|Moody Clause: Moody is banned
|rule|Evasion Moves Clause: Evasion moves are banned
|rule|Endless Battle Clause: Forcing endless battles is banned
|rule|HP Percentage Mod: HP is shown in percentages
|teampreview
|c|★cosine180|hf
|c|★Jukain|u2
|c|★Jukain|*_*
|c|★cosine180|timer y\/n?
|join|c1one
|c|★Jukain|blegh
|c|★Jukain|idc
|join|gizmo
|c|★cosine180|k lets play without
|c|★Jukain|aight
|c| gizmo|lmao
|c|★cosine180|unless someone takes forever
|c| gizmo|this is gonna
|c| gizmo|be a while
|c| gizmo|unless jukain brought the sd scor
|c| gizmo|like a fucking man
|join|Ox the Box
|join|Cienight
|join|AM
|c|%AM|jukain
|join|GUnnerAGDomination
|join|East Asia swaglord
|join|Specs Fake-Out
|c|%AM|you're bad
|join|Tythaeus
|
|start
|switch|p1a: Heatran|Heatran, M|385\/385
|switch|p2a: Sableye|Sableye, F|304\/304
|turn|1
|c|%AM|:]
|c| Specs Fake-Out|lol
|c| Ox the Box|dats clearly sd gliscor
|c| gizmo|first turn burn
|join|Zamrock
|c| Specs Fake-Out|sd scor is devil
|c|★Jukain|obviously
|c| East Asia swaglord|pokemon0048 i believe
|join|Albyness
|c| Specs Fake-Out|ez
|join|daftmau5
|c| Ox the Box|but nothing that takes an sd beats clef
|join|rhaethj
|c| gizmo|there's no such thing as "clear" in pokemon ox
|join|Rob
|
|detailschange|p2a: Sableye|Sableye-Mega, F
|-mega|p2a: Sableye|Sableye|Sablenite
|move|p2a: Sableye|Calm Mind|p2a: Sableye
|-boost|p2a: Sableye|spa|1
|-boost|p2a: Sableye|spd|1
|move|p1a: Heatran|Lava Plume|p2a: Sableye
|-crit|p2a: Sableye
|-damage|p2a: Sableye|159\/304
|
|turn|2
|join|lil manaphy
|c| Ox the Box|i will have to say cosine has matchup
|c| Zamrock|fat team vs fat team
|c| Specs Fake-Out|nice
|c| Zamrock|nice
|c|★Jukain|AH
|c|★Jukain|:]
|c|★cosine180|now i have to risk another burn
|c|★cosine180|:\/
|c| Specs Fake-Out|go for it
|c| Ox the Box|u can win right here
|c| Zamrock|or u go to your check tenta
|c| Ox the Box|will o here
|c| Zamrock|!
|
|switch|p1a: Gliscor|Gliscor, M|354\/354
|move|p2a: Sableye|Recover|p2a: Sableye
|-heal|p2a: Sableye|304\/304
|
|-status|p1a: Gliscor|tox|[from] item: Toxic Orb
|turn|3
|c| Ox the Box|on his ttar
|c| Ox the Box|Ox the Box: will o here
|c| Specs Fake-Out|^^^
|c| daftmau5|ooo ocl. Gl boys
|
|move|p1a: Gliscor|Swords Dance|p1a: Gliscor
|-boost|p1a: Gliscor|atk|2
|move|p2a: Sableye|Shadow Ball|p1a: Gliscor
|-damage|p1a: Gliscor|233\/354 tox
|
|-heal|p1a: Gliscor|277\/354 tox|[from] ability: Poison Heal
|turn|4
|join|boltsandbombers
|c| Zamrock|my boy
|c| gizmo|gg
|c| Zamrock|has it
|c| boltsandbombers|ahh nice
|c| Specs Fake-Out|Ju~~kain~~ Lee, do the thing
|c| Ox the Box|Ox the Box: dats clearly sd gliscor
|
|switch|p2a: Clefable|Clefable, F|394\/394
|move|p1a: Gliscor|Knock Off|p2a: Clefable
|-resisted|p2a: Clefable
|-damage|p2a: Clefable|361\/394
|-enditem|p2a: Clefable|Leftovers|[from] move: Knock Off|[of] p1a: Gliscor
|
|-heal|p1a: Gliscor|321\/354 tox|[from] ability: Poison Heal
|turn|5
|c| Zamrock|that better be unaware clef
|c|★Jukain|ahh
|c| boltsandbombers|prob is
|c| Zamrock|unfortunate
|c|★Jukain|welp
|c| Ox the Box|hes taunt'
|c| Specs Fake-Out|no sd fling?
|c|★Jukain|ok
|c| Specs Fake-Out|shame
|c| Ox the Box|scor wins 1v1 eritiem
|
|move|p1a: Gliscor|Knock Off|p2a: Clefable
|-resisted|p2a: Clefable
|-damage|p2a: Clefable|340\/394
|move|p2a: Clefable|Moonblast|p1a: Gliscor
|-damage|p1a: Gliscor|219\/354 tox
|
|-heal|p1a: Gliscor|263\/354 tox|[from] ability: Poison Heal
|turn|6
|c| boltsandbombers|is this monoattacking knock?
|c| Ox the Box|y
|
|switch|p1a: Heatran|Heatran, M|385\/385
|move|p2a: Clefable|Moonblast|p1a: Heatran
|-resisted|p1a: Heatran
|-damage|p1a: Heatran|360\/385
|-unboost|p1a: Heatran|spa|1
|
|-heal|p1a: Heatran|384\/385|[from] item: Leftovers
|turn|7
|join|ryzed
|
|switch|p2a: Gliscor|Gliscor, M|353\/353
|move|p1a: Heatran|Lava Plume|p2a: Gliscor
|-damage|p2a: Gliscor|275\/353
|
|-heal|p1a: Heatran|385\/385|[from] item: Leftovers
|-status|p2a: Gliscor|tox|[from] item: Toxic Orb
|turn|8
|join|BIG ARBOCK
|c|★cosine180|phew
|c| East Asia swaglord|lame
|c| Zamrock|that was so rsiky
|c| Zamrock|rofl
|c|★Jukain|not rly sure
|c|★Jukain|why u went that
|c|★Jukain|instead o tenta
|c|★Jukain|o*
|c|★Jukain|lol
|c| gizmo|a burn
|c| Ox the Box|yeah
|c| gizmo|woulda been fucking hilarious
|c| boltsandbombers|tru
|c| gizmo|but we all know plume never burns
|c| Specs Fake-Out|he has burn heal
|c| Specs Fake-Out|its fine
|c| Zamrock|i rather have tenat burned the gliscor
|c| Zamrock|!
|c| gizmo|ok
|c|★Jukain|jesus christ
|c| gizmo|but jukain could have taunt tran?
|c|★Jukain|i hope this isn't
|
|switch|p1a: Gliscor|Gliscor, M|263\/354 tox
|move|p2a: Gliscor|Knock Off|p1a: Gliscor
|-damage|p1a: Gliscor|204\/354 tox
|-enditem|p1a: Gliscor|Toxic Orb|[from] move: Knock Off|[of] p2a: Gliscor
|
|-heal|p1a: Gliscor|248\/354 tox|[from] ability: Poison Heal
|-heal|p2a: Gliscor|319\/353 tox|[from] ability: Poison Heal
|turn|9
|c| Zamrock|unless ur heal bell clef
|c|★Jukain|well we'll see
|c| gizmo|and then clef could never heal?
|c|★Jukain|o_k
|c| Ox the Box|just kill clef
|
|move|p1a: Gliscor|Swords Dance|p1a: Gliscor
|-boost|p1a: Gliscor|atk|2
|move|p2a: Gliscor|Taunt|p1a: Gliscor
|-start|p1a: Gliscor|move: Taunt
|
|-heal|p1a: Gliscor|292\/354 tox|[from] ability: Poison Heal
|-heal|p2a: Gliscor|353\/353 tox|[from] ability: Poison Heal
|turn|10
|c| Ox the Box|go tran here
|c| Ox the Box|tbh
|c| gizmo|stop doing that
|join|Got an idea
|
|switch|p1a: Slowbro|Slowbro, F|394\/394
|switch|p2a: Clefable|Clefable, F|340\/394
|
|turn|11
|
|switch|p2a: Ferrothorn|Ferrothorn, F|352\/352
|detailschange|p1a: Slowbro|Slowbro-Mega, F
|-mega|p1a: Slowbro|Slowbro|Slowbronite
|move|p1a: Slowbro|Scald|p2a: Ferrothorn
|-resisted|p2a: Ferrothorn
|-damage|p2a: Ferrothorn|306\/352
|
|-heal|p2a: Ferrothorn|328\/352|[from] item: Leftovers
|turn|12
|c| Zamrock|why mega so early?
|c| Specs Fake-Out|^
|
|move|p1a: Slowbro|Scald|p2a: Ferrothorn
|-resisted|p2a: Ferrothorn
|-damage|p2a: Ferrothorn|286\/352
|move|p2a: Ferrothorn|Stealth Rock|p1a: Slowbro
|-sidestart|p1: Jukain|move: Stealth Rock
|
|-heal|p2a: Ferrothorn|308\/352|[from] item: Leftovers
|turn|13
|join|Tom Bus
|c|★cosine180|i almost brought the same team as u
|c|★cosine180|btw
|c|★Jukain|meh
|c| gizmo|lol
|c|★Jukain|it doesnt rly matter
|c| Specs Fake-Out|purple minds think alike
|c|★Jukain|@megaing
|c| Specs Fake-Out|so i hear
|c| Zamrock|can i see flamethrower
|c| Ox the Box|no reason to mega
|
|move|p1a: Slowbro|Scald|p2a: Ferrothorn
|-resisted|p2a: Ferrothorn
|-damage|p2a: Ferrothorn|259\/352
|-status|p2a: Ferrothorn|brn
|move|p2a: Ferrothorn|Leech Seed|p1a: Slowbro
|-start|p1a: Slowbro|move: Leech Seed
|
|-heal|p2a: Ferrothorn|281\/352 brn|[from] item: Leftovers
|-damage|p1a: Slowbro|345\/394|[from] Leech Seed|[of] p2a: Ferrothorn
|-heal|p2a: Ferrothorn|330\/352 brn|[silent]
|-damage|p2a: Ferrothorn|286\/352 brn|[from] brn
|turn|14
|c| gizmo|ahh
|c|★Jukain|and there it is
|join|BenzMafia
|c|★Jukain|:]
|leave|BenzMafia
|
|switch|p1a: Gliscor|Gliscor, M|292\/354 tox
|-damage|p1a: Gliscor|248\/354 tox|[from] Stealth Rock
|move|p2a: Ferrothorn|Power Whip|p1a: Gliscor
|-damage|p1a: Gliscor|196\/354 tox
|
|-heal|p2a: Ferrothorn|308\/352 brn|[from] item: Leftovers
|-heal|p1a: Gliscor|240\/354 tox|[from] ability: Poison Heal
|-damage|p2a: Ferrothorn|264\/352 brn|[from] brn
|turn|15
|leave|Tythaeus
|
|switch|p1a: Slowbro|Slowbro-Mega, F|345\/394
|-damage|p1a: Slowbro|296\/394|[from] Stealth Rock
|switch|p2a: Clefable|Clefable, F|340\/394
|
|turn|16
|
|move|p2a: Clefable|Moonblast|p1a: Slowbro
|-damage|p1a: Slowbro|182\/394
|move|p1a: Slowbro|Scald|p2a: Clefable
|-damage|p2a: Clefable|208\/394
|
|turn|17
|
|move|p2a: Clefable|Wish|p2a: Clefable
|move|p1a: Slowbro|Slack Off|p1a: Slowbro
|-heal|p1a: Slowbro|379\/394
|
|turn|18
|
|move|p2a: Clefable|Moonblast|p1a: Slowbro
|-damage|p1a: Slowbro|274\/394
|-unboost|p1a: Slowbro|spa|1
|move|p1a: Slowbro|Scald|p2a: Clefable
|-damage|p2a: Clefable|79\/394
|
|-heal|p2a: Clefable|276\/394|[from] move: Wish|[wisher] Clefable
|turn|19
|join|Kay Wap
|join|doughboy
|
|move|p2a: Clefable|Wish|p2a: Clefable
|move|p1a: Slowbro|Scald|p2a: Clefable
|-damage|p2a: Clefable|155\/394
|
|turn|20
|
|move|p2a: Clefable|Moonblast|p1a: Slowbro
|-damage|p1a: Slowbro|174\/394
|-unboost|p1a: Slowbro|spa|1
|move|p1a: Slowbro|Slack Off|p1a: Slowbro
|-heal|p1a: Slowbro|371\/394
|
|-heal|p2a: Clefable|352\/394|[from] move: Wish|[wisher] Clefable
|turn|21
|c| gizmo|I'll check back in 50 turns.
|leave|GUnnerAGDomination
|join|GUnnerAGDomination
|leave|GUnnerAGDomination
|
|switch|p1a: Heatran|Heatran, M|385\/385
|-damage|p1a: Heatran|337\/385|[from] Stealth Rock
|move|p2a: Clefable|Protect|p2a: Clefable
|-fail|p2a: Clefable
|
|-heal|p1a: Heatran|361\/385|[from] item: Leftovers
|turn|22
|leave|Cienight
|join|GUnnerAGDomination
|
|switch|p2a: Tentacruel|Tentacruel, F|363\/363
|move|p1a: Heatran|Stealth Rock|p2a: Tentacruel
|-sidestart|p2: cosine180|move: Stealth Rock
|
|-heal|p1a: Heatran|385\/385|[from] item: Leftovers
|turn|23
|
|move|p1a: Heatran|Lava Plume|p2a: Tentacruel
|-resisted|p2a: Tentacruel
|-damage|p2a: Tentacruel|324\/363
|move|p2a: Tentacruel|Toxic Spikes|p1a: Heatran
|-sidestart|p1: Jukain|move: Toxic Spikes
|
|-heal|p2a: Tentacruel|346\/363|[from] item: Black Sludge
|turn|24
|c| doughboy|:o
|
|move|p1a: Heatran|Lava Plume|p2a: Tentacruel
|-resisted|p2a: Tentacruel
|-damage|p2a: Tentacruel|309\/363
|move|p2a: Tentacruel|Rapid Spin|p1a: Heatran
|-resisted|p1a: Heatran
|-damage|p1a: Heatran|380\/385
|-sideend|p2: cosine180|Stealth Rock|[from] move: Rapid Spin|[of] p2a: Tentacruel
|
|-heal|p1a: Heatran|385\/385|[from] item: Leftovers
|-heal|p2a: Tentacruel|331\/363|[from] item: Black Sludge
|turn|25
|c| Ox the Box|matchup 2 bad pls nerf
|c|★Jukain|where are my burns in this game
|
|move|p1a: Heatran|Taunt|p2a: Tentacruel
|-start|p2a: Tentacruel|move: Taunt
|move|p2a: Tentacruel|Scald|p1a: Heatran
|-supereffective|p1a: Heatran
|-damage|p1a: Heatran|245\/385
|
|-heal|p1a: Heatran|269\/385|[from] item: Leftovers
|-heal|p2a: Tentacruel|353\/363|[from] item: Black Sludge
|turn|26
|c|★Jukain|UGH
|c|★Jukain|I FUCKING
|c|★Jukain|damnit.
|c|★cosine180|:\/
|
|move|p1a: Heatran|Stealth Rock|p2a: Tentacruel
|-sidestart|p2: cosine180|move: Stealth Rock
|move|p2a: Tentacruel|Scald|p1a: Heatran
|-supereffective|p1a: Heatran
|-damage|p1a: Heatran|135\/385
|
|-heal|p1a: Heatran|159\/385|[from] item: Leftovers
|-heal|p2a: Tentacruel|363\/363|[from] item: Black Sludge
|turn|27
|leave|Albyness
|
|switch|p1a: Latios|Latios, M|301\/301
|-damage|p1a: Latios|264\/301|[from] Stealth Rock
|move|p2a: Tentacruel|Scald|p1a: Latios
|-resisted|p1a: Latios
|-damage|p1a: Latios|229\/301
|
|-end|p2a: Tentacruel|move: Taunt
|turn|28
|
|switch|p1a: Gliscor|Gliscor, M|240\/354 tox
|-damage|p1a: Gliscor|196\/354 tox|[from] Stealth Rock
|switch|p2a: Tyranitar|Tyranitar, M|341\/341
|-damage|p2a: Tyranitar|299\/341|[from] Stealth Rock
|-weather|Sandstorm
|
|-weather|Sandstorm|[upkeep]
|-heal|p1a: Gliscor|240\/354 tox|[from] ability: Poison Heal
|turn|29
|
|switch|p2a: Clefable|Clefable, F|352\/394
|-damage|p2a: Clefable|303\/394|[from] Stealth Rock
|move|p1a: Gliscor|Earthquake|p2a: Clefable
|-damage|p2a: Clefable|198\/394
|
|-weather|Sandstorm|[upkeep]
|-damage|p2a: Clefable|174\/394|[from] sandstorm
|-heal|p1a: Gliscor|284\/354 tox|[from] ability: Poison Heal
|turn|30
|join|Rise of Anaconda
|join|yutts final form
|c| yutts final form|tbh js imo
|
|move|p1a: Gliscor|Earthquake|p2a: Clefable
|-damage|p2a: Clefable|83\/394
|move|p2a: Clefable|Wish|p2a: Clefable
|
|-weather|Sandstorm|[upkeep]
|-damage|p2a: Clefable|59\/394|[from] sandstorm
|-heal|p1a: Gliscor|328\/354 tox|[from] ability: Poison Heal
|turn|31
|
|switch|p1a: Ferrothorn|Ferrothorn, F|352\/352
|-damage|p1a: Ferrothorn|330\/352|[from] Stealth Rock
|move|p2a: Clefable|Protect|p2a: Clefable
|-fail|p2a: Clefable
|
|-weather|Sandstorm|[upkeep]
|-damage|p2a: Clefable|35\/394|[from] sandstorm
|-heal|p2a: Clefable|232\/394|[from] move: Wish|[wisher] Clefable
|-heal|p1a: Ferrothorn|352\/352|[from] item: Leftovers
|turn|32
|
|move|p2a: Clefable|Wish|p2a: Clefable
|move|p1a: Ferrothorn|Gyro Ball|p2a: Clefable
|-supereffective|p2a: Clefable
|-damage|p2a: Clefable|50\/394
|
|-weather|none
|turn|33
|
|move|p2a: Clefable|Protect|p2a: Clefable
|-singleturn|p2a: Clefable|Protect
|move|p1a: Ferrothorn|Spikes|p2a: Clefable
|-sidestart|p2: cosine180|Spikes
|
|-heal|p2a: Clefable|247\/394|[from] move: Wish|[wisher] Clefable
|turn|34
|
|switch|p1a: Gliscor|Gliscor, M|328\/354 tox
|-damage|p1a: Gliscor|284\/354 tox|[from] Stealth Rock
|move|p2a: Clefable|Wish|p2a: Clefable
|
|-heal|p1a: Gliscor|328\/354 tox|[from] ability: Poison Heal
|turn|35
|
|move|p1a: Gliscor|Knock Off|p2a: Clefable
|-resisted|p2a: Clefable
|-damage|p2a: Clefable|227\/394
|move|p2a: Clefable|Moonblast|p1a: Gliscor
|-damage|p1a: Gliscor|222\/354 tox
|-unboost|p1a: Gliscor|spa|1
|
|-heal|p2a: Clefable|394\/394|[from] move: Wish|[wisher] Clefable
|-heal|p1a: Gliscor|266\/354 tox|[from] ability: Poison Heal
|turn|36
|leave|Rise of Anaconda
|join|PISTOLERO
|
|move|p1a: Gliscor|Knock Off|p2a: Clefable
|-resisted|p2a: Clefable
|-damage|p2a: Clefable|374\/394
|move|p2a: Clefable|Moonblast|p1a: Gliscor
|-damage|p1a: Gliscor|163\/354 tox
|
|-heal|p1a: Gliscor|207\/354 tox|[from] ability: Poison Heal
|turn|37
|join|NocturOP
|
|move|p2a: Clefable|Protect|p2a: Clefable
|-singleturn|p2a: Clefable|Protect
|move|p1a: Gliscor|Roost|p1a: Gliscor
|-heal|p1a: Gliscor|354\/354 tox
|
|turn|38
|leave|yutts final form
|
|move|p1a: Gliscor|Knock Off|p2a: Clefable
|-resisted|p2a: Clefable
|-damage|p2a: Clefable|352\/394
|move|p2a: Clefable|Moonblast|p1a: Gliscor
|-damage|p1a: Gliscor|246\/354 tox
|-unboost|p1a: Gliscor|spa|1
|
|-heal|p1a: Gliscor|290\/354 tox|[from] ability: Poison Heal
|turn|39
|c| daftmau5|riveting stuff
|
|move|p1a: Gliscor|Swords Dance|p1a: Gliscor
|-boost|p1a: Gliscor|atk|2
|move|p2a: Clefable|Moonblast|p1a: Gliscor
|-damage|p1a: Gliscor|185\/354 tox
|
|-heal|p1a: Gliscor|229\/354 tox|[from] ability: Poison Heal
|turn|40
|join|Time Stall King
|
|move|p2a: Clefable|Protect|p2a: Clefable
|-singleturn|p2a: Clefable|Protect
|move|p1a: Gliscor|Knock Off|p2a: Clefable
|-activate|p2a: Clefable|Protect
|
|-heal|p1a: Gliscor|273\/354 tox|[from] ability: Poison Heal
|turn|41
|join|i hate garbage
|
|move|p1a: Gliscor|Knock Off|p2a: Clefable
|-resisted|p2a: Clefable
|-damage|p2a: Clefable|332\/394
|move|p2a: Clefable|Moonblast|p1a: Gliscor
|-damage|p1a: Gliscor|164\/354 tox
|-unboost|p1a: Gliscor|spa|1
|
|-heal|p1a: Gliscor|208\/354 tox|[from] ability: Poison Heal
|turn|42
|
|move|p1a: Gliscor|Roost|p1a: Gliscor
|-heal|p1a: Gliscor|354\/354 tox
|move|p2a: Clefable|Wish|p2a: Clefable
|
|turn|43
|
|move|p1a: Gliscor|Earthquake|p2a: Clefable
|-damage|p2a: Clefable|227\/394
|move|p2a: Clefable|Moonblast|p1a: Gliscor
|-damage|p1a: Gliscor|242\/354 tox
|-unboost|p1a: Gliscor|spa|1
|
|-heal|p2a: Clefable|394\/394|[from] move: Wish|[wisher] Clefable
|-heal|p1a: Gliscor|286\/354 tox|[from] ability: Poison Heal
|turn|44
|join|Jack41
|join|BabyI'mBanded
|leave|AM
|
|move|p1a: Gliscor|Knock Off|p2a: Clefable
|-resisted|p2a: Clefable
|-damage|p2a: Clefable|375\/394
|move|p2a: Clefable|Heal Bell|p2a: Clefable
|-cureteam|p2a: Clefable|[from] move: HealBell
|
|-heal|p1a: Gliscor|330\/354 tox|[from] ability: Poison Heal
|turn|45
|join|req'd by crobro
|join|I Iike Squirtles
|join|RayDalio
|c| Ox the Box|what
|c| Ox the Box|you've had eq this whole time
|c| ryzed|gliscor is gonna win this pp war
|leave|BabyI'mBanded
|
|move|p1a: Gliscor|Swords Dance|p1a: Gliscor
|-boost|p1a: Gliscor|atk|2
|move|p2a: Clefable|Wish|p2a: Clefable
|
|-heal|p1a: Gliscor|354\/354 tox|[from] ability: Poison Heal
|turn|46
|leave|Specs Fake-Out
|join|Specs Fake-Out
|leave|Specs Fake-Out
|join|Touymato
|c| ryzed|assuming heal bell last move
|c|★Jukain|he
|c|★Jukain|already used it
|leave|Touymato
|c| PISTOLERO|is the gliscor
|c| PISTOLERO|mono SD knock off
|join|RexFures
|c| PISTOLERO|?
|c| boltsandbombers|y
|c| Ox the Box|n
|c| Ox the Box|eq
|c| boltsandbombers|nvm
|
|move|p1a: Gliscor|Knock Off|p2a: Clefable
|-resisted|p2a: Clefable
|-damage|p2a: Clefable|354\/394
|move|p2a: Clefable|Moonblast|p1a: Gliscor
|-damage|p1a: Gliscor|255\/354 tox
|
|-heal|p2a: Clefable|394\/394|[from] move: Wish|[wisher] Clefable
|-heal|p1a: Gliscor|299\/354 tox|[from] ability: Poison Heal
|turn|47
|leave|RexFures
|leave|Ox the Box
|c| Rob|damn
|
|move|p1a: Gliscor|Swords Dance|p1a: Gliscor
|-boost|p1a: Gliscor|atk|2
|move|p2a: Clefable|Moonblast|p1a: Gliscor
|-damage|p1a: Gliscor|202\/354 tox
|-unboost|p1a: Gliscor|spa|1
|
|-heal|p1a: Gliscor|246\/354 tox|[from] ability: Poison Heal
|turn|48
|
|move|p1a: Gliscor|Roost|p1a: Gliscor
|-heal|p1a: Gliscor|354\/354 tox
|move|p2a: Clefable|Moonblast|p1a: Gliscor
|-damage|p1a: Gliscor|252\/354 tox
|
|-heal|p1a: Gliscor|296\/354 tox|[from] ability: Poison Heal
|turn|49
|leave|doughboy
|
|move|p1a: Gliscor|Swords Dance|p1a: Gliscor
|-fail|p1a: Gliscor
|move|p2a: Clefable|Moonblast|p1a: Gliscor
|-damage|p1a: Gliscor|188\/354 tox
|
|-heal|p1a: Gliscor|232\/354 tox|[from] ability: Poison Heal
|turn|50
|join|Tythaeus
|join|Bluwing
|
|switch|p2a: Gliscor|Gliscor, M|353\/353
|-damage|p2a: Gliscor|309\/353|[from] Stealth Rock
|move|p1a: Gliscor|Swords Dance|p1a: Gliscor
|-fail|p1a: Gliscor
|
|-heal|p1a: Gliscor|276\/354 tox|[from] ability: Poison Heal
|-status|p2a: Gliscor|tox|[from] item: Toxic Orb
|turn|51
|join|AdvanceShip
|c|★cosine180|progress!
|c| ryzed|rofl
|c|★cosine180|p sure i just lost to this tho
|leave|Tythaeus
|
|move|p1a: Gliscor|Knock Off|p2a: Gliscor
|-damage|p2a: Gliscor|89\/353 tox
|-enditem|p2a: Gliscor|Toxic Orb|[from] move: Knock Off|[of] p1a: Gliscor
|move|p2a: Gliscor|Roost|p2a: Gliscor
|-heal|p2a: Gliscor|266\/353 tox
|
|-heal|p1a: Gliscor|320\/354 tox|[from] ability: Poison Heal
|-heal|p2a: Gliscor|310\/353 tox|[from] ability: Poison Heal
|turn|52
|c| ryzed|oh my fucken god
|join|Bluwing BITG
|c| ryzed|this is gonna go on for even more turns
|c|★cosine180|:]
|
|move|p1a: Gliscor|Knock Off|p2a: Gliscor
|-damage|p2a: Gliscor|138\/353 tox
|move|p2a: Gliscor|Roost|p2a: Gliscor
|-heal|p2a: Gliscor|315\/353 tox
|
|-heal|p1a: Gliscor|354\/354 tox|[from] ability: Poison Heal
|-heal|p2a: Gliscor|353\/353 tox|[from] ability: Poison Heal
|turn|53
|
|switch|p1a: Slowbro|Slowbro-Mega, F|371\/394
|-damage|p1a: Slowbro|322\/394|[from] Stealth Rock
|-status|p1a: Slowbro|psn
|move|p2a: Gliscor|Taunt|p1a: Slowbro
|-start|p1a: Slowbro|move: Taunt
|
|-damage|p1a: Slowbro|273\/394 psn|[from] psn
|turn|54
|c|★cosine180|aye
|c|★Jukain|yea i can only win
|c|★Jukain|so many pp stall war
|c|★Jukain|s
|c|★Jukain|l0l
|c|★cosine180|yea
|c| ryzed|i wish tenta
|c| ryzed|had 2 layers up
|
|switch|p1a: Latios|Latios, M|229\/301
|-damage|p1a: Latios|192\/301|[from] Stealth Rock
|move|p2a: Gliscor|Earthquake|p1a: Latios
|-immune|p1a: Latios|[msg]
|
|turn|55
|c| ryzed|so mega slowbro wont stall another 20 turns
|
|switch|p1a: Gliscor|Gliscor, M|354\/354 tox
|-damage|p1a: Gliscor|310\/354 tox|[from] Stealth Rock
|move|p2a: Gliscor|Knock Off|p1a: Gliscor
|-crit|p1a: Gliscor
|-damage|p1a: Gliscor|246\/354 tox
|
|-heal|p1a: Gliscor|290\/354 tox|[from] ability: Poison Heal
|turn|56
|
|switch|p1a: Ferrothorn|Ferrothorn, F|352\/352
|-damage|p1a: Ferrothorn|330\/352|[from] Stealth Rock
|move|p2a: Gliscor|Taunt|p1a: Ferrothorn
|-start|p1a: Ferrothorn|move: Taunt
|
|-heal|p1a: Ferrothorn|352\/352|[from] item: Leftovers
|turn|57
|join|yutts final form
|
|move|p2a: Gliscor|Knock Off|p1a: Ferrothorn
|-damage|p1a: Ferrothorn|304\/352
|-damage|p2a: Gliscor|309\/353 tox|[from] ability: Iron Barbs|[of] p1a: Ferrothorn
|-enditem|p1a: Ferrothorn|Leftovers|[from] move: Knock Off|[of] p2a: Gliscor
|move|p1a: Ferrothorn|Power Whip|p2a: Gliscor
|-damage|p2a: Gliscor|191\/353 tox
|
|-heal|p2a: Gliscor|235\/353 tox|[from] ability: Poison Heal
|turn|58
|c| Zamrock|cosine
|leave|Bluwing BITG
|c| Zamrock|how do u make a team so gardevoir weak
|join|Bluwing BITG
|leave|Bluwing BITG
|c| Zamrock|lol
|c|★cosine180|o
|c| Zamrock|n_n
|c|★cosine180|good thing no one uses that
|c|★cosine180|anymore
|c| Zamrock|rofl
|
|move|p2a: Gliscor|Earthquake|p1a: Ferrothorn
|-damage|p1a: Ferrothorn|225\/352
|move|p1a: Ferrothorn|Power Whip|p2a: Gliscor
|-damage|p2a: Gliscor|132\/353 tox
|
|-heal|p2a: Gliscor|176\/353 tox|[from] ability: Poison Heal
|turn|59
|c| Tom Bus|just don't put rachi on your team, Zam
|c| Tom Bus|it's easy
|c|★cosine180|and im good at dodging focus blasts :P
|c| Zamrock|Tom Bus
|c| Zamrock|my main nigga
|c| Zamrock|what's gucci
|c| Tom Bus|:]
|c| Zamrock|:]
|
|move|p2a: Gliscor|Earthquake|p1a: Ferrothorn
|-damage|p1a: Ferrothorn|146\/352
|move|p1a: Ferrothorn|Power Whip|p2a: Gliscor
|-damage|p2a: Gliscor|70\/353 tox
|
|-heal|p2a: Gliscor|114\/353 tox|[from] ability: Poison Heal
|-end|p1a: Ferrothorn|move: Taunt
|turn|60
|
|move|p2a: Gliscor|Roost|p2a: Gliscor
|-heal|p2a: Gliscor|291\/353 tox
|move|p1a: Ferrothorn|Leech Seed|p2a: Gliscor
|-start|p2a: Gliscor|move: Leech Seed
|
|-damage|p2a: Gliscor|247\/353 tox|[from] Leech Seed|[of] p1a: Ferrothorn
|-heal|p1a: Ferrothorn|190\/352|[silent]
|-heal|p2a: Gliscor|291\/353 tox|[from] ability: Poison Heal
|turn|61
|c| Zamrock|remember when SD gliscor wasn't a thing a month ago?
|c| Zamrock|now it's everywhere
|c| Zamrock|!
|c| ryzed|beats sableye
|c|★cosine180|:\/
|
|switch|p2a: Sableye|Sableye-Mega, F|304\/304
|-damage|p2a: Sableye|266\/304|[from] Stealth Rock
|-damage|p2a: Sableye|228\/304|[from] Spikes
|switch|p1a: Gliscor|Gliscor, M|290\/354 tox
|-damage|p1a: Gliscor|246\/354 tox|[from] Stealth Rock
|
|-heal|p1a: Gliscor|290\/354 tox|[from] ability: Poison Heal
|turn|62
|c| Zamrock|it beats a lot of things
|
|switch|p1a: Latios|Latios, M|192\/301
|-damage|p1a: Latios|155\/301|[from] Stealth Rock
|switch|p2a: Gliscor|Gliscor, M|291\/353 tox
|-damage|p2a: Gliscor|247\/353 tox|[from] Stealth Rock
|
|-heal|p2a: Gliscor|291\/353 tox|[from] ability: Poison Heal
|turn|63
|join|Agilis
|c| Agilis|Turn 63: No mon down.
|c| Agilis|?
|leave|NocturOP
|join|NocturOP
|leave|NocturOP
|
|switch|p2a: Ferrothorn|Ferrothorn, F|264\/352
|-damage|p2a: Ferrothorn|242\/352|[from] Stealth Rock
|-damage|p2a: Ferrothorn|198\/352|[from] Spikes
|move|p1a: Latios|Draco Meteor|p2a: Ferrothorn
|-resisted|p2a: Ferrothorn
|-damage|p2a: Ferrothorn|77\/352
|-unboost|p1a: Latios|spa|2
|-damage|p1a: Latios|125\/301|[from] item: Life Orb
|
|-heal|p2a: Ferrothorn|99\/352|[from] item: Leftovers
|turn|64
|c| ryzed|not even stall vs stall
|c| ryzed|balance vs balance
|c| Zamrock|i mean
|c| Zamrock|balance tends to be fat
|c| Zamrock|so i'm not surprised
|
|move|p1a: Latios|Roost|p1a: Latios
|-heal|p1a: Latios|276\/301
|move|p2a: Ferrothorn|Gyro Ball|p1a: Latios
|-damage|p1a: Latios|72\/301
|
|-heal|p2a: Ferrothorn|121\/352|[from] item: Leftovers
|turn|65
|
|switch|p1a: Ferrothorn|Ferrothorn, F|190\/352
|-damage|p1a: Ferrothorn|168\/352|[from] Stealth Rock
|move|p2a: Ferrothorn|Leech Seed|p1a: Ferrothorn
|-immune|p1a: Ferrothorn|[msg]
|
|-heal|p2a: Ferrothorn|143\/352|[from] item: Leftovers
|turn|66
|c| Zamrock|it begins
|c| Zamrock|have fun u2
|
|switch|p2a: Tentacruel|Tentacruel, F|363\/363
|-damage|p2a: Tentacruel|318\/363|[from] Stealth Rock
|-damage|p2a: Tentacruel|273\/363|[from] Spikes
|move|p1a: Ferrothorn|Power Whip|p2a: Tentacruel|[miss]
|-miss|p1a: Ferrothorn|p2a: Tentacruel
|
|-heal|p2a: Tentacruel|295\/363|[from] item: Black Sludge
|turn|67
|c|★Jukain|FUCK
|c|★cosine180|o
|c|★cosine180|sry
|c|★cosine180|:\/
|c|★Jukain|jesus christ
|c|★Jukain|lol
|c|★Jukain|that does
|c|★Jukain|a clean 50%
|c| Zamrock|niggas asking me in PM
|c| Zamrock|what's good and what isn't
|
|switch|p1a: Tyranitar|Tyranitar, F|341\/341
|-status|p1a: Tyranitar|psn
|-damage|p1a: Tyranitar|299\/341 psn|[from] Stealth Rock
|-weather|Sandstorm
|move|p2a: Tentacruel|Rapid Spin|p1a: Tyranitar
|-resisted|p1a: Tyranitar
|-damage|p1a: Tyranitar|294\/341 psn
|-sideend|p2: cosine180|Spikes|[from] move: Rapid Spin|[of] p2a: Tentacruel
|-sideend|p2: cosine180|Stealth Rock|[from] move: Rapid Spin|[of] p2a: Tentacruel
|
|-weather|Sandstorm|[upkeep]
|-damage|p2a: Tentacruel|273\/363|[from] sandstorm
|-heal|p2a: Tentacruel|295\/363|[from] item: Black Sludge
|-damage|p1a: Tyranitar|252\/341 psn|[from] psn
|turn|68
|c| Zamrock|-
|c|★Jukain|ugh lol
|c|★Jukain|i had
|c|★Jukain|the best position
|c| Zamrock|all gud just pursuit this shit
|leave|Time Stall King
|join|Ox the Box
|
|move|p1a: Tyranitar|Pursuit|p2a: Tentacruel|[from]Pursuit
|-damage|p2a: Tentacruel|93\/363
|switch|p2a: Gliscor|Gliscor, M|291\/353 tox
|
|-weather|Sandstorm|[upkeep]
|-damage|p1a: Tyranitar|210\/341 psn|[from] psn
|-heal|p2a: Gliscor|335\/353 tox|[from] ability: Poison Heal
|turn|69
|leave|Ox the Box
|join|Ox the Box
|c| Zamrock|told you
|leave|Ox the Box
|join|Ox the Box
|c| Zamrock|bop
|
|switch|p1a: Gliscor|Gliscor, M|290\/354 tox
|-damage|p1a: Gliscor|246\/354 tox|[from] Stealth Rock
|move|p2a: Gliscor|Taunt|p1a: Gliscor
|-start|p1a: Gliscor|move: Taunt
|
|-weather|Sandstorm|[upkeep]
|-heal|p1a: Gliscor|290\/354 tox|[from] ability: Poison Heal
|-heal|p2a: Gliscor|353\/353 tox|[from] ability: Poison Heal
|turn|70
|c|★cosine180|tbf i was fine with sacking tentacruel there
|c|★cosine180|but still sucks
|c|★Jukain|i lose
|c|★Jukain|anyways
|join|fatheroftheyear
|
|move|p1a: Gliscor|Knock Off|p2a: Gliscor
|-damage|p2a: Gliscor|314\/353 tox
|move|p2a: Gliscor|Knock Off|p1a: Gliscor
|-crit|p1a: Gliscor
|-damage|p1a: Gliscor|223\/354 tox
|
|-weather|Sandstorm|[upkeep]
|-heal|p1a: Gliscor|267\/354 tox|[from] ability: Poison Heal
|-heal|p2a: Gliscor|353\/353 tox|[from] ability: Poison Heal
|turn|71
|c| Zamrock|gliscor can still win
|
|move|p1a: Gliscor|Knock Off|p2a: Gliscor
|-damage|p2a: Gliscor|315\/353 tox
|move|p2a: Gliscor|Knock Off|p1a: Gliscor
|-damage|p1a: Gliscor|228\/354 tox
|
|-weather|none
|-heal|p1a: Gliscor|272\/354 tox|[from] ability: Poison Heal
|-heal|p2a: Gliscor|353\/353 tox|[from] ability: Poison Heal
|turn|72
|c| Zamrock|if u play it right
|c|★Jukain|no it cant
|c|★Jukain|lol
|c|★cosine180|na
|c| Zamrock|?
|c|★cosine180|i pp stall with clef and this
|c|★Jukain|he has
|c|★Jukain|2 answers
|c| Zamrock|u out of EQ's already
|c| Zamrock|rofl
|c| Zamrock|welp
|
|move|p1a: Gliscor|Knock Off|p2a: Gliscor
|-damage|p2a: Gliscor|315\/353 tox
|move|p2a: Gliscor|Knock Off|p1a: Gliscor
|-damage|p1a: Gliscor|227\/354 tox
|
|-heal|p1a: Gliscor|271\/354 tox|[from] ability: Poison Heal
|-heal|p2a: Gliscor|353\/353 tox|[from] ability: Poison Heal
|-end|p1a: Gliscor|move: Taunt
|turn|73
|c| boltsandbombers|this is still going on
|c| boltsandbombers|wtf
|c|★cosine180|i think even with tentacruel dead this would be fine for me
|raw|<div class="broadcast-red"><b>Moderated chat was set to +!<\/b><br \/>Only users of rank + and higher can talk.<\/div>
|
|move|p1a: Gliscor|Earthquake|p2a: Gliscor
|-immune|p2a: Gliscor|[msg]
|move|p2a: Gliscor|Taunt|p1a: Gliscor
|-start|p1a: Gliscor|move: Taunt
|
|-heal|p1a: Gliscor|315\/354 tox|[from] ability: Poison Heal
|turn|74
|leave|Ox the Box
|join|Ox the Box
|leave|Ox the Box
|leave|fatheroftheyear
|leave|Zamrock
|
|move|p1a: Gliscor|Knock Off|p2a: Gliscor
|-crit|p2a: Gliscor
|-damage|p2a: Gliscor|296\/353 tox
|move|p2a: Gliscor|Knock Off|p1a: Gliscor
|-damage|p1a: Gliscor|272\/354 tox
|
|-heal|p1a: Gliscor|316\/354 tox|[from] ability: Poison Heal
|-heal|p2a: Gliscor|340\/353 tox|[from] ability: Poison Heal
|turn|75
|
|move|p1a: Gliscor|Earthquake|p2a: Gliscor
|-immune|p2a: Gliscor|[msg]
|move|p2a: Gliscor|Knock Off|p1a: Gliscor
|-damage|p1a: Gliscor|273\/354 tox
|
|-heal|p1a: Gliscor|317\/354 tox|[from] ability: Poison Heal
|-heal|p2a: Gliscor|353\/353 tox|[from] ability: Poison Heal
|turn|76
|
|move|p1a: Gliscor|Knock Off|p2a: Gliscor
|-damage|p2a: Gliscor|309\/353 tox
|move|p2a: Gliscor|Knock Off|p1a: Gliscor
|-damage|p1a: Gliscor|275\/354 tox
|
|-heal|p1a: Gliscor|319\/354 tox|[from] ability: Poison Heal
|-heal|p2a: Gliscor|353\/353 tox|[from] ability: Poison Heal
|-end|p1a: Gliscor|move: Taunt
|turn|77
|
|move|p1a: Gliscor|Swords Dance|p1a: Gliscor
|-boost|p1a: Gliscor|atk|2
|move|p2a: Gliscor|Taunt|p1a: Gliscor
|-start|p1a: Gliscor|move: Taunt
|
|-heal|p1a: Gliscor|354\/354 tox|[from] ability: Poison Heal
|turn|78
|
|switch|p2a: Clefable|Clefable, F|394\/394
|move|p1a: Gliscor|Knock Off|p2a: Clefable
|-resisted|p2a: Clefable
|-damage|p2a: Clefable|374\/394
|
|turn|79
|
|switch|p1a: Heatran|Heatran, M|159\/385
|-damage|p1a: Heatran|111\/385|[from] Stealth Rock
|switch|p2a: Gliscor|Gliscor, M|353\/353 tox
|
|-heal|p1a: Heatran|135\/385|[from] item: Leftovers
|turn|80
|
|move|p1a: Heatran|Stealth Rock|p2a: Gliscor
|-sidestart|p2: cosine180|move: Stealth Rock
|move|p2a: Gliscor|Earthquake|p1a: Heatran
|-supereffective|p1a: Heatran
|-damage|p1a: Heatran|0 fnt
|faint|p1a: Heatran
|
|leave|Kay Wap
|
|switch|p1a: Slowbro|Slowbro-Mega, F|273\/394 psn
|-damage|p1a: Slowbro|224\/394 psn|[from] Stealth Rock
|turn|81
|
|move|p2a: Gliscor|Taunt|p1a: Slowbro
|-start|p1a: Slowbro|move: Taunt
|move|p1a: Slowbro|Scald|p2a: Gliscor
|-supereffective|p2a: Gliscor
|-damage|p2a: Gliscor|125\/353 tox
|
|-heal|p2a: Gliscor|169\/353 tox|[from] ability: Poison Heal
|-damage|p1a: Slowbro|175\/394 psn|[from] psn
|turn|82
|
|move|p2a: Gliscor|Roost|p2a: Gliscor
|-heal|p2a: Gliscor|346\/353 tox
|move|p1a: Slowbro|Scald|p2a: Gliscor
|-supereffective|p2a: Gliscor
|-damage|p2a: Gliscor|106\/353 tox
|
|-heal|p2a: Gliscor|150\/353 tox|[from] ability: Poison Heal
|-damage|p1a: Slowbro|126\/394 psn|[from] psn
|turn|83
|
|move|p2a: Gliscor|Roost|p2a: Gliscor
|-heal|p2a: Gliscor|327\/353 tox
|move|p1a: Slowbro|Scald|p2a: Gliscor
|-supereffective|p2a: Gliscor
|-damage|p2a: Gliscor|109\/353 tox
|
|-heal|p2a: Gliscor|153\/353 tox|[from] ability: Poison Heal
|-damage|p1a: Slowbro|77\/394 psn|[from] psn
|-end|p1a: Slowbro|move: Taunt
|turn|84
|
|switch|p2a: Tentacruel|Tentacruel, F|93\/363
|-damage|p2a: Tentacruel|48\/363|[from] Stealth Rock
|move|p1a: Slowbro|Slack Off|p1a: Slowbro
|-heal|p1a: Slowbro|274\/394 psn
|
|-heal|p2a: Tentacruel|70\/363|[from] item: Black Sludge
|-damage|p1a: Slowbro|225\/394 psn|[from] psn
|turn|85
|
|move|p2a: Tentacruel|Rapid Spin|p1a: Slowbro
|-damage|p1a: Slowbro|219\/394 psn
|-sideend|p2: cosine180|Stealth Rock|[from] move: Rapid Spin|[of] p2a: Tentacruel
|move|p1a: Slowbro|Slack Off|p1a: Slowbro
|-heal|p1a: Slowbro|394\/394 psn
|
|-heal|p2a: Tentacruel|92\/363|[from] item: Black Sludge
|-damage|p1a: Slowbro|345\/394 psn|[from] psn
|turn|86
|
|switch|p2a: Ferrothorn|Ferrothorn, F|143\/352
|move|p1a: Slowbro|Psyshock|p2a: Ferrothorn
|-resisted|p2a: Ferrothorn
|-damage|p2a: Ferrothorn|104\/352
|
|-heal|p2a: Ferrothorn|126\/352|[from] item: Leftovers
|-damage|p1a: Slowbro|296\/394 psn|[from] psn
|turn|87
|
|move|p1a: Slowbro|Scald|p2a: Ferrothorn
|-resisted|p2a: Ferrothorn
|-damage|p2a: Ferrothorn|80\/352
|move|p2a: Ferrothorn|Power Whip|p1a: Slowbro
|-supereffective|p1a: Slowbro
|-damage|p1a: Slowbro|152\/394 psn
|
|-heal|p2a: Ferrothorn|102\/352|[from] item: Leftovers
|-damage|p1a: Slowbro|103\/394 psn|[from] psn
|turn|88
|
|move|p1a: Slowbro|Slack Off|p1a: Slowbro
|-heal|p1a: Slowbro|300\/394 psn
|move|p2a: Ferrothorn|Leech Seed|p1a: Slowbro
|-start|p1a: Slowbro|move: Leech Seed
|
|-heal|p2a: Ferrothorn|124\/352|[from] item: Leftovers
|-damage|p1a: Slowbro|251\/394 psn|[from] Leech Seed|[of] p2a: Ferrothorn
|-heal|p2a: Ferrothorn|173\/352|[silent]
|-damage|p1a: Slowbro|202\/394 psn|[from] psn
|turn|89
|
|switch|p1a: Ferrothorn|Ferrothorn, F|168\/352
|-damage|p1a: Ferrothorn|146\/352|[from] Stealth Rock
|move|p2a: Ferrothorn|Power Whip|p1a: Ferrothorn|[miss]
|-miss|p2a: Ferrothorn|p1a: Ferrothorn
|
|-heal|p2a: Ferrothorn|195\/352|[from] item: Leftovers
|turn|90
|leave|lil manaphy
|join|lil manaphy
|leave|lil manaphy
|
|switch|p2a: Sableye|Sableye-Mega, F|228\/304
|move|p1a: Ferrothorn|Power Whip|p2a: Sableye
|-damage|p2a: Sableye|146\/304
|
|turn|91
|
|switch|p1a: Gliscor|Gliscor, M|354\/354 tox
|-damage|p1a: Gliscor|310\/354 tox|[from] Stealth Rock
|move|p2a: Sableye|Recover|p2a: Sableye
|-heal|p2a: Sableye|298\/304
|
|-heal|p1a: Gliscor|354\/354 tox|[from] ability: Poison Heal
|turn|92
|
|switch|p1a: Latios|Latios, M|72\/301
|-damage|p1a: Latios|35\/301|[from] Stealth Rock
|switch|p2a: Gliscor|Gliscor, M|153\/353 tox
|
|-heal|p2a: Gliscor|197\/353 tox|[from] ability: Poison Heal
|turn|93
|
|switch|p2a: Tyranitar|Tyranitar, M|299\/341
|-weather|Sandstorm
|move|p1a: Latios|Roost|p1a: Latios
|-heal|p1a: Latios|186\/301
|
|-weather|Sandstorm|[upkeep]
|-damage|p1a: Latios|168\/301|[from] sandstorm
|turn|94
|leave|ryzed
|join|ryzed
|leave|ryzed
|
|move|p2a: Tyranitar|Crunch|p1a: Latios
|-supereffective|p1a: Latios
|-damage|p1a: Latios|0 fnt
|faint|p1a: Latios
|
|-weather|Sandstorm|[upkeep]
|c|★Jukain|sigh
|c|★Jukain|gg
|
|switch|p1a: Gliscor|Gliscor, M|354\/354 tox
|-damage|p1a: Gliscor|310\/354 tox|[from] Stealth Rock
|turn|95
|c|★Jukain|this is why
|c|★Jukain|i play nothing on main
|c|★cosine180|gg
|c|★Jukain|that actually matters
|c|★cosine180|hm?
|
|switch|p2a: Gliscor|Gliscor, M|197\/353 tox
|move|p1a: Gliscor|Swords Dance|p1a: Gliscor
|-boost|p1a: Gliscor|atk|2
|
|-weather|Sandstorm|[upkeep]
|-heal|p1a: Gliscor|354\/354 tox|[from] ability: Poison Heal
|-heal|p2a: Gliscor|241\/353 tox|[from] ability: Poison Heal
|turn|96
|leave|BIG ARBOCK
|
|move|p1a: Gliscor|Swords Dance|p1a: Gliscor
|-boost|p1a: Gliscor|atk|2
|move|p2a: Gliscor|Roost|p2a: Gliscor
|-heal|p2a: Gliscor|353\/353 tox
|
|-weather|Sandstorm|[upkeep]
|turn|97
|c|★Jukain|because then this happens
|c|★Jukain|and none of my stuff
|c|★Jukain|goes through
|
|move|p1a: Gliscor|Swords Dance|p1a: Gliscor
|-boost|p1a: Gliscor|atk|2
|move|p2a: Gliscor|Taunt|p1a: Gliscor
|-start|p1a: Gliscor|move: Taunt
|
|-weather|none
|turn|98
|
|move|p1a: Gliscor|Earthquake|p2a: Gliscor
|-immune|p2a: Gliscor|[msg]
|move|p2a: Gliscor|Knock Off|p1a: Gliscor
|-damage|p1a: Gliscor|312\/354 tox
|
|-heal|p1a: Gliscor|354\/354 tox|[from] ability: Poison Heal
|turn|99
|c|★Jukain|i tried to knock off
|c|★Jukain|on the turn gliscor switched in
|c|★Jukain|and tons of other stuff
|
|switch|p2a: Clefable|Clefable, F|374\/394
|move|p1a: Gliscor|Knock Off|p2a: Clefable
|-resisted|p2a: Clefable
|-damage|p2a: Clefable|353\/394
|
|turn|100
|-message|Jukain forfeited.
|c|★Jukain|no point in wasting your time
|c|★cosine180|gg
|
|win|cosine180
|c|★cosine180|:]
|leave|Jukain
|join|Jukain
|leave|Jukain
|join|Jukain
|player|p1
|leave|c1one
|leave|Jukain
|join|Jukain
|leave|i hate garbage
|leave|Jukain
|join|Jukain
|leave|Jukain
|join|Jukain
|leave|Jukain
|leave|PISTOLERO
|join|PISTOLERO
|leave|PISTOLERO
|leave|I Iike Squirtles
|join|I Iike Squirtles
|leave|I Iike Squirtles
|leave|AdvanceShip
|leave|Tom Bus
|leave|cosine180
|player|p2
|leave|Got an idea
|leave|GUnnerAGDomination
|join|GUnnerAGDomination
|leave|GUnnerAGDomination
|join|Jukain
|leave|Jukain
|join|Jukain
|leave|Jukain
|leave|Agilis
|join|cosine180
|leave|cosine180
|leave|gizmo
|leave|yutts final form
|leave|daftmau5
|join|daftmau5
|leave|daftmau5
|join|gizmo
|leave|gizmo
|leave|Rob
|leave|Jack41
|join|Jack41
|leave|Jack41
|leave|req'd by crobro
|join|req'd by crobro
|leave|req'd by crobro