|join|Silverbacks
|join|Monster 87
|player|p1|Silverbacks|106
|player|p2|Monster 87|2
|gametype|singles
|gen|6
|tier|OU
|rated
|clearpoke
|poke|p1|Latias, F
|poke|p1|Azumarill, M
|poke|p1|Azelf
|poke|p1|Mamoswine, F
|poke|p1|Scizor, F
|poke|p1|Talonflame, M
|poke|p2|Tyranitar, M, shiny
|poke|p2|Excadrill, F, shiny
|poke|p2|Gallade, M
|poke|p2|Rotom-Wash
|poke|p2|Ferrothorn, M
|poke|p2|Victini
|rule|Swagger Clause: Swagger is banned
|rule|Baton Pass Clause: Limit one Pokémon knowing Baton Pass
|rule|Sleep Clause Mod: Limit one foe put to sleep
|rule|Species Clause: Limit one of each Pokémon
|rule|OHKO Clause: OHKO moves are banned
|rule|Moody Clause: Moody is banned
|rule|Evasion Moves Clause: Evasion moves are banned
|rule|Endless Battle Clause: Forcing endless battles is banned
|rule|HP Percentage Mod: HP is shown in percentages
|teampreview
|join|The Goomy
|
|start
|switch|p1a: Kamikaze|Azelf|291\/291
|switch|p2a: Mandatory Water|Rotom-Wash|303\/303
|turn|1
|
|move|p1a: Kamikaze|Stealth Rock|p2a: Mandatory Water
|-sidestart|p2: Monster 87|move: Stealth Rock
|move|p2a: Mandatory Water|Volt Switch|p1a: Kamikaze
|-damage|p1a: Kamikaze|168\/291
|join|boltsandbombers
|
|switch|p2a: Victini|Victini|341\/341
|-damage|p2a: Victini|256\/341|[from] Stealth Rock
|
|turn|2
|
|move|p2a: Victini|U-turn|p1a: Kamikaze
|-supereffective|p1a: Kamikaze
|-damage|p1a: Kamikaze|0 fnt
|faint|p1a: Kamikaze
|
|switch|p2a: Mandatory Grass|Ferrothorn, M|352\/352
|-damage|p2a: Mandatory Grass|330\/352|[from] Stealth Rock
|
|-heal|p2a: Mandatory Grass|352\/352|[from] item: Leftovers
|
|switch|p1a: Wright|Talonflame, M|329\/329
|turn|3
|
|switch|p2a: Mandatory Water|Rotom-Wash|303\/303
|-damage|p2a: Mandatory Water|266\/303|[from] Stealth Rock
|move|p1a: Wright|Will-O-Wisp|p2a: Mandatory Water
|-status|p2a: Mandatory Water|brn
|
|-heal|p2a: Mandatory Water|284\/303 brn|[from] item: Leftovers
|-damage|p2a: Mandatory Water|247\/303 brn|[from] brn
|turn|4
|
|switch|p1a: Throwback|Latias, F|364\/364
|move|p2a: Mandatory Water|Volt Switch|p1a: Throwback
|-resisted|p1a: Throwback
|-damage|p1a: Throwback|329\/364
|
|switch|p2a: Mandatory Grass|Ferrothorn, M|352\/352
|-damage|p2a: Mandatory Grass|330\/352|[from] Stealth Rock
|
|-heal|p2a: Mandatory Grass|352\/352|[from] item: Leftovers
|turn|5
|
|switch|p1a: Wright|Talonflame, M|329\/329
|move|p2a: Mandatory Grass|Stealth Rock|p1a: Wright
|-sidestart|p1: Silverbacks|move: Stealth Rock
|
|turn|6
|c| boltsandbombers|should have gone to ttar imo
|
|switch|p2a: Mandatory Water|Rotom-Wash|247\/303 brn
|-damage|p2a: Mandatory Water|210\/303 brn|[from] Stealth Rock
|move|p1a: Wright|Will-O-Wisp|p2a: Mandatory Water
|-fail|p2a: Mandatory Water|brn
|
|-heal|p2a: Mandatory Water|228\/303 brn|[from] item: Leftovers
|-damage|p2a: Mandatory Water|191\/303 brn|[from] brn
|turn|7
|
|switch|p1a: Tusk|Mamoswine, F|361\/361
|-damage|p1a: Tusk|316\/361|[from] Stealth Rock
|move|p2a: Mandatory Water|Will-O-Wisp|p1a: Tusk|[miss]
|-miss|p2a: Mandatory Water|p1a: Tusk
|
|-heal|p2a: Mandatory Water|209\/303 brn|[from] item: Leftovers
|-damage|p2a: Mandatory Water|172\/303 brn|[from] brn
|turn|8
|join|hi dad
|
|move|p1a: Tusk|Freeze-Dry|p2a: Mandatory Water
|-supereffective|p2a: Mandatory Water
|-damage|p2a: Mandatory Water|32\/303 brn
|-damage|p1a: Tusk|280\/361|[from] item: Life Orb
|move|p2a: Mandatory Water|Will-O-Wisp|p1a: Tusk
|-status|p1a: Tusk|brn
|
|-heal|p2a: Mandatory Water|50\/303 brn|[from] item: Leftovers
|-damage|p1a: Tusk|235\/361 brn|[from] brn
|-damage|p2a: Mandatory Water|13\/303 brn|[from] brn
|turn|9
|leave|boltsandbombers
|
|switch|p2a: Mandatory Grass|Ferrothorn, M|352\/352
|-damage|p2a: Mandatory Grass|330\/352|[from] Stealth Rock
|move|p1a: Tusk|Freeze-Dry|p2a: Mandatory Grass
|-damage|p2a: Mandatory Grass|274\/352
|-damage|p1a: Tusk|199\/361 brn|[from] item: Life Orb
|
|-heal|p2a: Mandatory Grass|296\/352|[from] item: Leftovers
|-damage|p1a: Tusk|154\/361 brn|[from] brn
|turn|10
|
|move|p1a: Tusk|Freeze-Dry|p2a: Mandatory Grass
|-damage|p2a: Mandatory Grass|240\/352
|-damage|p1a: Tusk|118\/361 brn|[from] item: Life Orb
|move|p2a: Mandatory Grass|Leech Seed|p1a: Tusk
|-start|p1a: Tusk|move: Leech Seed
|
|-heal|p2a: Mandatory Grass|262\/352|[from] item: Leftovers
|-damage|p1a: Tusk|73\/361 brn|[from] Leech Seed|[of] p2a: Mandatory Grass
|-heal|p2a: Mandatory Grass|307\/352|[silent]
|-damage|p1a: Tusk|28\/361 brn|[from] brn
|turn|11
|
|move|p1a: Tusk|Freeze-Dry|p2a: Mandatory Grass
|-damage|p2a: Mandatory Grass|249\/352
|-damage|p1a: Tusk|0 fnt|[from] item: Life Orb
|faint|p1a: Tusk
|move|p2a: Mandatory Grass|Spikes|p1: Tusk
|-sidestart|p1: Silverbacks|Spikes
|
|-heal|p2a: Mandatory Grass|271\/352|[from] item: Leftovers
|
|switch|p1a: Wright|Talonflame, M|329\/329
|-damage|p1a: Wright|165\/329|[from] Stealth Rock
|turn|12
|
|move|p1a: Wright|Swords Dance|p1a: Wright
|-boost|p1a: Wright|atk|2
|move|p2a: Mandatory Grass|Leech Seed|p1a: Wright
|-start|p1a: Wright|move: Leech Seed
|
|-heal|p2a: Mandatory Grass|293\/352|[from] item: Leftovers
|-damage|p1a: Wright|124\/329|[from] Leech Seed|[of] p2a: Mandatory Grass
|-heal|p2a: Mandatory Grass|334\/352|[silent]
|turn|13
|join|MoB Barley
|
|switch|p2a: Tyranitar|Tyranitar, M, shiny|386\/386
|-damage|p2a: Tyranitar|338\/386|[from] Stealth Rock
|-weather|Sandstorm
|move|p1a: Wright|Will-O-Wisp|p2a: Tyranitar
|-status|p2a: Tyranitar|brn
|
|-weather|Sandstorm|[upkeep]
|-damage|p1a: Wright|104\/329|[from] sandstorm
|-damage|p1a: Wright|63\/329|[from] Leech Seed|[of] p2a: Tyranitar
|-heal|p2a: Tyranitar|379\/386 brn|[silent]
|-damage|p2a: Tyranitar|331\/386 brn|[from] brn
|turn|14
|c| MoB Barley|thx for shoutout
|c| MoB Barley|lol
|c| MoB Barley|@goomy
|c|★Silverbacks|hmm?
|c|★Silverbacks|oh XD
|
|move|p1a: Wright|Acrobatics|p2a: Tyranitar
|-resisted|p2a: Tyranitar
|-damage|p2a: Tyranitar|194\/386 brn
|move|p2a: Tyranitar|Roar|p1a: Wright
|drag|p1a: Tsubaki|Scizor, F|311\/311
|-damage|p1a: Tsubaki|273\/311|[from] Stealth Rock
|-damage|p1a: Tsubaki|235\/311|[from] Spikes
|
|-weather|Sandstorm|[upkeep]
|-damage|p2a: Tyranitar|146\/386 brn|[from] brn
|turn|15
|join|Chillingtilsweg
|c| hi dad|lol this is a legit counter team silvers
|
|move|p1a: Tsubaki|Swords Dance|p1a: Tsubaki
|-boost|p1a: Tsubaki|atk|2
|move|p2a: Tyranitar|Dark Pulse|p1a: Tsubaki
|-damage|p1a: Tsubaki|84\/311
|
|-weather|Sandstorm|[upkeep]
|-damage|p2a: Tyranitar|98\/386 brn|[from] brn
|turn|16
|
|switch|p2a: Mandatory Water|Rotom-Wash|13\/303 brn
|-damage|p2a: Mandatory Water|0 fnt|[from] Stealth Rock
|faint|p2a: Mandatory Water
|move|p1a: Tsubaki|Bullet Punch|p2: Mandatory Water|[notarget]
|-notarget
|
|-weather|Sandstorm|[upkeep]
|
|switch|p2a: HelpMeT-TarSenpai|Excadrill, F, shiny|361\/361
|-damage|p2a: HelpMeT-TarSenpai|350\/361|[from] Stealth Rock
|-item|p2a: HelpMeT-TarSenpai|Air Balloon
|turn|17
|join|oml it's too ez
|
|move|p1a: Tsubaki|Bullet Punch|p2a: HelpMeT-TarSenpai
|-resisted|p2a: HelpMeT-TarSenpai
|-damage|p2a: HelpMeT-TarSenpai|149\/361
|-enditem|p2a: HelpMeT-TarSenpai|Air Balloon
|-damage|p1a: Tsubaki|53\/311|[from] item: Life Orb
|move|p2a: HelpMeT-TarSenpai|Earthquake|p1a: Tsubaki
|-damage|p1a: Tsubaki|0 fnt
|faint|p1a: Tsubaki
|
|-weather|Sandstorm|[upkeep]
|
|switch|p1a: Bud|Azumarill, M|404\/404
|-damage|p1a: Bud|354\/404|[from] Spikes
|-damage|p1a: Bud|304\/404|[from] Stealth Rock
|turn|18
|
|switch|p2a: Mandatory Grass|Ferrothorn, M|334\/352
|-damage|p2a: Mandatory Grass|312\/352|[from] Stealth Rock
|move|p1a: Bud|Superpower|p2a: Mandatory Grass
|-supereffective|p2a: Mandatory Grass
|-damage|p2a: Mandatory Grass|56\/352
|-damage|p1a: Bud|254\/404|[from] ability: Iron Barbs|[of] p2a: Mandatory Grass
|-unboost|p1a: Bud|atk|1
|-unboost|p1a: Bud|def|1
|
|-weather|Sandstorm|[upkeep]
|-damage|p1a: Bud|229\/404|[from] sandstorm
|-heal|p2a: Mandatory Grass|78\/352|[from] item: Leftovers
|turn|19
|join|innovamania
|leave|innovamania
|
|switch|p2a: Suge Knight|Gallade, M|277\/277
|-damage|p2a: Suge Knight|260\/277|[from] Stealth Rock
|move|p1a: Bud|Superpower|p2a: Suge Knight
|-resisted|p2a: Suge Knight
|-damage|p2a: Suge Knight|182\/277
|-unboost|p1a: Bud|atk|1
|-unboost|p1a: Bud|def|1
|
|-weather|Sandstorm|[upkeep]
|-damage|p2a: Suge Knight|165\/277|[from] sandstorm
|-damage|p1a: Bud|204\/404|[from] sandstorm
|turn|20
|join|Alvadora
|
|switch|p1a: Wright|Talonflame, M|63\/329
|-damage|p1a: Wright|0 fnt|[from] Stealth Rock
|faint|p1a: Wright
|detailschange|p2a: Suge Knight|Gallade-Mega, M
|message|Gallade has Mega Evolved into Mega Gallade!
|move|p2a: Suge Knight|Close Combat|p1: Wright|[notarget]
|-notarget
|
|-weather|none
|
|switch|p1a: Throwback|Latias, F|329\/364
|-damage|p1a: Throwback|284\/364|[from] Stealth Rock
|turn|21
|leave|oml it's too ez
|
|detailschange|p1a: Throwback|Latias-Mega, F
|message|Latias has Mega Evolved into Mega Latias!
|move|p2a: Suge Knight|Knock Off|p1a: Throwback
|-supereffective|p1a: Throwback
|-damage|p1a: Throwback|176\/364
|move|p1a: Throwback|Calm Mind|p1a: Throwback
|-boost|p1a: Throwback|spa|1
|-boost|p1a: Throwback|spd|1
|
|turn|22
|
|move|p2a: Suge Knight|Taunt|p1a: Throwback
|-start|p1a: Throwback|move: Taunt
|cant|p1a: Throwback|move: Taunt|Recover
|
|turn|23
|c|★Silverbacks|O-O
|c| MoB Barley|lol
|c|★Silverbacks|crap
|
|move|p2a: Suge Knight|Will-O-Wisp|p1a: Throwback
|-status|p1a: Throwback|brn
|move|p1a: Throwback|Dragon Pulse|p2a: Suge Knight
|-damage|p2a: Suge Knight|0 fnt
|faint|p2a: Suge Knight
|
|-damage|p1a: Throwback|131\/364 brn|[from] brn
|
|switch|p2a: Victini|Victini|256\/341
|-damage|p2a: Victini|171\/341|[from] Stealth Rock
|turn|24
|
|move|p2a: Victini|U-turn|p1a: Throwback
|-supereffective|p1a: Throwback
|-damage|p1a: Throwback|39\/364 brn
|
|switch|p2a: Tyranitar|Tyranitar, M, shiny|98\/386 brn
|-damage|p2a: Tyranitar|50\/386 brn|[from] Stealth Rock
|-weather|Sandstorm
|move|p1a: Throwback|Dragon Pulse|p2a: Tyranitar
|-damage|p2a: Tyranitar|0 fnt
|faint|p2a: Tyranitar
|
|-weather|Sandstorm|[upkeep]
|-damage|p1a: Throwback|17\/364 brn|[from] sandstorm
|-damage|p1a: Throwback|0 fnt|[from] brn
|faint|p1a: Throwback
|
|switch|p1a: Bud|Azumarill, M|204\/404
|switch|p2a: Mandatory Grass|Ferrothorn, M|78\/352
|-damage|p1a: Bud|154\/404|[from] Stealth Rock
|-damage|p1a: Bud|104\/404|[from] Spikes
|-damage|p2a: Mandatory Grass|56\/352|[from] Stealth Rock
|turn|25
|
|move|p1a: Bud|Play Rough|p2a: Mandatory Grass
|-resisted|p2a: Mandatory Grass
|-damage|p2a: Mandatory Grass|0 fnt
|-damage|p1a: Bud|54\/404|[from] ability: Iron Barbs|[of] p2a: Mandatory Grass
|faint|p2a: Mandatory Grass
|
|-weather|Sandstorm|[upkeep]
|-damage|p1a: Bud|29\/404|[from] sandstorm
|
|switch|p2a: HelpMeT-TarSenpai|Excadrill, F, shiny|149\/361
|-damage|p2a: HelpMeT-TarSenpai|138\/361|[from] Stealth Rock
|turn|26
|
|move|p1a: Bud|Aqua Jet|p2a: HelpMeT-TarSenpai
|-supereffective|p2a: HelpMeT-TarSenpai
|-damage|p2a: HelpMeT-TarSenpai|0 fnt
|faint|p2a: HelpMeT-TarSenpai
|
|-weather|Sandstorm|[upkeep]
|-damage|p1a: Bud|4\/404|[from] sandstorm
|c|★Silverbacks|quick attack victini
|leave|hi dad
|
|switch|p2a: Victini|Victini|171\/341
|-damage|p2a: Victini|86\/341|[from] Stealth Rock
|turn|27
|c| Alvadora|that 1% clutching it lets go
|
|move|p1a: Bud|Aqua Jet|p2a: Victini
|-supereffective|p2a: Victini
|-damage|p2a: Victini|0 fnt
|faint|p2a: Victini
|
|win|Silverbacks
|raw|Ladder updating...
|raw|Silverbacks's rating: 1660 &rarr; <strong>1679<\/strong><br \/>(+19 for winning)
|raw|Monster 87's rating: 1647 &rarr; <strong>1628<\/strong><br \/>(-19 for losing)
|leave|Monster 87
|player|p2
|leave|Chillingtilsweg