|join|cbt venny.
|join|femt6
|player|p1|cbt venny.|12
|player|p2|femt6|86
|gametype|singles
|gen|6
|tier|OU
|clearpoke
|poke|p1|Mew, shiny
|poke|p1|Dragonite, M, shiny
|poke|p1|Terrakion, shiny
|poke|p1|Keldeo
|poke|p1|Gengar, F, shiny
|poke|p1|Blissey, F, shiny
|poke|p2|Charizard, M, shiny
|poke|p2|Conkeldurr, F, shiny
|poke|p2|Landorus-Therian, M, shiny
|poke|p2|Rotom-Wash, shiny
|poke|p2|Latios, M, shiny
|poke|p2|Tyranitar, F, shiny
|rule|Sleep Clause Mod: Limit one foe put to sleep
|rule|Species Clause: Limit one of each Pokemon
|rule|OHKO Clause: OHKO moves are banned
|rule|Moody Clause: Moody is banned
|rule|Evasion Moves Clause: Evasion moves are banned
|rule|Endless Battle Clause: Forcing endless battles is banned.
|rule|HP Percentage Mod: HP is reported as percentages
|teampreview
|chat|cbt venny.|gl
|
|start
|switch|p1a: Gengar|Gengar, F, shiny|262\/262
|switch|p2a: Rotom-Wash|Rotom-Wash, shiny|303\/303
|turn|1
|join|Hyke
|chat|Hyke|olha
|chat|Hyke|ta diferente os graficos
|chat|Hyke|aqui
|chat|Hyke|n gostei
|chat|cbt venny.|bichinha.
|chat|femt6|kkkkkkkkkkk
|
|move|p1a: Gengar|Sludge Bomb|p2a: Rotom-Wash
|-damage|p2a: Rotom-Wash|141\/303
|move|p2a: Rotom-Wash|Volt Switch|p1a: Gengar
|-damage|p1a: Gengar|147\/262
|
|switch|p2a: Tyranitar|Tyranitar, F, shiny|341\/341
|-weather|Sandstorm
|
|-weather|Sandstorm|[upkeep]
|-damage|p1a: Gengar|131\/262|[from] sandstorm
|-heal|p1a: Gengar|147\/262|[from] item: Black Sludge
|turn|2
|
|move|p2a: Tyranitar|Pursuit|p1a: Gengar
|-supereffective|p1a: Gengar
|-damage|p1a: Gengar|0 fnt
|faint|p1a: Gengar
|
|-weather|Sandstorm|[upkeep]
|chat|cbt venny.|ttar scarf, uia.
|
|switch|p1a: Terrakion|Terrakion, shiny|323\/323
|turn|3
|
|switch|p2a: Landorus-Therian|Landorus-Therian, M, shiny|381\/381
|-ability|p2a: Landorus-Therian|Intimidate|[of] p1a: Terrakion
|-unboost|p1a: Terrakion|atk|1
|move|p1a: Terrakion|Stone Edge|p2a: Landorus-Therian|[miss]
|-miss|p1a: Terrakion|p2a: Landorus-Therian
|
|-weather|Sandstorm|[upkeep]
|turn|4
|chat|cbt venny.|porra terrakion, não fode.
|
|switch|p1a: Mew|Mew, shiny|404\/404
|move|p2a: Landorus-Therian|Stealth Rock|p1a: Mew
|-sidestart|p1: cbt venny.|move: Stealth Rock
|
|-weather|Sandstorm|[upkeep]
|-damage|p1a: Mew|379\/404|[from] sandstorm
|-heal|p1a: Mew|404\/404|[from] item: Leftovers
|turn|5
|
|switch|p2a: Conkeldurr|Conkeldurr, F, shiny|398\/398
|move|p1a: Mew|Defog|p2a: Conkeldurr
|-unboost|p2a: Conkeldurr|evasion|1
|-sideend|p1: cbt venny.|Stealth Rock|[from] move: Defog|[of] p1a: Mew
|
|-weather|none
|turn|6
|
|move|p1a: Mew|Stealth Rock|p2a: Conkeldurr
|-sidestart|p2: femt6|move: Stealth Rock
|move|p2a: Conkeldurr|Knock Off|p1a: Mew
|-supereffective|p1a: Mew
|-damage|p1a: Mew|204\/404
|-enditem|p1a: Mew|Leftovers|[from] move: Knock Off|[of] p2a: Conkeldurr
|
|turn|7
|join|Tio Sloth
|join|hikitaro
|
|switch|p2a: Latios|Latios, M, shiny|301\/301
|-damage|p2a: Latios|264\/301|[from] Stealth Rock
|move|p1a: Mew|Knock Off|p2a: Latios
|-supereffective|p2a: Latios
|-damage|p2a: Latios|88\/301
|-enditem|p2a: Latios|Life Orb|[from] move: Knock Off|[of] p1a: Mew
|
|turn|8
|join|Juks
|
|move|p2a: Latios|Defog|p1a: Mew
|-unboost|p1a: Mew|evasion|1
|-sideend|p2: femt6|Stealth Rock|[from] move: Defog|[of] p2a: Latios
|move|p1a: Mew|Soft-Boiled|p1a: Mew
|-heal|p1a: Mew|404\/404
|
|turn|9
|leave|hikitaro
|leave|Juks
|
|move|p2a: Latios|Roost|p2a: Latios
|-heal|p2a: Latios|239\/301
|move|p1a: Mew|Stealth Rock|p2a: Latios
|-sidestart|p2: femt6|move: Stealth Rock
|
|turn|10
|
|move|p2a: Latios|Defog|p1a: Mew
|-unboost|p1a: Mew|evasion|1
|-sideend|p2: femt6|Stealth Rock|[from] move: Defog|[of] p2a: Latios
|move|p1a: Mew|Stealth Rock|p2a: Latios
|-sidestart|p2: femt6|move: Stealth Rock
|
|turn|11
|
|move|p2a: Latios|Draco Meteor|p1a: Mew
|-damage|p1a: Mew|185\/404
|-unboost|p2a: Latios|spa|2
|move|p1a: Mew|Soft-Boiled|p1a: Mew
|-heal|p1a: Mew|387\/404
|
|turn|12
|
|move|p2a: Latios|Defog|p1a: Mew
|-unboost|p1a: Mew|evasion|1
|-sideend|p2: femt6|Stealth Rock|[from] move: Defog|[of] p2a: Latios
|move|p1a: Mew|Knock Off|p2a: Latios
|-supereffective|p2a: Latios
|-damage|p2a: Latios|119\/301
|
|turn|13
|
|switch|p2a: Charizard|Charizard, M, shiny|306\/306
|move|p1a: Mew|Stealth Rock|p2a: Charizard
|-sidestart|p2: femt6|move: Stealth Rock
|
|turn|14
|
|switch|p1a: Blissey|Blissey, F, shiny|714\/714
|detailschange|p2a: Charizard|Charizard-Mega-Y, M, shiny
|message|Charizard has Mega Evolved into Mega Charizard!
|-weather|SunnyDay
|move|p2a: Charizard|Fire Blast|p1a: Blissey
|-damage|p1a: Blissey|401\/714
|
|-weather|SunnyDay|[upkeep]
|-heal|p1a: Blissey|445\/714|[from] item: Leftovers
|turn|15
|
|switch|p2a: Latios|Latios, M, shiny|119\/301
|-damage|p2a: Latios|82\/301|[from] Stealth Rock
|move|p1a: Blissey|Soft-Boiled|p1a: Blissey
|-heal|p1a: Blissey|714\/714
|
|-weather|SunnyDay|[upkeep]
|turn|16
|
|switch|p1a: Mew|Mew, shiny|387\/404
|move|p2a: Latios|Defog|p1a: Mew
|-unboost|p1a: Mew|evasion|1
|-sideend|p2: femt6|Stealth Rock|[from] move: Defog|[of] p2a: Latios
|
|-weather|SunnyDay|[upkeep]
|turn|17
|chat|cbt venny.|puto
|
|switch|p2a: Charizard|Charizard-Mega-Y, M, shiny|306\/306
|move|p1a: Mew|Stealth Rock|p2a: Charizard
|-sidestart|p2: femt6|move: Stealth Rock
|
|-weather|SunnyDay|[upkeep]
|turn|18
|chat|cbt venny.|deixa as pedrinha
|chat|femt6|the pedrinhas hurts
|chat|cbt venny.|haha
|
|move|p2a: Charizard|Fire Blast|p1a: Mew
|-damage|p1a: Mew|45\/404
|move|p1a: Mew|Soft-Boiled|p1a: Mew
|-heal|p1a: Mew|247\/404
|
|-weather|none
|turn|19
|chat|cbt venny.|YOLO
|
|switch|p2a: Latios|Latios, M, shiny|82\/301
|-damage|p2a: Latios|45\/301|[from] Stealth Rock
|switch|p1a: Keldeo|Keldeo|323\/323
|
|turn|20
|
|move|p2a: Latios|Roost|p2a: Latios
|-heal|p2a: Latios|196\/301
|move|p1a: Keldeo|Scald|p2a: Latios
|-resisted|p2a: Latios
|-damage|p2a: Latios|103\/301
|
|turn|21
|
|move|p2a: Latios|Defog|p1a: Keldeo
|-unboost|p1a: Keldeo|evasion|1
|-sideend|p2: femt6|Stealth Rock|[from] move: Defog|[of] p2a: Latios
|move|p1a: Keldeo|Scald|p2a: Latios
|-resisted|p2a: Latios
|-damage|p2a: Latios|10\/301
|
|turn|22
|chat|cbt venny.|BURN
|
|switch|p1a: Mew|Mew, shiny|247\/404
|move|p2a: Latios|Roost|p2a: Latios
|-heal|p2a: Latios|161\/301
|
|turn|23
|
|move|p2a: Latios|Draco Meteor|p1a: Mew
|-damage|p1a: Mew|28\/404
|-unboost|p2a: Latios|spa|2
|move|p1a: Mew|Soft-Boiled|p1a: Mew
|-heal|p1a: Mew|230\/404
|
|turn|24
|
|switch|p2a: Tyranitar|Tyranitar, F, shiny|341\/341
|-weather|Sandstorm
|move|p1a: Mew|Stealth Rock|p2a: Tyranitar
|-sidestart|p2: femt6|move: Stealth Rock
|
|-weather|Sandstorm|[upkeep]
|-damage|p1a: Mew|205\/404|[from] sandstorm
|turn|25
|
|move|p2a: Tyranitar|Crunch|p1a: Mew
|-supereffective|p1a: Mew
|-damage|p1a: Mew|0 fnt
|faint|p1a: Mew
|
|-weather|Sandstorm|[upkeep]
|
|switch|p1a: Terrakion|Terrakion, shiny|323\/323
|turn|26
|
|switch|p2a: Landorus-Therian|Landorus-Therian, M, shiny|381\/381
|-damage|p2a: Landorus-Therian|334\/381|[from] Stealth Rock
|-ability|p2a: Landorus-Therian|Intimidate|[of] p1a: Terrakion
|-unboost|p1a: Terrakion|atk|1
|move|p1a: Terrakion|Close Combat|p2a: Landorus-Therian
|-resisted|p2a: Landorus-Therian
|-damage|p2a: Landorus-Therian|246\/381
|-unboost|p1a: Terrakion|def|1
|-unboost|p1a: Terrakion|spd|1
|
|-weather|Sandstorm|[upkeep]
|-heal|p2a: Landorus-Therian|269\/381|[from] item: Leftovers
|turn|27
|
|switch|p1a: Keldeo|Keldeo|323\/323
|move|p2a: Landorus-Therian|U-turn|p1a: Keldeo
|-resisted|p1a: Keldeo
|-damage|p1a: Keldeo|280\/323
|
|switch|p2a: Latios|Latios, M, shiny|161\/301
|-damage|p2a: Latios|124\/301|[from] Stealth Rock
|
|-weather|Sandstorm|[upkeep]
|-damage|p2a: Latios|106\/301|[from] sandstorm
|-damage|p1a: Keldeo|260\/323|[from] sandstorm
|turn|28
|
|move|p2a: Latios|Roost|p2a: Latios
|-heal|p2a: Latios|257\/301
|move|p1a: Keldeo|Icy Wind|p2a: Latios
|-supereffective|p2a: Latios
|-damage|p2a: Latios|67\/301
|-unboost|p2a: Latios|spe|1
|
|-weather|none
|turn|29
|
|switch|p1a: Terrakion|Terrakion, shiny|323\/323
|switch|p2a: Rotom-Wash|Rotom-Wash, shiny|141\/303
|-damage|p2a: Rotom-Wash|104\/303|[from] Stealth Rock
|
|-heal|p2a: Rotom-Wash|122\/303|[from] item: Leftovers
|turn|30
|
|switch|p2a: Landorus-Therian|Landorus-Therian, M, shiny|269\/381
|-damage|p2a: Landorus-Therian|222\/381|[from] Stealth Rock
|-ability|p2a: Landorus-Therian|Intimidate|[of] p1a: Terrakion
|-unboost|p1a: Terrakion|atk|1
|move|p1a: Terrakion|Stone Edge|p2a: Landorus-Therian
|-damage|p2a: Landorus-Therian|68\/381
|
|-heal|p2a: Landorus-Therian|91\/381|[from] item: Leftovers
|turn|31
|
|switch|p2a: Conkeldurr|Conkeldurr, F, shiny|398\/398
|-damage|p2a: Conkeldurr|374\/398|[from] Stealth Rock
|move|p1a: Terrakion|Stone Edge|p2a: Conkeldurr|[miss]
|-miss|p1a: Terrakion|p2a: Conkeldurr
|
|turn|32
|
|switch|p1a: Blissey|Blissey, F, shiny|714\/714
|move|p2a: Conkeldurr|Knock Off|p1a: Blissey
|-damage|p1a: Blissey|452\/714
|-enditem|p1a: Blissey|Leftovers|[from] move: Knock Off|[of] p2a: Conkeldurr
|
|turn|33
|
|move|p1a: Blissey|Toxic|p2a: Conkeldurr
|-status|p2a: Conkeldurr|tox
|move|p2a: Conkeldurr|Drain Punch|p1a: Blissey
|-supereffective|p1a: Blissey
|-damage|p1a: Blissey|0 fnt
|-heal|p2a: Conkeldurr|398\/398 tox|[from] drain|[of] p1a: Blissey
|faint|p1a: Blissey
|
|-damage|p2a: Conkeldurr|374\/398 tox|[from] psn
|
|switch|p1a: Keldeo|Keldeo|260\/323
|turn|34
|
|move|p1a: Keldeo|Hydro Pump|p2a: Conkeldurr
|-damage|p2a: Conkeldurr|119\/398 tox
|move|p2a: Conkeldurr|Drain Punch|p1a: Keldeo
|-damage|p1a: Keldeo|20\/323
|-heal|p2a: Conkeldurr|239\/398 tox|[from] drain|[of] p1a: Keldeo
|
|-damage|p2a: Conkeldurr|191\/398 tox|[from] psn
|turn|35
|
|move|p2a: Conkeldurr|Mach Punch|p1a: Keldeo
|-damage|p1a: Keldeo|0 fnt
|faint|p1a: Keldeo
|
|-damage|p2a: Conkeldurr|119\/398 tox|[from] psn
|
|switch|p1a: Dragonite|Dragonite, M, shiny|324\/324
|turn|36
|
|switch|p2a: Landorus-Therian|Landorus-Therian, M, shiny|91\/381
|-damage|p2a: Landorus-Therian|44\/381|[from] Stealth Rock
|-ability|p2a: Landorus-Therian|Intimidate|[of] p1a: Dragonite
|-unboost|p1a: Dragonite|atk|1
|move|p1a: Dragonite|Dragon Dance|p1a: Dragonite
|-boost|p1a: Dragonite|atk|1
|-boost|p1a: Dragonite|spe|1
|
|-heal|p2a: Landorus-Therian|67\/381|[from] item: Leftovers
|turn|37
|
|move|p1a: Dragonite|Dragon Claw|p2a: Landorus-Therian
|-damage|p2a: Landorus-Therian|0 fnt
|faint|p2a: Landorus-Therian
|
|
|switch|p2a: Tyranitar|Tyranitar, F, shiny|341\/341
|-damage|p2a: Tyranitar|299\/341|[from] Stealth Rock
|-weather|Sandstorm
|turn|38
|join|hikitaro
|
|move|p1a: Dragonite|Dragon Claw|p2a: Tyranitar
|-damage|p2a: Tyranitar|142\/341
|move|p2a: Tyranitar|Stone Edge|p1a: Dragonite
|-supereffective|p1a: Dragonite
|-damage|p1a: Dragonite|126\/324
|-enditem|p1a: Dragonite|Weakness Policy
|-boost|p1a: Dragonite|atk|2|[from] item: Weakness Policy
|-boost|p1a: Dragonite|spa|2|[from] item: Weakness Policy
|
|-weather|Sandstorm|[upkeep]
|-damage|p1a: Dragonite|106\/324|[from] sandstorm
|turn|39
|
|move|p1a: Dragonite|Dragon Claw|p2a: Tyranitar
|-crit|p2a: Tyranitar
|-damage|p2a: Tyranitar|0 fnt
|faint|p2a: Tyranitar
|
|-weather|Sandstorm|[upkeep]
|-damage|p1a: Dragonite|86\/324|[from] sandstorm
|chat|cbt venny.|agora eu dou ch
|leave|hikitaro
|
|switch|p2a: Rotom-Wash|Rotom-Wash, shiny|122\/303
|-damage|p2a: Rotom-Wash|85\/303|[from] Stealth Rock
|turn|40
|
|move|p1a: Dragonite|Dragon Claw|p2a: Rotom-Wash
|-damage|p2a: Rotom-Wash|0 fnt
|faint|p2a: Rotom-Wash
|
|-weather|Sandstorm|[upkeep]
|-damage|p1a: Dragonite|66\/324|[from] sandstorm
|
|switch|p2a: Charizard|Charizard-Mega-Y, M, shiny|306\/306
|-damage|p2a: Charizard|153\/306|[from] Stealth Rock
|-weather|SunnyDay
|turn|41
|chat|cbt venny.|acho que é gg
|
|move|p1a: Dragonite|Dragon Claw|p2a: Charizard
|-damage|p2a: Charizard|0 fnt
|faint|p2a: Charizard
|
|-weather|SunnyDay|[upkeep]
|
|switch|p2a: Conkeldurr|Conkeldurr, F, shiny|119\/398 tox
|-damage|p2a: Conkeldurr|95\/398 tox|[from] Stealth Rock
|turn|42
|chat|femt6|eh sim
|chat|femt6|fiz merda
|
|move|p1a: Dragonite|Extreme Speed|p2a: Conkeldurr
|-damage|p2a: Conkeldurr|0 fnt
|faint|p2a: Conkeldurr
|
|-weather|SunnyDay|[upkeep]
|chat|cbt venny.|sim
|chat|femt6|tava ganho
|
|switch|p2a: Latios|Latios, M, shiny|67\/301
|-damage|p2a: Latios|30\/301|[from] Stealth Rock
|turn|43
|chat|cbt venny.|mas foi uma luta, gg
|
|move|p1a: Dragonite|Dragon Claw|p2a: Latios
|-supereffective|p2a: Latios
|-damage|p2a: Latios|0 fnt
|faint|p2a: Latios
|
|win|cbt venny.
|leave|femt6
|player|p2
|leave|Tio Sloth