|join|BIGSTEELIX
|join|ferwara
|player|p1|BIGSTEELIX|161
|player|p2|ferwara|170
|gametype|singles
|gen|6
|tier|OU
|rated
|clearpoke
|poke|p1|Scizor, F
|poke|p1|Talonflame, M
|poke|p1|Latias, F
|poke|p1|Tyranitar, M
|poke|p1|Heatran, F
|poke|p1|Rotom-Wash
|poke|p2|Breloom, F
|poke|p2|Whimsicott, F
|poke|p2|Tyranitar, M
|poke|p2|Smeargle, F
|poke|p2|Espeon, F
|poke|p2|Excadrill, F
|rule|Swagger Clause: Swagger is banned
|rule|Baton Pass Clause: Limit one Pokémon knowing Baton Pass
|rule|Sleep Clause Mod: Limit one foe put to sleep
|rule|Species Clause: Limit one of each Pokémon
|rule|OHKO Clause: OHKO moves are banned
|rule|Moody Clause: Moody is banned
|rule|Evasion Moves Clause: Evasion moves are banned
|rule|Endless Battle Clause: Forcing endless battles is banned
|rule|HP Percentage Mod: HP is shown in percentages
|teampreview
|
|start
|switch|p1a: GOINGFIRST|Talonflame, M|297\/297
|switch|p2a: Whimsicott|Whimsicott, F|324\/324
|turn|1
|
|move|p2a: Whimsicott|Tailwind|p2a: Whimsicott
|-sidestart|p2: ferwara|move: Tailwind
|move|p1a: GOINGFIRST|Brave Bird|p2a: Whimsicott
|-crit|p2a: Whimsicott
|-supereffective|p2a: Whimsicott
|-enditem|p2a: Whimsicott|Focus Sash
|-damage|p2a: Whimsicott|1\/324
|-damage|p1a: GOINGFIRST|190\/297|[from] recoil|[of] p2a: Whimsicott
|
|turn|2
|
|switch|p1a: FUKYOLATIOS|Tyranitar, M|384\/384
|-weather|Sandstorm
|move|p2a: Whimsicott|Memento|p1a: FUKYOLATIOS
|-unboost|p1a: FUKYOLATIOS|atk|2
|-unboost|p1a: FUKYOLATIOS|spa|2
|faint|p2a: Whimsicott
|
|-weather|Sandstorm|[upkeep]
|
|switch|p2a: Smeargle|Smeargle, F|314\/314
|turn|3
|
|switch|p1a: GOINGFIRST|Talonflame, M|190\/297
|move|p2a: Smeargle|Cotton Guard|p2a: Smeargle
|-boost|p2a: Smeargle|def|3
|
|-weather|Sandstorm|[upkeep]
|-damage|p2a: Smeargle|295\/314|[from] sandstorm
|-damage|p1a: GOINGFIRST|172\/297|[from] sandstorm
|turn|4
|
|move|p1a: GOINGFIRST|Brave Bird|p2a: Smeargle
|-damage|p2a: Smeargle|175\/314
|-damage|p1a: GOINGFIRST|132\/297|[from] recoil|[of] p2a: Smeargle
|move|p2a: Smeargle|Spore|p1a: GOINGFIRST
|-status|p1a: GOINGFIRST|slp
|
|-weather|Sandstorm|[upkeep]
|-damage|p2a: Smeargle|156\/314|[from] sandstorm
|-damage|p1a: GOINGFIRST|114\/297 slp|[from] sandstorm
|-sideend|p2: ferwara|move: Tailwind
|turn|5
|
|switch|p1a: FUKYOMEGAGROSS|Scizor, F|344\/344
|move|p2a: Smeargle|Geomancy|p2a: Smeargle|[still]
|-prepare|p2a: Smeargle|Geomancy|p2a: Smeargle
|-enditem|p2a: Smeargle|Power Herb
|-anim|p2a: Smeargle|Geomancy|p2a: Smeargle
|-boost|p2a: Smeargle|spa|2
|-boost|p2a: Smeargle|spd|2
|-boost|p2a: Smeargle|spe|2
|
|-weather|Sandstorm|[upkeep]
|-damage|p2a: Smeargle|137\/314|[from] sandstorm
|turn|6
|
|detailschange|p1a: FUKYOMEGAGROSS|Scizor-Mega, F
|-mega|p1a: FUKYOMEGAGROSS|Scizor|Scizorite
|move|p2a: Smeargle|Baton Pass|p2a: Smeargle
|
|switch|p2a: Espeon|Espeon, F|334\/334
|move|p1a: FUKYOMEGAGROSS|Swords Dance|p1a: FUKYOMEGAGROSS
|-boost|p1a: FUKYOMEGAGROSS|atk|2
|
|-weather|none
|turn|7
|
|move|p2a: Espeon|Stored Power|p1a: FUKYOMEGAGROSS
|-resisted|p1a: FUKYOMEGAGROSS
|-damage|p1a: FUKYOMEGAGROSS|62\/344
|move|p1a: FUKYOMEGAGROSS|Baton Pass|p1a: FUKYOMEGAGROSS
|
|switch|p1a: FUKYOLATIOS|Tyranitar, M|384\/384
|-weather|Sandstorm
|
|-weather|Sandstorm|[upkeep]
|-damage|p2a: Espeon|314\/334|[from] sandstorm
|-heal|p2a: Espeon|334\/334|[from] item: Leftovers
|turn|8
|
|move|p2a: Espeon|Dazzling Gleam|p1a: FUKYOLATIOS
|-supereffective|p1a: FUKYOLATIOS
|-damage|p1a: FUKYOLATIOS|182\/384
|move|p1a: FUKYOLATIOS|Crunch|p2a: Espeon
|-supereffective|p2a: Espeon
|-damage|p2a: Espeon|0 fnt
|faint|p2a: Espeon
|
|-weather|Sandstorm|[upkeep]
|
|switch|p2a: Excadrill|Excadrill, F|362\/362
|-item|p2a: Excadrill|Air Balloon
|turn|9
|
|switch|p1a: Rotom-Wash|Rotom-Wash|303\/303
|move|p2a: Excadrill|Iron Head|p1a: Rotom-Wash
|-resisted|p1a: Rotom-Wash
|-damage|p1a: Rotom-Wash|265\/303
|
|-weather|Sandstorm|[upkeep]
|-damage|p1a: Rotom-Wash|247\/303|[from] sandstorm
|-heal|p1a: Rotom-Wash|265\/303|[from] item: Leftovers
|turn|10
|
|switch|p2a: Smeargle|Smeargle, F|137\/314
|move|p1a: Rotom-Wash|Will-O-Wisp|p2a: Smeargle
|-status|p2a: Smeargle|brn
|
|-weather|Sandstorm|[upkeep]
|-damage|p1a: Rotom-Wash|247\/303|[from] sandstorm
|-damage|p2a: Smeargle|118\/314 brn|[from] sandstorm
|-heal|p1a: Rotom-Wash|265\/303|[from] item: Leftovers
|-damage|p2a: Smeargle|79\/314 brn|[from] brn
|turn|11
|
|move|p1a: Rotom-Wash|Volt Switch|p2a: Smeargle
|-damage|p2a: Smeargle|0 fnt
|faint|p2a: Smeargle
|
|switch|p1a: FUKYOFIRETYPES|Heatran, F|324\/324
|-item|p1a: FUKYOFIRETYPES|Air Balloon
|
|-weather|none
|
|switch|p2a: Breloom|Breloom, F|262\/262
|turn|12
|
|move|p1a: FUKYOFIRETYPES|Fire Blast|p2a: Breloom|[miss]
|-miss|p1a: FUKYOFIRETYPES|p2a: Breloom
|move|p2a: Breloom|Rock Tomb|p1a: FUKYOFIRETYPES
|-damage|p1a: FUKYOFIRETYPES|225\/324
|-enditem|p1a: FUKYOFIRETYPES|Air Balloon
|-unboost|p1a: FUKYOFIRETYPES|spe|1
|
|turn|13
|c|★BIGSTEELIX|FUCK
|
|switch|p2a: Tyranitar|Tyranitar, M|404\/404
|-weather|Sandstorm
|switch|p1a: FUKYOHAZARDS|Latias, F|341\/341
|
|-weather|Sandstorm|[upkeep]
|-damage|p1a: FUKYOHAZARDS|320\/341|[from] sandstorm
|-heal|p1a: FUKYOHAZARDS|341\/341|[from] item: Leftovers
|turn|14
|
|switch|p1a: FUKYOMEGAGROSS|Scizor-Mega, F|62\/344
|move|p2a: Tyranitar|Stealth Rock|p1a: FUKYOMEGAGROSS
|-sidestart|p1: BIGSTEELIX|move: Stealth Rock
|
|-weather|Sandstorm|[upkeep]
|turn|15
|
|move|p2a: Tyranitar|Earthquake|p1a: FUKYOMEGAGROSS
|-damage|p1a: FUKYOMEGAGROSS|0 fnt
|faint|p1a: FUKYOMEGAGROSS
|
|-weather|Sandstorm|[upkeep]
|
|switch|p1a: Rotom-Wash|Rotom-Wash|265\/303
|-damage|p1a: Rotom-Wash|228\/303|[from] Stealth Rock
|turn|16
|
|move|p1a: Rotom-Wash|Will-O-Wisp|p2a: Tyranitar
|-status|p2a: Tyranitar|brn
|move|p2a: Tyranitar|Stone Edge|p1a: Rotom-Wash
|-damage|p1a: Rotom-Wash|141\/303
|
|-weather|Sandstorm|[upkeep]
|-damage|p1a: Rotom-Wash|123\/303|[from] sandstorm
|-heal|p1a: Rotom-Wash|141\/303|[from] item: Leftovers
|-damage|p2a: Tyranitar|354\/404 brn|[from] brn
|turn|17
|
|switch|p1a: FUKYOLATIOS|Tyranitar, M|182\/384
|-damage|p1a: FUKYOLATIOS|134\/384|[from] Stealth Rock
|move|p2a: Tyranitar|Crunch|p1a: FUKYOLATIOS
|-resisted|p1a: FUKYOLATIOS
|-damage|p1a: FUKYOLATIOS|97\/384
|
|-weather|Sandstorm|[upkeep]
|-damage|p2a: Tyranitar|304\/404 brn|[from] brn
|turn|18
|
|move|p1a: FUKYOLATIOS|Superpower|p2a: Tyranitar
|-supereffective|p2a: Tyranitar
|-damage|p2a: Tyranitar|0 fnt
|-unboost|p1a: FUKYOLATIOS|atk|1
|-unboost|p1a: FUKYOLATIOS|def|1
|faint|p2a: Tyranitar
|
|-weather|Sandstorm|[upkeep]
|
|switch|p2a: Excadrill|Excadrill, F|362\/362
|-item|p2a: Excadrill|Air Balloon
|turn|19
|
|move|p2a: Excadrill|Swords Dance|p2a: Excadrill
|-boost|p2a: Excadrill|atk|2
|move|p1a: FUKYOLATIOS|Superpower|p2a: Excadrill
|-supereffective|p2a: Excadrill
|-damage|p2a: Excadrill|0 fnt
|-enditem|p2a: Excadrill|Air Balloon
|-unboost|p1a: FUKYOLATIOS|atk|1
|-unboost|p1a: FUKYOLATIOS|def|1
|faint|p2a: Excadrill
|
|-weather|Sandstorm|[upkeep]
|-message|ferwara forfeited.
|leave|ferwara
|
|win|BIGSTEELIX
|raw|Ladder updating...
|player|p2
|raw|BIGSTEELIX's rating: 1606 &rarr; <strong>1627<\/strong><br \/>(+21 for winning)
|raw|ferwara's rating: 1636 &rarr; <strong>1614<\/strong><br \/>(-22 for losing)