|join|ben69
|join|fuckwhiteppl
|player|p1|ben69|102
|player|p2|fuckwhiteppl|187
|gametype|singles
|gen|6
|tier|OU
|rated
|clearpoke
|poke|p1|Medicham, F
|poke|p1|Tyranitar, F
|poke|p1|Ferrothorn, F
|poke|p1|Gothitelle, M
|poke|p1|Excadrill, M
|poke|p1|Keldeo
|poke|p2|Greninja, F
|poke|p2|Gengar, M
|poke|p2|Garchomp, M
|poke|p2|Thundurus, M
|poke|p2|Mew, shiny
|poke|p2|Sharpedo, M
|rule|Swagger Clause: Swagger is banned
|rule|Baton Pass Clause: Limit one Pokémon knowing Baton Pass
|rule|Sleep Clause Mod: Limit one foe put to sleep
|rule|Species Clause: Limit one of each Pokémon
|rule|OHKO Clause: OHKO moves are banned
|rule|Moody Clause: Moody is banned
|rule|Evasion Moves Clause: Evasion moves are banned
|rule|Endless Battle Clause: Forcing endless battles is banned
|rule|HP Percentage Mod: HP is shown in percentages
|teampreview
|
|start
|switch|p1a: Keldeo|Keldeo|323\/323
|switch|p2a: blue nigga|Garchomp, M|358\/358
|turn|1
|
|move|p1a: Keldeo|Hydro Pump|p2a: blue nigga
|-crit|p2a: blue nigga
|-enditem|p2a: blue nigga|Focus Sash
|-damage|p2a: blue nigga|1\/358
|move|p2a: blue nigga|Earthquake|p1a: Keldeo
|-damage|p1a: Keldeo|125\/323
|
|turn|2
|
|move|p1a: Keldeo|Hydro Pump|p2a: blue nigga
|-damage|p2a: blue nigga|0 fnt
|faint|p2a: blue nigga
|
|
|switch|p2a: blue nigga|Greninja, F|286\/286
|turn|3
|
|switch|p1a: Ferrothorn|Ferrothorn, F|352\/352
|move|p2a: blue nigga|Spikes|p1a: Ferrothorn
|-start|p2a: blue nigga|typechange|Ground|[from] Protean
|-sidestart|p1: ben69|Spikes
|
|turn|4
|
|move|p1a: Ferrothorn|Protect|p1a: Ferrothorn
|-singleturn|p1a: Ferrothorn|Protect
|move|p2a: blue nigga|Hidden Power|p1a: Ferrothorn
|-start|p2a: blue nigga|typechange|Fire|[from] Protean
|-activate|p1a: Ferrothorn|Protect
|
|turn|5
|
|move|p2a: blue nigga|Hidden Power|p1a: Ferrothorn
|-supereffective|p1a: Ferrothorn
|-damage|p1a: Ferrothorn|0 fnt
|-damage|p2a: blue nigga|258\/286|[from] item: Life Orb
|faint|p1a: Ferrothorn
|
|
|switch|p1a: Keldeo|Keldeo|125\/323
|-damage|p1a: Keldeo|85\/323|[from] Spikes
|turn|6
|
|move|p1a: Keldeo|Hydro Pump|p2a: blue nigga|[miss]
|-miss|p1a: Keldeo|p2a: blue nigga
|move|p2a: blue nigga|Spikes|p1a: Keldeo
|-start|p2a: blue nigga|typechange|Ground|[from] Protean
|-sidestart|p1: ben69|Spikes
|
|turn|7
|
|move|p1a: Keldeo|Hydro Pump|p2a: blue nigga|[miss]
|-miss|p1a: Keldeo|p2a: blue nigga
|move|p2a: blue nigga|Spikes|p1a: Keldeo
|-sidestart|p1: ben69|Spikes
|
|turn|8
|
|move|p1a: Keldeo|Hydro Pump|p2a: blue nigga
|-supereffective|p2a: blue nigga
|-damage|p2a: blue nigga|0 fnt
|faint|p2a: blue nigga
|
|
|switch|p2a: blue nigga|Sharpedo, M|282\/282
|turn|9
|
|move|p2a: blue nigga|Protect|p2a: blue nigga
|-singleturn|p2a: blue nigga|Protect
|move|p1a: Keldeo|Hydro Pump|p2a: blue nigga
|-activate|p2a: blue nigga|Protect
|
|-boost|p2a: blue nigga|spe|1|[from] ability: Speed Boost
|turn|10
|
|move|p1a: Keldeo|Hydro Pump|p2a: blue nigga|[miss]
|-miss|p1a: Keldeo|p2a: blue nigga
|move|p2a: blue nigga|Earthquake|p1a: Keldeo
|-crit|p1a: Keldeo
|-damage|p1a: Keldeo|0 fnt
|-damage|p2a: blue nigga|254\/282|[from] item: Life Orb
|faint|p1a: Keldeo
|
|-boost|p2a: blue nigga|spe|1|[from] ability: Speed Boost
|
|switch|p1a: Tyranitar|Tyranitar, F|404\/404
|-damage|p1a: Tyranitar|303\/404|[from] Spikes
|-weather|Sandstorm
|turn|11
|
|move|p2a: blue nigga|Waterfall|p1a: Tyranitar
|-supereffective|p1a: Tyranitar
|-damage|p1a: Tyranitar|0 fnt
|-damage|p2a: blue nigga|226\/282|[from] item: Life Orb
|faint|p1a: Tyranitar
|
|-weather|Sandstorm|[upkeep]
|-damage|p2a: blue nigga|209\/282|[from] sandstorm
|-boost|p2a: blue nigga|spe|1|[from] ability: Speed Boost
|
|switch|p1a: Medicham|Medicham, F|262\/262
|-damage|p1a: Medicham|197\/262|[from] Spikes
|turn|12
|
|detailschange|p1a: Medicham|Medicham-Mega, F
|message|Medicham has Mega Evolved into Mega Medicham!
|move|p2a: blue nigga|Protect|p2a: blue nigga
|-singleturn|p2a: blue nigga|Protect
|move|p1a: Medicham|High Jump Kick|p2a: blue nigga
|-activate|p2a: blue nigga|Protect
|-damage|p1a: Medicham|66\/262|[from] highjumpkick
|
|-weather|Sandstorm|[upkeep]
|-damage|p2a: blue nigga|192\/282|[from] sandstorm
|-damage|p1a: Medicham|50\/262|[from] sandstorm
|-boost|p2a: blue nigga|spe|1|[from] ability: Speed Boost
|turn|13
|-message|ben69 forfeited.
|
|win|fuckwhiteppl
|raw|Ladder updating...
|leave|ben69
|player|p1
|raw|ben69's rating: 1580 &rarr; <strong>1561<\/strong><br \/>(-19 for losing)
|raw|fuckwhiteppl's rating: 1597 &rarr; <strong>1616<\/strong><br \/>(+19 for winning)