|join|Shyguy94
|join|ben69
|player|p1|Shyguy94|167
|player|p2|ben69|2
|gametype|singles
|gen|6
|tier|OU
|rated
|clearpoke
|poke|p1|Poliwrath, M
|poke|p1|Umbreon, M
|poke|p1|Skarmory, M
|poke|p1|Landorus-Therian, M
|poke|p1|Jirachi
|poke|p1|Amoonguss, M, shiny
|poke|p2|Abomasnow, M
|poke|p2|Heatran, F
|poke|p2|Magnezone
|poke|p2|Clefable, M
|poke|p2|Starmie
|poke|p2|Landorus-Therian, M
|rule|Swagger Clause: Swagger is banned
|rule|Baton Pass Clause: Limit one Pokémon knowing Baton Pass
|rule|Sleep Clause Mod: Limit one foe put to sleep
|rule|Species Clause: Limit one of each Pokémon
|rule|OHKO Clause: OHKO moves are banned
|rule|Moody Clause: Moody is banned
|rule|Evasion Moves Clause: Evasion moves are banned
|rule|Endless Battle Clause: Forcing endless battles is banned
|rule|HP Percentage Mod: HP is shown in percentages
|teampreview
|
|start
|switch|p1a: Landorus-Therian|Landorus-Therian, M|382\/382
|switch|p2a: Heatran|Heatran, F|324\/324
|-ability|p1a: Landorus-Therian|Intimidate|[of] p2a: Heatran
|-unboost|p2a: Heatran|atk|1
|turn|1
|join|xer-yiv
|
|move|p2a: Heatran|Will-O-Wisp|p1a: Landorus-Therian|[miss]
|-miss|p2a: Heatran|p1a: Landorus-Therian
|move|p1a: Landorus-Therian|Knock Off|p2a: Heatran
|-damage|p2a: Heatran|231\/324
|-enditem|p2a: Heatran|Choice Scarf|[from] move: Knock Off|[of] p1a: Landorus-Therian
|
|turn|2
|
|move|p2a: Heatran|Will-O-Wisp|p1a: Landorus-Therian
|-status|p1a: Landorus-Therian|brn
|move|p1a: Landorus-Therian|Earthquake|p2a: Heatran
|-supereffective|p2a: Heatran
|-damage|p2a: Heatran|0 fnt
|faint|p2a: Heatran
|
|-damage|p1a: Landorus-Therian|335\/382 brn|[from] brn
|
|switch|p2a: Clefable|Clefable, M|394\/394
|turn|3
|
|move|p1a: Landorus-Therian|Stealth Rock|p2a: Clefable
|-sidestart|p2: ben69|move: Stealth Rock
|move|p2a: Clefable|Calm Mind|p2a: Clefable
|-boost|p2a: Clefable|spa|1
|-boost|p2a: Clefable|spd|1
|
|-heal|p1a: Landorus-Therian|358\/382 brn|[from] item: Leftovers
|-damage|p1a: Landorus-Therian|311\/382 brn|[from] brn
|turn|4
|
|move|p1a: Landorus-Therian|U-turn|p2a: Clefable
|-crit|p2a: Clefable
|-resisted|p2a: Clefable
|-damage|p2a: Clefable|371\/394
|c| xer-yiv|im turned the video!
|c|★ben69|?
|
|switch|p1a: Amoonguss|Amoonguss, M, shiny|432\/432
|move|p2a: Clefable|Fire Blast|p1a: Amoonguss
|-supereffective|p1a: Amoonguss
|-damage|p1a: Amoonguss|150\/432
|
|-heal|p2a: Clefable|394\/394|[from] item: Leftovers
|-heal|p1a: Amoonguss|177\/432|[from] item: Black Sludge
|turn|5
|
|switch|p1a: Poliwrath|Poliwrath, M|384\/384
|move|p2a: Clefable|Fire Blast|p1a: Poliwrath
|-resisted|p1a: Poliwrath
|-damage|p1a: Poliwrath|319\/384
|
|turn|6
|
|switch|p1a: Jirachi|Jirachi|397\/397
|move|p2a: Clefable|Fire Blast|p1a: Jirachi
|-supereffective|p1a: Jirachi
|-damage|p1a: Jirachi|169\/397
|
|-heal|p1a: Jirachi|193\/397|[from] item: Leftovers
|turn|7
|
|switch|p1a: Umbreon|Umbreon, M|394\/394
|move|p2a: Clefable|Fire Blast|p1a: Umbreon|[miss]
|-miss|p2a: Clefable|p1a: Umbreon
|
|turn|8
|
|move|p1a: Umbreon|Heal Bell|p1a: Umbreon
|-cureteam|p1a: Umbreon|[from] move: HealBell
|move|p2a: Clefable|Moonblast|p1a: Umbreon
|-supereffective|p1a: Umbreon
|-damage|p1a: Umbreon|218\/394
|
|-heal|p1a: Umbreon|242\/394|[from] item: Leftovers
|turn|9
|
|move|p1a: Umbreon|Wish|p1a: Umbreon
|move|p2a: Clefable|Calm Mind|p2a: Clefable
|-boost|p2a: Clefable|spa|1
|-boost|p2a: Clefable|spd|1
|
|-heal|p1a: Umbreon|266\/394|[from] item: Leftovers
|turn|10
|
|move|p1a: Umbreon|Foul Play|p2a: Clefable
|-resisted|p2a: Clefable
|-damage|p2a: Clefable|364\/394
|move|p2a: Clefable|Fire Blast|p1a: Umbreon
|-damage|p1a: Umbreon|160\/394
|
|-heal|p1a: Umbreon|357\/394|[from] move: Wish|[wisher] Umbreon
|-heal|p1a: Umbreon|381\/394|[from] item: Leftovers
|-heal|p2a: Clefable|388\/394|[from] item: Leftovers
|turn|11
|leave|xer-yiv
|
|switch|p1a: Landorus-Therian|Landorus-Therian, M|311\/382
|-ability|p1a: Landorus-Therian|Intimidate|[of] p2a: Clefable
|-unboost|p2a: Clefable|atk|1
|move|p2a: Clefable|Calm Mind|p2a: Clefable
|-boost|p2a: Clefable|spa|1
|-boost|p2a: Clefable|spd|1
|
|-heal|p1a: Landorus-Therian|334\/382|[from] item: Leftovers
|-heal|p2a: Clefable|394\/394|[from] item: Leftovers
|turn|12
|
|move|p1a: Landorus-Therian|Knock Off|p2a: Clefable
|-resisted|p2a: Clefable
|-damage|p2a: Clefable|349\/394
|-enditem|p2a: Clefable|Leftovers|[from] move: Knock Off|[of] p1a: Landorus-Therian
|move|p2a: Clefable|Moonblast|p1a: Landorus-Therian
|-damage|p1a: Landorus-Therian|16\/382
|-unboost|p1a: Landorus-Therian|spa|1
|
|-heal|p1a: Landorus-Therian|39\/382|[from] item: Leftovers
|turn|13
|
|switch|p1a: Skarmory|Skarmory, M|334\/334
|move|p2a: Clefable|Moonblast|p1a: Skarmory
|-resisted|p1a: Skarmory
|-damage|p1a: Skarmory|169\/334
|
|turn|14
|
|move|p1a: Skarmory|Roost|p1a: Skarmory
|-heal|p1a: Skarmory|334\/334
|move|p2a: Clefable|Moonblast|p1a: Skarmory
|-resisted|p1a: Skarmory
|-damage|p1a: Skarmory|144\/334
|
|turn|15
|
|move|p1a: Skarmory|Roost|p1a: Skarmory
|-heal|p1a: Skarmory|311\/334
|move|p2a: Clefable|Moonblast|p1a: Skarmory
|-resisted|p1a: Skarmory
|-damage|p1a: Skarmory|131\/334
|
|turn|16
|
|move|p1a: Skarmory|Roost|p1a: Skarmory
|-heal|p1a: Skarmory|298\/334
|move|p2a: Clefable|Fire Blast|p1a: Skarmory
|-supereffective|p1a: Skarmory
|-damage|p1a: Skarmory|0 fnt
|faint|p1a: Skarmory
|
|
|switch|p1a: Jirachi|Jirachi|193\/397
|turn|17
|
|move|p1a: Jirachi|Iron Head|p2a: Clefable
|-supereffective|p2a: Clefable
|-damage|p2a: Clefable|143\/394
|move|p2a: Clefable|Moonblast|p1a: Jirachi
|-resisted|p1a: Jirachi
|-damage|p1a: Jirachi|53\/397
|
|-heal|p1a: Jirachi|77\/397|[from] item: Leftovers
|turn|18
|
|switch|p1a: Umbreon|Umbreon, M|381\/394
|switch|p2a: Magnezone|Magnezone|282\/282
|-damage|p2a: Magnezone|265\/282|[from] Stealth Rock
|
|-heal|p1a: Umbreon|394\/394|[from] item: Leftovers
|turn|19
|
|move|p2a: Magnezone|Volt Switch|p1a: Umbreon
|-damage|p1a: Umbreon|325\/394
|
|switch|p2a: Starmie|Starmie|262\/262
|-damage|p2a: Starmie|230\/262|[from] Stealth Rock
|move|p1a: Umbreon|Wish|p1a: Umbreon
|
|-heal|p2a: Starmie|246\/262|[from] item: Leftovers
|-heal|p1a: Umbreon|349\/394|[from] item: Leftovers
|turn|20
|
|move|p2a: Starmie|Scald|p1a: Umbreon
|-damage|p1a: Umbreon|277\/394
|move|p1a: Umbreon|Foul Play|p2a: Starmie
|-supereffective|p2a: Starmie
|-damage|p2a: Starmie|76\/262
|
|-heal|p1a: Umbreon|394\/394|[from] move: Wish|[wisher] Umbreon
|-heal|p2a: Starmie|92\/262|[from] item: Leftovers
|turn|21
|
|move|p2a: Starmie|Rapid Spin|p1a: Umbreon
|-damage|p1a: Umbreon|384\/394
|-sideend|p2: ben69|Stealth Rock|[from] move: Rapid Spin|[of] p2a: Starmie
|move|p1a: Umbreon|Foul Play|p2a: Starmie
|-supereffective|p2a: Starmie
|-damage|p2a: Starmie|0 fnt
|faint|p2a: Starmie
|
|-heal|p1a: Umbreon|394\/394|[from] item: Leftovers
|
|switch|p2a: Abomasnow|Abomasnow, M|321\/321
|-weather|Hail
|turn|22
|
|detailschange|p2a: Abomasnow|Abomasnow-Mega, M
|message|Abomasnow has Mega Evolved into Mega Abomasnow!
|move|p2a: Abomasnow|Wood Hammer|p1a: Umbreon
|-damage|p1a: Umbreon|189\/394
|-damage|p2a: Abomasnow|253\/321|[from] recoil|[of] p1a: Umbreon
|move|p1a: Umbreon|Wish|p1a: Umbreon
|
|-weather|Hail|[upkeep]
|-damage|p1a: Umbreon|165\/394|[from] hail
|-heal|p1a: Umbreon|189\/394|[from] item: Leftovers
|turn|23
|
|move|p1a: Umbreon|Protect|p1a: Umbreon
|-singleturn|p1a: Umbreon|Protect
|move|p2a: Abomasnow|Blizzard|p1a: Umbreon
|-activate|p1a: Umbreon|Protect
|
|-weather|Hail|[upkeep]
|-damage|p1a: Umbreon|165\/394|[from] hail
|-heal|p1a: Umbreon|362\/394|[from] move: Wish|[wisher] Umbreon
|-heal|p1a: Umbreon|386\/394|[from] item: Leftovers
|turn|24
|
|move|p1a: Umbreon|Wish|p1a: Umbreon
|move|p2a: Abomasnow|Blizzard|p1a: Umbreon
|-damage|p1a: Umbreon|284\/394
|
|-weather|Hail|[upkeep]
|-damage|p1a: Umbreon|260\/394|[from] hail
|-heal|p1a: Umbreon|284\/394|[from] item: Leftovers
|turn|25
|
|move|p1a: Umbreon|Foul Play|p2a: Abomasnow
|-damage|p2a: Abomasnow|72\/321
|move|p2a: Abomasnow|Wood Hammer|p1a: Umbreon
|-damage|p1a: Umbreon|92\/394
|-damage|p2a: Abomasnow|9\/321|[from] recoil|[of] p1a: Umbreon
|
|-weather|Hail|[upkeep]
|-damage|p1a: Umbreon|68\/394|[from] hail
|-heal|p1a: Umbreon|265\/394|[from] move: Wish|[wisher] Umbreon
|-heal|p1a: Umbreon|289\/394|[from] item: Leftovers
|turn|26
|
|move|p1a: Umbreon|Foul Play|p2a: Abomasnow
|-damage|p2a: Abomasnow|0 fnt
|faint|p2a: Abomasnow
|
|-weather|none
|-heal|p1a: Umbreon|313\/394|[from] item: Leftovers
|
|switch|p2a: Landorus-Therian|Landorus-Therian, M|329\/329
|-ability|p2a: Landorus-Therian|Intimidate|[of] p1a: Umbreon
|-unboost|p1a: Umbreon|atk|1
|turn|27
|
|move|p1a: Umbreon|Protect|p1a: Umbreon
|-singleturn|p1a: Umbreon|Protect
|move|p2a: Landorus-Therian|Superpower|p1a: Umbreon
|-activate|p1a: Umbreon|Protect
|
|-heal|p1a: Umbreon|337\/394|[from] item: Leftovers
|turn|28
|
|switch|p2a: Magnezone|Magnezone|265\/282
|switch|p1a: Amoonguss|Amoonguss, M, shiny|321\/432
|
|-heal|p1a: Amoonguss|348\/432|[from] item: Black Sludge
|turn|29
|
|move|p2a: Magnezone|Volt Switch|p1a: Amoonguss
|-crit|p1a: Amoonguss
|-resisted|p1a: Amoonguss
|-damage|p1a: Amoonguss|244\/432
|
|switch|p2a: Landorus-Therian|Landorus-Therian, M|329\/329
|-ability|p2a: Landorus-Therian|Intimidate|[of] p1a: Amoonguss
|-unboost|p1a: Amoonguss|atk|1
|move|p1a: Amoonguss|Spore|p2a: Landorus-Therian
|-status|p2a: Landorus-Therian|slp
|
|-heal|p1a: Amoonguss|271\/432|[from] item: Black Sludge
|turn|30
|
|switch|p2a: Magnezone|Magnezone|265\/282
|switch|p1a: Landorus-Therian|Landorus-Therian, M|39\/382
|-ability|p1a: Landorus-Therian|Intimidate|[of] p2a: Magnezone
|-unboost|p2a: Magnezone|atk|1
|
|-heal|p1a: Landorus-Therian|62\/382|[from] item: Leftovers
|turn|31
|
|switch|p1a: Poliwrath|Poliwrath, M|319\/384
|move|p2a: Magnezone|Hidden Power|p1a: Poliwrath
|-resisted|p1a: Poliwrath
|-damage|p1a: Poliwrath|283\/384
|
|turn|32
|
|switch|p1a: Landorus-Therian|Landorus-Therian, M|62\/382
|-ability|p1a: Landorus-Therian|Intimidate|[of] p2a: Magnezone
|-unboost|p2a: Magnezone|atk|1
|move|p2a: Magnezone|Hidden Power|p1a: Landorus-Therian
|-damage|p1a: Landorus-Therian|0 fnt
|faint|p1a: Landorus-Therian
|
|
|switch|p1a: Poliwrath|Poliwrath, M|283\/384
|turn|33
|
|move|p2a: Magnezone|Hidden Power|p1a: Poliwrath
|-resisted|p1a: Poliwrath
|-damage|p1a: Poliwrath|246\/384
|move|p1a: Poliwrath|Scald|p2a: Magnezone
|-crit|p2a: Magnezone
|-damage|p2a: Magnezone|156\/282
|
|turn|34
|
|switch|p2a: Clefable|Clefable, M|143\/394
|move|p1a: Poliwrath|Scald|p2a: Clefable
|-damage|p2a: Clefable|61\/394
|-status|p2a: Clefable|brn
|
|turn|35
|
|move|p1a: Poliwrath|Scald|p2a: Clefable
|-damage|p2a: Clefable|0 fnt
|faint|p2a: Clefable
|
|c|★Shyguy94|phew
|-message|ben69 forfeited.
|
|win|Shyguy94
|raw|Ladder updating...
|leave|ben69
|player|p2
|raw|Shyguy94's rating: 1794 &rarr; <strong>1816<\/strong><br \/>(+22 for winning)
|raw|ben69's rating: 1837 &rarr; <strong>1814<\/strong><br \/>(-23 for losing)