|join|ben69
|join|Stratobodom
|player|p1|ben69|1
|player|p2|Stratobodom|34
|gametype|singles
|gen|6
|tier|OU
|rated
|clearpoke
|poke|p1|Manaphy
|poke|p1|Scizor, M
|poke|p1|Thundurus, M
|poke|p1|Landorus-Therian, M
|poke|p1|Rotom-Wash
|poke|p1|Diggersby, M
|poke|p2|Gallade, M
|poke|p2|Bisharp, M
|poke|p2|Clefable, M
|poke|p2|Raikou
|poke|p2|Landorus-Therian, M
|poke|p2|Keldeo-Resolute
|rule|Swagger Clause: Swagger is banned
|rule|Baton Pass Clause: Limit one Pokémon knowing Baton Pass
|rule|Sleep Clause Mod: Limit one foe put to sleep
|rule|Species Clause: Limit one of each Pokémon
|rule|OHKO Clause: OHKO moves are banned
|rule|Moody Clause: Moody is banned
|rule|Evasion Moves Clause: Evasion moves are banned
|rule|Endless Battle Clause: Forcing endless battles is banned
|rule|HP Percentage Mod: HP is shown in percentages
|teampreview
|
|start
|switch|p1a: Thundurus|Thundurus, M|299\/299
|switch|p2a: Keldeo-Resolute|Keldeo-Resolute|334\/334
|turn|1
|
|switch|p2a: Raikou|Raikou|321\/321
|-ability|p2a: Raikou|Pressure
|move|p1a: Thundurus|Volt Switch|p2a: Raikou
|-resisted|p2a: Raikou
|-damage|p2a: Raikou|257\/321
|
|switch|p1a: Diggersby|Diggersby, M|311\/311
|
|turn|2
|
|switch|p2a: Landorus-Therian|Landorus-Therian, M|337\/337
|-ability|p2a: Landorus-Therian|Intimidate|[of] p1a: Diggersby
|-unboost|p1a: Diggersby|atk|1
|move|p1a: Diggersby|Return|p2a: Landorus-Therian
|-damage|p2a: Landorus-Therian|162\/337
|
|turn|3
|
|move|p1a: Diggersby|Return|p2a: Landorus-Therian
|-damage|p2a: Landorus-Therian|0 fnt
|faint|p2a: Landorus-Therian
|
|
|switch|p2a: Gallade|Gallade, M|277\/277
|turn|4
|
|switch|p1a: Landorus-Therian|Landorus-Therian, M|381\/381
|-ability|p1a: Landorus-Therian|Intimidate|[of] p2a: Gallade
|-unboost|p2a: Gallade|atk|1
|detailschange|p2a: Gallade|Gallade-Mega, M
|-mega|p2a: Gallade|Gallade|Galladite
|move|p2a: Gallade|Leaf Blade|p1a: Landorus-Therian
|-damage|p1a: Landorus-Therian|312\/381
|
|-heal|p1a: Landorus-Therian|335\/381|[from] item: Leftovers
|turn|5
|
|move|p2a: Gallade|Swords Dance|p2a: Gallade
|-boost|p2a: Gallade|atk|2
|move|p1a: Landorus-Therian|Earthquake|p2a: Gallade
|-damage|p2a: Gallade|102\/277
|
|-heal|p1a: Landorus-Therian|358\/381|[from] item: Leftovers
|turn|6
|
|move|p2a: Gallade|Zen Headbutt|p1a: Landorus-Therian
|-damage|p1a: Landorus-Therian|153\/381
|move|p1a: Landorus-Therian|Earthquake|p2a: Gallade
|-crit|p2a: Gallade
|-damage|p2a: Gallade|0 fnt
|faint|p2a: Gallade
|
|-heal|p1a: Landorus-Therian|176\/381|[from] item: Leftovers
|
|switch|p2a: Clefable|Clefable, M|394\/394
|turn|7
|
|move|p1a: Landorus-Therian|Stealth Rock|p2a: Clefable
|-sidestart|p2: Stratobodom|move: Stealth Rock
|move|p2a: Clefable|Calm Mind|p2a: Clefable
|-boost|p2a: Clefable|spa|1
|-boost|p2a: Clefable|spd|1
|
|-heal|p1a: Landorus-Therian|199\/381|[from] item: Leftovers
|turn|8
|
|move|p1a: Landorus-Therian|Earthquake|p2a: Clefable
|-damage|p2a: Clefable|229\/394
|move|p2a: Clefable|Moonblast|p1a: Landorus-Therian
|-damage|p1a: Landorus-Therian|0 fnt
|faint|p1a: Landorus-Therian
|
|-heal|p2a: Clefable|253\/394|[from] item: Leftovers
|
|switch|p1a: Scizor|Scizor, M|344\/344
|turn|9
|
|switch|p2a: Keldeo-Resolute|Keldeo-Resolute|334\/334
|-damage|p2a: Keldeo-Resolute|314\/334|[from] Stealth Rock
|detailschange|p1a: Scizor|Scizor-Mega, M
|-mega|p1a: Scizor|Scizor|Scizorite
|move|p1a: Scizor|U-turn|p2a: Keldeo-Resolute
|-resisted|p2a: Keldeo-Resolute
|-damage|p2a: Keldeo-Resolute|239\/334
|
|switch|p1a: Rotom-Wash|Rotom-Wash|241\/241
|
|turn|10
|
|move|p2a: Keldeo-Resolute|Secret Sword|p1a: Rotom-Wash
|-damage|p1a: Rotom-Wash|94\/241
|move|p1a: Rotom-Wash|Volt Switch|p2a: Keldeo-Resolute
|-supereffective|p2a: Keldeo-Resolute
|-damage|p2a: Keldeo-Resolute|0 fnt
|faint|p2a: Keldeo-Resolute
|
|switch|p1a: Scizor|Scizor-Mega, M|344\/344
|
|
|switch|p2a: Raikou|Raikou|257\/321
|-damage|p2a: Raikou|217\/321|[from] Stealth Rock
|-ability|p2a: Raikou|Pressure
|turn|11
|
|move|p2a: Raikou|Shadow Ball|p1a: Scizor
|-damage|p1a: Scizor|240\/344
|move|p1a: Scizor|U-turn|p2a: Raikou
|-crit|p2a: Raikou
|-damage|p2a: Raikou|0 fnt
|faint|p2a: Raikou
|-message|Stratobodom forfeited.
|leave|Stratobodom
|
|win|ben69
|raw|Ladder updating...
|player|p2