|join|RedKingAlmighty
|join|scotti
|player|p1|RedKingAlmighty|154
|player|p2|scotti|181
|gametype|singles
|gen|4
|tier|[Gen 4] OU
|rule|Sleep Clause Mod: Limit one foe put to sleep
|rule|Species Clause: Limit one of each Pokémon
|rule|OHKO Clause: OHKO moves are banned
|rule|Moody Clause: Moody is banned
|rule|Evasion Moves Clause: Evasion moves are banned
|rule|Endless Battle Clause: Forcing endless battles is banned
|rule|HP Percentage Mod: HP is shown in percentages
|
|start
|switch|p1a: Metagross|Metagross|364\/364
|switch|p2a: Heatran|Heatran, M|344\/344
|turn|1
|join|G00NY
|join|bahhhhhrrrramm1234
|join|Moose.ShadesOfCool
|join|Too much swog
|join|Flaque
|join|bopd
|join|terry41
|join|LordofTests
|join|All the do da day
|leave|LordofTests
|join|m00n's blanket
|leave|bahhhhhrrrramm1234
|
|move|p2a: Heatran|Fire Blast|p1a: Metagross|[miss]
|-miss|p2a: Heatran|p1a: Metagross
|move|p1a: Metagross|Earthquake|p2a: Heatran
|-supereffective|p2a: Heatran
|-enditem|p2a: Heatran|Shuca Berry|[eat]
|-damage|p2a: Heatran|100\/344
|
|turn|2
|c|★scotti|i hate this game :(
|c|★RedKingAlmighty|lol
|c| m00n's blanket|it hates u too scoot
|c|★RedKingAlmighty|i missed all of my focus blasts last game
|c|★RedKingAlmighty|all 6
|join|RS Meth
|c|★scotti|ye
|c|★scotti|but
|c|★RedKingAlmighty|iirc
|c| bopd|meanwhile
|c| RS Meth|lol
|join|King Time Stall
|c|★scotti|i am supposed to hit
|c| bopd|im sitting here gettin 3 sweeps
|
|move|p2a: Heatran|Fire Blast|p1a: Metagross
|-supereffective|p1a: Metagross
|-damage|p1a: Metagross|0 fnt
|faint|p1a: Metagross
|
|c| bopd|with diancie thanks to crits
|c| King Time Stall|lol
|
|switch|p1a: Gyarados|Gyarados, F|370\/370
|-ability|p1a: Gyarados|Intimidate|[of] p2a: Heatran
|-unboost|p2a: Heatran|atk|1
|turn|3
|join|Aaron Pinkman
|c| RS Meth|that was bruutal
|join|Winged_Banana
|join|Steve Angello
|
|switch|p2a: Rotom-Wash|Rotom-Wash|262\/262
|move|p1a: Gyarados|Waterfall|p2a: Rotom-Wash
|-damage|p2a: Rotom-Wash|144\/262
|
|turn|4
|leave|terry41
|leave|Winged_Banana
|join|doctor octagon
|c| bopd|Not resisted in gen4?
|
|switch|p2a: Heatran|Heatran, M|100\/344
|switch|p1a: Jolteon|Jolteon, F|271\/271
|
|turn|5
|leave|Too much swog
|
|switch|p2a: Flygon|Flygon, F|301\/301
|move|p1a: Jolteon|Shadow Ball|p2a: Flygon
|-damage|p2a: Flygon|141\/301
|-unboost|p2a: Flygon|spd|1
|
|turn|6
|c|★scotti|aww
|c| G00NY|In Gen 4 Rotom Variants were all Ghost \/ Elec
|leave|doctor octagon
|c| RS Meth|nb
|c|★RedKingAlmighty|meh
|
|switch|p1a: Gliscor|Gliscor, M|354\/354
|move|p2a: Flygon|U-turn|p1a: Gliscor
|-resisted|p1a: Gliscor
|-damage|p1a: Gliscor|312\/354
|c| bopd|Ah ye
|c| bopd|My bad
|leave|All the do da day
|c|★RedKingAlmighty|its not gonna matter much
|
|switch|p2a: Rotom-Wash|Rotom-Wash|144\/262
|
|-heal|p1a: Gliscor|334\/354|[from] item: Leftovers
|turn|7
|
|switch|p1a: Tentacruel|Tentacruel, M|364\/364
|move|p2a: Rotom-Wash|Trick|p1a: Tentacruel
|-activate|p2a: Rotom-Wash|move: Trick|[of] p1a: Tentacruel
|-item|p1a: Tentacruel|Choice Scarf|[from] move: Trick
|-item|p2a: Rotom-Wash|Leftovers|[from] move: Trick
|
|-heal|p2a: Rotom-Wash|160\/262|[from] item: Leftovers
|turn|8
|join|kloshitt
|
|switch|p1a: Jolteon|Jolteon, F|271\/271
|move|p2a: Rotom-Wash|Thunderbolt|p1a: Jolteon
|-immune|p1a: Jolteon|[msg]
|
|-heal|p2a: Rotom-Wash|176\/262|[from] item: Leftovers
|turn|9
|c|★RedKingAlmighty|interesting
|c| RS Meth|this is why you do black sludge
|c|★RedKingAlmighty|dual scarfers?
|
|switch|p2a: Heatran|Heatran, M|100\/344
|move|p1a: Jolteon|Shadow Ball|p2a: Heatran
|-resisted|p2a: Heatran
|-damage|p2a: Heatran|41\/344
|
|turn|10
|leave|kloshitt
|c|★scotti|oh wow
|
|move|p1a: Jolteon|Shadow Ball|p2a: Heatran
|-resisted|p2a: Heatran
|-damage|p2a: Heatran|0 fnt
|faint|p2a: Heatran
|
|join|kloshitt
|
|switch|p2a: Jirachi|Jirachi|362\/362
|turn|11
|c|★RedKingAlmighty|ugh
|
|move|p1a: Jolteon|Shadow Ball|p2a: Jirachi
|-damage|p2a: Jirachi|236\/362
|move|p2a: Jirachi|Wish|p2a: Jirachi
|
|-heal|p2a: Jirachi|258\/362|[from] item: Leftovers
|turn|12
|c|★RedKingAlmighty|oh its that set
|
|switch|p1a: Gliscor|Gliscor, M|334\/354
|move|p2a: Jirachi|Calm Mind|p2a: Jirachi
|-boost|p2a: Jirachi|spa|1
|-boost|p2a: Jirachi|spd|1
|
|-heal|p2a: Jirachi|362\/362|[from] move: Wish|[wisher] Jirachi
|-heal|p1a: Gliscor|354\/354|[from] item: Leftovers
|turn|13
|join|All the do da day
|c|★scotti|lel
|join|Man Of The World
|c| King Time Stall|Oh no
|
|move|p1a: Gliscor|Earthquake|p2a: Jirachi
|-supereffective|p2a: Jirachi
|-damage|p2a: Jirachi|158\/362
|move|p2a: Jirachi|Psychic|p1a: Gliscor
|-damage|p1a: Gliscor|149\/354
|
|-heal|p1a: Gliscor|171\/354|[from] item: Leftovers
|-heal|p2a: Jirachi|180\/362|[from] item: Leftovers
|turn|14
|join|Poweredbyrevenge
|
|switch|p2a: Rotom-Wash|Rotom-Wash|176\/262
|move|p1a: Gliscor|Earthquake|p2a: Rotom-Wash
|-immune|p2a: Rotom-Wash|[msg]
|
|-heal|p1a: Gliscor|193\/354|[from] item: Leftovers
|-heal|p2a: Rotom-Wash|192\/262|[from] item: Leftovers
|turn|15
|
|switch|p1a: Tentacruel|Tentacruel, M|364\/364
|move|p2a: Rotom-Wash|Hydro Pump|p1a: Tentacruel
|-resisted|p1a: Tentacruel
|-damage|p1a: Tentacruel|330\/364
|
|-heal|p2a: Rotom-Wash|208\/262|[from] item: Leftovers
|turn|16
|join|jeffrawr
|c| RS Meth|man, two levitating scarfers?
|
|switch|p2a: Jirachi|Jirachi|180\/362
|move|p1a: Tentacruel|Surf|p2a: Jirachi
|-damage|p2a: Jirachi|93\/362
|
|-heal|p2a: Jirachi|115\/362|[from] item: Leftovers
|turn|17
|join|Wolfrider
|
|move|p1a: Tentacruel|Surf|p2a: Jirachi
|-damage|p2a: Jirachi|27\/362
|move|p2a: Jirachi|Psychic|p1a: Tentacruel
|-supereffective|p1a: Tentacruel
|-damage|p1a: Tentacruel|172\/364
|
|-heal|p2a: Jirachi|49\/362|[from] item: Leftovers
|turn|18
|c|★scotti|fuq that did like nothing
|leave|Aaron Pinkman
|c|★RedKingAlmighty|meet tentacruel
|join|troll1234567
|
|move|p1a: Tentacruel|Surf|p2a: Jirachi
|-damage|p2a: Jirachi|0 fnt
|faint|p2a: Jirachi
|
|
|switch|p2a: Lucario|Lucario, M|302\/302
|turn|19
|c|★scotti|what about this thing
|leave|troll1234567
|c|★RedKingAlmighty|shit
|c|★RedKingAlmighty|uhm
|join|troll1234567
|
|move|p1a: Tentacruel|Surf|p2a: Lucario
|-damage|p2a: Lucario|188\/302
|move|p2a: Lucario|Swords Dance|p2a: Lucario
|-boost|p2a: Lucario|atk|2
|
|turn|20
|c|★RedKingAlmighty|yeah thats not happening
|
|switch|p1a: Gyarados|Gyarados, F|370\/370
|-ability|p1a: Gyarados|Intimidate|[of] p2a: Lucario
|-unboost|p2a: Lucario|atk|1
|move|p2a: Lucario|Extreme Speed|p1a: Gyarados
|-damage|p1a: Gyarados|202\/370
|-damage|p2a: Lucario|158\/302|[from] item: Life Orb
|
|-heal|p1a: Gyarados|225\/370|[from] item: Leftovers
|turn|21
|c| RS Meth|lucario needs a truly useful ability imo
|c|★scotti|aww
|
|switch|p2a: Rotom-Wash|Rotom-Wash|208\/262
|move|p1a: Gyarados|Waterfall|p2a: Rotom-Wash
|-damage|p2a: Rotom-Wash|90\/262
|
|-heal|p1a: Gyarados|248\/370|[from] item: Leftovers
|-heal|p2a: Rotom-Wash|106\/262|[from] item: Leftovers
|turn|22
|
|switch|p1a: Jolteon|Jolteon, F|271\/271
|move|p2a: Rotom-Wash|Shadow Ball|p1a: Jolteon
|-damage|p1a: Jolteon|165\/271
|
|-heal|p2a: Rotom-Wash|122\/262|[from] item: Leftovers
|turn|23
|
|switch|p2a: Gliscor|Gliscor, M|312\/312
|move|p1a: Jolteon|Thunderbolt|p2a: Gliscor
|-immune|p2a: Gliscor|[msg]
|
|turn|24
|c| RS Meth|you need to mega evolve your gyarados RKA
|leave|bopd
|
|switch|p1a: Tentacruel|Tentacruel, M|172\/364
|move|p2a: Gliscor|Earthquake|p1a: Tentacruel
|-supereffective|p1a: Tentacruel
|-damage|p1a: Tentacruel|0 fnt
|faint|p1a: Tentacruel
|
|c|★RedKingAlmighty|ngl fuck gliscor
|c|★scotti|lel
|
|switch|p1a: Gyarados|Gyarados, F|248\/370
|-ability|p1a: Gyarados|Intimidate|[of] p2a: Gliscor
|-unboost|p2a: Gliscor|atk|1
|turn|25
|c| RS Meth|man somebody hates electric and ground types
|
|move|p2a: Gliscor|Taunt|p1a: Gyarados
|-start|p1a: Gyarados|move: Taunt
|cant|p1a: Gyarados|move: Taunt|Taunt
|
|-heal|p1a: Gyarados|271\/370|[from] item: Leftovers
|turn|26
|leave|King Time Stall
|c|★RedKingAlmighty|god damnit scotti
|
|move|p2a: Gliscor|Toxic|p1a: Gyarados
|-status|p1a: Gyarados|tox
|move|p1a: Gyarados|Waterfall|p2a: Gliscor
|-supereffective|p2a: Gliscor
|-damage|p2a: Gliscor|112\/312
|
|-heal|p2a: Gliscor|131\/312|[from] item: Leftovers
|-heal|p1a: Gyarados|294\/370 tox|[from] item: Leftovers
|-damage|p1a: Gyarados|271\/370 tox|[from] psn
|turn|27
|c| RS Meth|can't use Taunt after the taunt
|
|move|p2a: Gliscor|Roost|p2a: Gliscor
|-heal|p2a: Gliscor|287\/312
|move|p1a: Gyarados|Waterfall|p2a: Gliscor
|-supereffective|p2a: Gliscor
|-damage|p2a: Gliscor|87\/312
|
|-heal|p2a: Gliscor|106\/312|[from] item: Leftovers
|-heal|p1a: Gyarados|294\/370 tox|[from] item: Leftovers
|-damage|p1a: Gyarados|248\/370 tox|[from] psn
|-end|p1a: Gyarados|move: Taunt
|turn|28
|c|★RedKingAlmighty|firesteel stfu
|c| RS Meth|that's when you know there's a problem
|
|switch|p1a: Gengar|Gengar, F|261\/261
|move|p2a: Gliscor|Roost|p2a: Gliscor
|-heal|p2a: Gliscor|262\/312
|
|-heal|p2a: Gliscor|281\/312|[from] item: Leftovers
|turn|29
|
|switch|p2a: Rotom-Wash|Rotom-Wash|122\/262
|move|p1a: Gengar|Shadow Ball|p2a: Rotom-Wash
|-supereffective|p2a: Rotom-Wash
|-damage|p2a: Rotom-Wash|0 fnt
|-damage|p1a: Gengar|235\/261|[from] item: Life Orb
|faint|p2a: Rotom-Wash
|
|join|Ace Trainer Apollo
|c| RS Meth|holy mother of levitation
|
|switch|p2a: Flygon|Flygon, F|141\/301
|turn|30
|
|switch|p1a: Gyarados|Gyarados, F|248\/370 tox
|-ability|p1a: Gyarados|Intimidate|[of] p2a: Flygon
|-unboost|p2a: Flygon|atk|1
|move|p2a: Flygon|Outrage|p1a: Gyarados
|-damage|p1a: Gyarados|71\/370 tox
|
|-heal|p1a: Gyarados|94\/370 tox|[from] item: Leftovers
|-damage|p1a: Gyarados|71\/370 tox|[from] psn
|turn|31
|
|move|p2a: Flygon|Outrage|p1a: Gyarados
|-damage|p1a: Gyarados|0 fnt
|faint|p1a: Gyarados
|
|
|switch|p1a: Gliscor|Gliscor, M|193\/354
|turn|32
|
|move|p2a: Flygon|Outrage|p1a: Gliscor
|-damage|p1a: Gliscor|42\/354
|move|p1a: Gliscor|Toxic|p2a: Flygon
|-status|p2a: Flygon|tox
|
|-end|p2a: Flygon|rampage
|-start|p2a: Flygon|confusion
|-heal|p1a: Gliscor|64\/354|[from] item: Leftovers
|-damage|p2a: Flygon|123\/301 tox|[from] psn
|turn|33
|c| RS Meth|love the smell of death fodder in the morning
|
|switch|p2a: Gliscor|Gliscor, M|281\/312
|move|p1a: Gliscor|Roost|p1a: Gliscor
|-heal|p1a: Gliscor|241\/354
|
|-heal|p1a: Gliscor|263\/354|[from] item: Leftovers
|-heal|p2a: Gliscor|300\/312|[from] item: Leftovers
|turn|34
|join|Arceusism
|
|switch|p2a: Flygon|Flygon, F|123\/301 tox
|move|p1a: Gliscor|Taunt|p2a: Flygon
|-start|p2a: Flygon|move: Taunt
|
|-heal|p1a: Gliscor|285\/354|[from] item: Leftovers
|-damage|p2a: Flygon|105\/301 tox|[from] psn
|turn|35
|leave|Arceusism
|
|move|p2a: Flygon|Outrage|p1a: Gliscor
|-damage|p1a: Gliscor|59\/354
|move|p1a: Gliscor|Roost|p1a: Gliscor
|-heal|p1a: Gliscor|236\/354
|
|-heal|p1a: Gliscor|258\/354|[from] item: Leftovers
|-damage|p2a: Flygon|69\/301 tox|[from] psn
|turn|36
|c|★RedKingAlmighty|well this awkward
|
|move|p2a: Flygon|Outrage|p1a: Gliscor
|-damage|p1a: Gliscor|26\/354
|move|p1a: Gliscor|Roost|p1a: Gliscor
|-heal|p1a: Gliscor|203\/354
|
|-heal|p1a: Gliscor|225\/354|[from] item: Leftovers
|-damage|p2a: Flygon|15\/301 tox|[from] psn
|turn|37
|
|move|p2a: Flygon|Outrage|p1a: Gliscor
|-damage|p1a: Gliscor|14\/354
|move|p1a: Gliscor|Roost|p1a: Gliscor
|-heal|p1a: Gliscor|191\/354
|
|-end|p2a: Flygon|rampage
|-start|p2a: Flygon|confusion
|-heal|p1a: Gliscor|213\/354|[from] item: Leftovers
|-damage|p2a: Flygon|0 fnt|[from] psn
|faint|p2a: Flygon
|c|★scotti|wtf
|c|★scotti|fuq
|c| G00NY|rolls be like
|c|★RedKingAlmighty|rolls
|c| RS Meth|nice and alive
|c|★scotti|flygon is useless
|
|switch|p2a: Gliscor|Gliscor, M|300\/312
|turn|38
|c|★RedKingAlmighty|lol im max speed.
|leave|Poweredbyrevenge
|c| Ace Trainer Apollo|flygon does look pretty cool though
|c|★scotti|i know that :3
|
|switch|p2a: Lucario|Lucario, M|158\/302
|move|p1a: Gliscor|Taunt|p2a: Lucario
|-start|p2a: Lucario|move: Taunt
|
|-heal|p1a: Gliscor|235\/354|[from] item: Leftovers
|turn|39
|
|move|p1a: Gliscor|Earthquake|p2a: Lucario
|-supereffective|p2a: Lucario
|-damage|p2a: Lucario|0 fnt
|faint|p2a: Lucario
|
|-heal|p1a: Gliscor|257\/354|[from] item: Leftovers
|
|switch|p2a: Gliscor|Gliscor, M|300\/312
|turn|40
|leave|kloshitt
|join|3rdfwef
|leave|Wolfrider
|c|★scotti|gg
|
|move|p1a: Gliscor|Taunt|p2a: Gliscor
|-start|p2a: Gliscor|move: Taunt
|cant|p2a: Gliscor|move: Taunt|Toxic
|
|-heal|p1a: Gliscor|279\/354|[from] item: Leftovers
|-heal|p2a: Gliscor|312\/312|[from] item: Leftovers
|turn|41
|join|Heavy Storm
|c|★scotti|fuq flygon
|c| troll1234567|gliscor op
|c|★RedKingAlmighty|gg
|
|move|p1a: Gliscor|Toxic|p2a: Gliscor
|-status|p2a: Gliscor|tox
|move|p2a: Gliscor|Earthquake|p1a: Gliscor
|-immune|p1a: Gliscor|[msg]
|
|-heal|p1a: Gliscor|301\/354|[from] item: Leftovers
|-damage|p2a: Gliscor|293\/312 tox|[from] psn
|turn|42
|
|switch|p1a: Gengar|Gengar, F|235\/261
|move|p2a: Gliscor|Earthquake|p1a: Gengar
|-immune|p1a: Gengar|[msg]
|
|-heal|p2a: Gliscor|312\/312 tox|[from] item: Leftovers
|-damage|p2a: Gliscor|274\/312 tox|[from] psn
|-end|p2a: Gliscor|move: Taunt
|turn|43
|c| troll1234567|The opposing Gliscor was hurt by poison!
|c| troll1234567|lol
|-message|scotti forfeited.
|c|★RedKingAlmighty|lol
|c| All the do da day|lol
|
|win|RedKingAlmighty
|c|★RedKingAlmighty|noooooooo
|leave|3rdfwef
|c|★RedKingAlmighty|i had explosion
|leave|RS Meth
|c|★scotti|well
|c|★scotti|maybe
|leave|jeffrawr
|leave|G00NY
|c|★scotti|if flygon