|join|gauchoninja (alt)
|join|RedKingAlmighty
|player|p1|gauchoninja (alt)|99
|player|p2|RedKingAlmighty|92
|gametype|singles
|gen|6
|tier|OU
|rated
|clearpoke
|poke|p1|Swampert, M
|poke|p1|Politoed, M
|poke|p1|Kingdra, F
|poke|p1|Scizor, F, shiny
|poke|p1|Celebi
|poke|p1|Thundurus, M
|poke|p2|Altaria, M
|poke|p2|Tornadus-Therian, M
|poke|p2|Heatran, M
|poke|p2|Alomomola, M
|poke|p2|Landorus-Therian, M
|poke|p2|Scizor, M
|rule|Swagger Clause: Swagger is banned
|rule|Baton Pass Clause: Limit one Pokémon knowing Baton Pass
|rule|Sleep Clause Mod: Limit one foe put to sleep
|rule|Species Clause: Limit one of each Pokémon
|rule|OHKO Clause: OHKO moves are banned
|rule|Moody Clause: Moody is banned
|rule|Evasion Moves Clause: Evasion moves are banned
|rule|Endless Battle Clause: Forcing endless battles is banned
|rule|HP Percentage Mod: HP is shown in percentages
|teampreview
|
|start
|switch|p1a: Leaky|Politoed, M|384\/384
|switch|p2a: Altaria|Altaria, M|292\/292
|-weather|RainDance
|turn|1
|
|detailschange|p2a: Altaria|Altaria-Mega, M
|-mega|p2a: Altaria|Altaria|Altarianite
|move|p2a: Altaria|Hyper Voice|p1a: Leaky
|-damage|p1a: Leaky|180\/384
|move|p1a: Leaky|Toxic|p2a: Altaria
|-status|p2a: Altaria|tox
|
|-weather|RainDance|[upkeep]
|-damage|p2a: Altaria|274\/292 tox|[from] psn
|turn|2
|
|move|p1a: Leaky|Protect|p1a: Leaky
|-singleturn|p1a: Leaky|Protect
|move|p2a: Altaria|Fire Blast|p1a: Leaky
|-activate|p1a: Leaky|Protect
|
|-weather|RainDance|[upkeep]
|-damage|p2a: Altaria|238\/292 tox|[from] psn
|turn|3
|c|★RedKingAlmighty|u uh know you're wasting your own rain turns?
|c|★RedKingAlmighty|also altaria
|c|★RedKingAlmighty|!learn altaria, heal bell
|raw|<div class="infobox">Altaria <span class="message-learn-canlearn">can<\/span> learn Heal Bell<\/ul><\/div>
|c|★RedKingAlmighty|so uh
|c|★RedKingAlmighty|._.
|
|switch|p1a: Peanut|Celebi|404\/404
|move|p2a: Altaria|Hyper Voice|p1a: Peanut
|-damage|p1a: Peanut|265\/404
|
|-weather|RainDance|[upkeep]
|-heal|p1a: Peanut|290\/404|[from] item: Leftovers
|-damage|p2a: Altaria|184\/292 tox|[from] psn
|turn|4
|
|switch|p2a: Scizor|Scizor, M|344\/344
|move|p1a: Peanut|Leech Seed|p2a: Scizor
|-start|p2a: Scizor|move: Leech Seed
|
|-weather|RainDance|[upkeep]
|-heal|p1a: Peanut|315\/404|[from] item: Leftovers
|-damage|p2a: Scizor|301\/344|[from] Leech Seed|[of] p1a: Peanut
|-heal|p1a: Peanut|358\/404|[silent]
|turn|5
|
|switch|p1a: Meruem|Scizor, F, shiny|343\/343
|move|p2a: Scizor|Bug Bite|p1a: Meruem
|-resisted|p1a: Meruem
|-damage|p1a: Meruem|292\/343
|-damage|p2a: Scizor|244\/344|[from] item: Rocky Helmet|[of] p1a: Meruem
|
|-weather|RainDance|[upkeep]
|-heal|p2a: Scizor|265\/344|[from] item: Leftovers
|-damage|p2a: Scizor|222\/344|[from] Leech Seed|[of] p1a: Meruem
|-heal|p1a: Meruem|335\/343|[silent]
|turn|6
|
|switch|p2a: Heatran|Heatran, M|386\/386
|move|p1a: Meruem|U-turn|p2a: Heatran
|-resisted|p2a: Heatran
|-damage|p2a: Heatran|361\/386
|
|switch|p1a: Hulkbuster|Swampert, M|342\/342
|
|-weather|RainDance|[upkeep]
|-heal|p2a: Heatran|385\/386|[from] item: Leftovers
|turn|7
|
|switch|p2a: Momo|Alomomola, M|476\/476
|detailschange|p1a: Hulkbuster|Swampert-Mega, M
|-mega|p1a: Hulkbuster|Swampert|Swampertite
|move|p1a: Hulkbuster|Waterfall|p2a: Momo
|-resisted|p2a: Momo
|-damage|p2a: Momo|362\/476
|
|-weather|RainDance|[upkeep]
|turn|8
|
|switch|p1a: Peanut|Celebi|358\/404
|move|p2a: Momo|Scald|p1a: Peanut
|-resisted|p1a: Peanut
|-damage|p1a: Peanut|332\/404
|
|-weather|none
|-heal|p1a: Peanut|357\/404|[from] item: Leftovers
|turn|9
|
|switch|p2a: Heatran|Heatran, M|385\/386
|move|p1a: Peanut|Stealth Rock|p2a: Heatran
|-sidestart|p2: RedKingAlmighty|move: Stealth Rock
|
|-heal|p2a: Heatran|386\/386|[from] item: Leftovers
|-heal|p1a: Peanut|382\/404|[from] item: Leftovers
|turn|10
|
|switch|p1a: Leaky|Politoed, M|180\/384
|-weather|RainDance
|move|p2a: Heatran|Stealth Rock|p1a: Leaky
|-sidestart|p1: gauchoninja (alt)|move: Stealth Rock
|
|-weather|RainDance|[upkeep]
|turn|11
|
|switch|p2a: Altaria|Altaria-Mega, M|184\/292 tox
|-damage|p2a: Altaria|148\/292 tox|[from] Stealth Rock
|move|p1a: Leaky|Scald|p2a: Altaria
|-resisted|p2a: Altaria
|-damage|p2a: Altaria|84\/292 tox
|
|-weather|RainDance|[upkeep]
|-damage|p2a: Altaria|66\/292 tox|[from] psn
|turn|12
|
|switch|p1a: Peanut|Celebi|382\/404
|-damage|p1a: Peanut|332\/404|[from] Stealth Rock
|move|p2a: Altaria|Roost|p2a: Altaria
|-heal|p2a: Altaria|212\/292 tox
|
|-weather|RainDance|[upkeep]
|-heal|p1a: Peanut|357\/404|[from] item: Leftovers
|-damage|p2a: Altaria|176\/292 tox|[from] psn
|turn|13
|
|switch|p2a: Tornadus-Therian|Tornadus-Therian, M|299\/299
|-damage|p2a: Tornadus-Therian|225\/299|[from] Stealth Rock
|move|p1a: Peanut|Leech Seed|p2a: Tornadus-Therian
|-start|p2a: Tornadus-Therian|move: Leech Seed
|
|-weather|RainDance|[upkeep]
|-heal|p1a: Peanut|382\/404|[from] item: Leftovers
|-damage|p2a: Tornadus-Therian|188\/299|[from] Leech Seed|[of] p1a: Peanut
|-heal|p1a: Peanut|404\/404|[silent]
|turn|14
|
|switch|p1a: Meruem|Scizor, F, shiny|335\/343
|-damage|p1a: Meruem|293\/343|[from] Stealth Rock
|move|p2a: Tornadus-Therian|U-turn|p1a: Meruem
|-resisted|p1a: Meruem
|-damage|p1a: Meruem|266\/343
|-damage|p2a: Tornadus-Therian|139\/299|[from] item: Rocky Helmet|[of] p1a: Meruem
|-damage|p2a: Tornadus-Therian|110\/299|[from] item: Life Orb
|
|switch|p2a: Heatran|Heatran, M|386\/386
|-damage|p2a: Heatran|338\/386|[from] Stealth Rock
|
|-weather|RainDance|[upkeep]
|-heal|p2a: Heatran|362\/386|[from] item: Leftovers
|turn|15
|
|switch|p1a: Peanut|Celebi|404\/404
|-damage|p1a: Peanut|354\/404|[from] Stealth Rock
|move|p2a: Heatran|Lava Plume|p1a: Peanut
|-supereffective|p1a: Peanut
|-damage|p1a: Peanut|262\/404
|
|-weather|RainDance|[upkeep]
|-heal|p2a: Heatran|386\/386|[from] item: Leftovers
|-heal|p1a: Peanut|287\/404|[from] item: Leftovers
|turn|16
|
|move|p2a: Heatran|Taunt|p1a: Peanut
|-start|p1a: Peanut|move: Taunt
|cant|p1a: Peanut|move: Taunt|Leech Seed
|
|-weather|RainDance|[upkeep]
|-heal|p1a: Peanut|312\/404|[from] item: Leftovers
|turn|17
|
|switch|p1a: Holepuncher|Kingdra, F|291\/291
|-damage|p1a: Holepuncher|255\/291|[from] Stealth Rock
|move|p2a: Heatran|Lava Plume|p1a: Holepuncher
|-resisted|p1a: Holepuncher
|-damage|p1a: Holepuncher|240\/291
|
|-weather|none
|turn|18
|
|switch|p1a: Leaky|Politoed, M|180\/384
|-damage|p1a: Leaky|132\/384|[from] Stealth Rock
|-weather|RainDance
|switch|p2a: Momo|Alomomola, M|476\/476
|-damage|p2a: Momo|417\/476|[from] Stealth Rock
|
|-weather|RainDance|[upkeep]
|turn|19
|
|switch|p2a: Altaria|Altaria-Mega, M|176\/292 tox
|-damage|p2a: Altaria|140\/292 tox|[from] Stealth Rock
|move|p1a: Leaky|Toxic|p2a: Altaria
|-fail|p2a: Altaria|tox
|
|-weather|RainDance|[upkeep]
|-damage|p2a: Altaria|122\/292 tox|[from] psn
|turn|20
|
|switch|p1a: Peanut|Celebi|312\/404
|-damage|p1a: Peanut|262\/404|[from] Stealth Rock
|move|p2a: Altaria|Roost|p2a: Altaria
|-heal|p2a: Altaria|268\/292 tox
|
|-weather|RainDance|[upkeep]
|-heal|p1a: Peanut|287\/404|[from] item: Leftovers
|-damage|p2a: Altaria|232\/292 tox|[from] psn
|turn|21
|
|move|p2a: Altaria|Hyper Voice|p1a: Peanut
|-damage|p1a: Peanut|136\/404
|move|p1a: Peanut|Baton Pass|p1a: Peanut
|
|switch|p1a: Hulkbuster|Swampert-Mega, M|342\/342
|-damage|p1a: Hulkbuster|321\/342|[from] Stealth Rock
|
|-weather|RainDance|[upkeep]
|-damage|p2a: Altaria|178\/292 tox|[from] psn
|turn|22
|
|switch|p2a: Momo|Alomomola, M|476\/476
|-damage|p2a: Momo|417\/476|[from] Stealth Rock
|move|p1a: Hulkbuster|Ice Punch|p2a: Momo
|-resisted|p2a: Momo
|-damage|p2a: Momo|369\/476
|
|-weather|RainDance|[upkeep]
|turn|23
|
|move|p1a: Hulkbuster|Waterfall|p2a: Momo
|-resisted|p2a: Momo
|-damage|p2a: Momo|259\/476
|cant|p2a: Momo|flinch
|
|-weather|RainDance|[upkeep]
|turn|24
|
|move|p1a: Hulkbuster|Waterfall|p2a: Momo
|-resisted|p2a: Momo
|-damage|p2a: Momo|154\/476
|cant|p2a: Momo|flinch
|
|-weather|RainDance|[upkeep]
|turn|25
|
|switch|p2a: Landorus-Therian|Landorus-Therian, M|333\/333
|-damage|p2a: Landorus-Therian|292\/333|[from] Stealth Rock
|-ability|p2a: Landorus-Therian|Intimidate|[of] p1a: Hulkbuster
|-unboost|p1a: Hulkbuster|atk|1
|move|p1a: Hulkbuster|Waterfall|p2a: Landorus-Therian
|-supereffective|p2a: Landorus-Therian
|-damage|p2a: Landorus-Therian|0 fnt
|faint|p2a: Landorus-Therian
|
|-weather|none
|
|switch|p2a: Tornadus-Therian|Tornadus-Therian, M|209\/299
|-damage|p2a: Tornadus-Therian|135\/299|[from] Stealth Rock
|turn|26
|
|switch|p1a: Meruem|Scizor, F, shiny|266\/343
|-damage|p1a: Meruem|224\/343|[from] Stealth Rock
|move|p2a: Tornadus-Therian|Hurricane|p1a: Meruem|[miss]
|-miss|p2a: Tornadus-Therian|p1a: Meruem
|
|turn|27
|
|move|p2a: Tornadus-Therian|Hurricane|p1a: Meruem
|-damage|p1a: Meruem|0 fnt
|-damage|p2a: Tornadus-Therian|106\/299|[from] item: Life Orb
|faint|p1a: Meruem
|
|
|switch|p1a: Zeus|Thundurus, M|299\/299
|-damage|p1a: Zeus|225\/299|[from] Stealth Rock
|turn|28
|
|switch|p2a: Altaria|Altaria-Mega, M|178\/292 tox
|-damage|p2a: Altaria|142\/292 tox|[from] Stealth Rock
|move|p1a: Zeus|Toxic|p2a: Altaria
|-fail|p2a: Altaria|tox
|
|-damage|p2a: Altaria|124\/292 tox|[from] psn
|turn|29
|
|move|p1a: Zeus|Hidden Power|p2a: Altaria
|-supereffective|p2a: Altaria
|-damage|p2a: Altaria|0 fnt
|faint|p2a: Altaria
|
|
|switch|p2a: Heatran|Heatran, M|386\/386
|-damage|p2a: Heatran|338\/386|[from] Stealth Rock
|turn|30
|
|move|p1a: Zeus|Volt Switch|p2a: Heatran
|-damage|p2a: Heatran|220\/386
|
|switch|p1a: Leaky|Politoed, M|132\/384
|-damage|p1a: Leaky|84\/384|[from] Stealth Rock
|-weather|RainDance
|move|p2a: Heatran|Lava Plume|p1a: Leaky
|-resisted|p1a: Leaky
|-damage|p1a: Leaky|54\/384
|
|-weather|RainDance|[upkeep]
|-heal|p2a: Heatran|244\/386|[from] item: Leftovers
|turn|31
|
|switch|p1a: Peanut|Celebi|136\/404
|-damage|p1a: Peanut|86\/404|[from] Stealth Rock
|move|p2a: Heatran|Earth Power|p1a: Peanut
|-resisted|p1a: Peanut
|-damage|p1a: Peanut|55\/404
|
|-weather|RainDance|[upkeep]
|-heal|p2a: Heatran|268\/386|[from] item: Leftovers
|-heal|p1a: Peanut|80\/404|[from] item: Leftovers
|turn|32
|
|switch|p1a: Hulkbuster|Swampert-Mega, M|321\/342
|-damage|p1a: Hulkbuster|300\/342|[from] Stealth Rock
|move|p2a: Heatran|Lava Plume|p1a: Hulkbuster
|-resisted|p1a: Hulkbuster
|-damage|p1a: Hulkbuster|274\/342
|-status|p1a: Hulkbuster|brn
|
|-weather|RainDance|[upkeep]
|-heal|p2a: Heatran|292\/386|[from] item: Leftovers
|-damage|p1a: Hulkbuster|232\/342 brn|[from] brn
|turn|33
|
|switch|p2a: Momo|Alomomola, M|312\/476
|-damage|p2a: Momo|253\/476|[from] Stealth Rock
|move|p1a: Hulkbuster|Power-Up Punch|p2a: Momo
|-damage|p2a: Momo|228\/476
|-boost|p1a: Hulkbuster|atk|1
|
|-weather|RainDance|[upkeep]
|-damage|p1a: Hulkbuster|190\/342 brn|[from] brn
|turn|34
|
|move|p1a: Hulkbuster|Waterfall|p2a: Momo
|-resisted|p2a: Momo
|-damage|p2a: Momo|146\/476
|move|p2a: Momo|Wish|p2a: Momo
|
|-weather|RainDance|[upkeep]
|-damage|p1a: Hulkbuster|148\/342 brn|[from] brn
|turn|35
|
|move|p2a: Momo|Protect|p2a: Momo
|-singleturn|p2a: Momo|Protect
|move|p1a: Hulkbuster|Earthquake|p2a: Momo
|-activate|p2a: Momo|Protect
|
|-weather|RainDance|[upkeep]
|-heal|p2a: Momo|384\/476|[from] move: Wish|[wisher] Momo
|-damage|p1a: Hulkbuster|106\/342 brn|[from] brn
|turn|36
|
|switch|p1a: Peanut|Celebi|80\/404
|-damage|p1a: Peanut|30\/404|[from] Stealth Rock
|move|p2a: Momo|Scald|p1a: Peanut
|-resisted|p1a: Peanut
|-damage|p1a: Peanut|6\/404
|
|-weather|RainDance|[upkeep]
|-heal|p1a: Peanut|31\/404|[from] item: Leftovers
|turn|37
|
|switch|p2a: Heatran|Heatran, M|292\/386
|-damage|p2a: Heatran|244\/386|[from] Stealth Rock
|move|p1a: Peanut|Recover|p1a: Peanut
|-heal|p1a: Peanut|233\/404
|
|-weather|none
|-heal|p2a: Heatran|268\/386|[from] item: Leftovers
|-heal|p1a: Peanut|258\/404|[from] item: Leftovers
|turn|38
|
|move|p2a: Heatran|Lava Plume|p1a: Peanut
|-supereffective|p1a: Peanut
|-damage|p1a: Peanut|100\/404
|-status|p1a: Peanut|brn
|move|p1a: Peanut|Leech Seed|p2a: Heatran
|-start|p2a: Heatran|move: Leech Seed
|
|-heal|p2a: Heatran|292\/386|[from] item: Leftovers
|-heal|p1a: Peanut|125\/404 brn|[from] item: Leftovers
|-damage|p2a: Heatran|244\/386|[from] Leech Seed|[of] p1a: Peanut
|-heal|p1a: Peanut|173\/404 brn|[silent]
|-damage|p1a: Peanut|123\/404 brn|[from] brn
|turn|39
|
|switch|p2a: Tornadus-Therian|Tornadus-Therian, M|205\/299
|-damage|p2a: Tornadus-Therian|131\/299|[from] Stealth Rock
|switch|p1a: Leaky|Politoed, M|54\/384
|-damage|p1a: Leaky|6\/384|[from] Stealth Rock
|-weather|RainDance
|
|-weather|RainDance|[upkeep]
|turn|40
|
|switch|p1a: Hulkbuster|Swampert-Mega, M|106\/342 brn
|-damage|p1a: Hulkbuster|85\/342 brn|[from] Stealth Rock
|move|p2a: Tornadus-Therian|U-turn|p1a: Hulkbuster
|-damage|p1a: Hulkbuster|14\/342 brn
|-damage|p2a: Tornadus-Therian|102\/299|[from] item: Life Orb
|
|switch|p2a: Momo|Alomomola, M|476\/476
|-damage|p2a: Momo|417\/476|[from] Stealth Rock
|
|-weather|RainDance|[upkeep]
|-damage|p1a: Hulkbuster|0 fnt|[from] brn
|faint|p1a: Hulkbuster
|
|switch|p1a: Zeus|Thundurus, M|225\/299
|-damage|p1a: Zeus|151\/299|[from] Stealth Rock
|turn|41
|
|move|p1a: Zeus|Thunder|p2a: Momo
|-supereffective|p2a: Momo
|-damage|p2a: Momo|0 fnt
|faint|p2a: Momo
|
|-weather|RainDance|[upkeep]
|
|switch|p2a: Heatran|Heatran, M|244\/386
|-damage|p2a: Heatran|196\/386|[from] Stealth Rock
|turn|42
|
|move|p1a: Zeus|Thunder|p2a: Heatran
|-damage|p2a: Heatran|0 fnt
|faint|p2a: Heatran
|
|-weather|RainDance|[upkeep]
|join|Demandred
|c|★RedKingAlmighty|.........
|
|switch|p2a: Scizor|Scizor, M|222\/344
|-damage|p2a: Scizor|179\/344|[from] Stealth Rock
|turn|43
|
|move|p1a: Zeus|Thunder|p2a: Scizor
|-damage|p2a: Scizor|0 fnt
|faint|p2a: Scizor
|
|-weather|RainDance|[upkeep]
|c|★RedKingAlmighty|ok
|c|★RedKingAlmighty|that just outsped
|c|★RedKingAlmighty|bullet punch
|c|★RedKingAlmighty|kdone
|
|switch|p2a: Tornadus-Therian|Tornadus-Therian, M|201\/299
|-damage|p2a: Tornadus-Therian|127\/299|[from] Stealth Rock
|turn|44
|
|move|p2a: Tornadus-Therian|Hurricane|p1a: Zeus
|-resisted|p1a: Zeus
|-damage|p1a: Zeus|15\/299
|-damage|p2a: Tornadus-Therian|98\/299|[from] item: Life Orb
|move|p1a: Zeus|Thunder|p2a: Tornadus-Therian
|-supereffective|p2a: Tornadus-Therian
|-damage|p2a: Tornadus-Therian|0 fnt
|faint|p2a: Tornadus-Therian
|
|win|gauchoninja (alt)
|raw|Ladder updating...
|raw|gauchoninja (alt)'s rating: 1410 &rarr; <strong>1430<\/strong><br \/>(+20 for winning)
|raw|RedKingAlmighty's rating: 1409 &rarr; <strong>1389<\/strong><br \/>(-20 for losing)
|c|★gauchoninja (alt)|gg
|leave|RedKingAlmighty
|player|p2
|leave|Demandred
|c|★gauchoninja (alt)|Turn 23-24 was reckless. I was seriouslt banking on those flinches... O.o
|c|★gauchoninja (alt)|Turn 32 burn on Hulkbuster was unfortunate, but considering I got those flinches earlier, I guess it evens it out. I could have Baton Passed into Hulkbuster safely, but I predicted Taunt and was trying to keep momentum. Not sure if it was a bad prediction or just a 50\/50.
|c|★gauchoninja (alt)|Zeus w\/ Zap Plate is awesome. :) (Almost the power of Life Orb on my main moves without the recoil.)
|c|★gauchoninja (alt)|The mutual rocks seemed to be hindering me a bit more than him since he had two regenerators and a roost altaria (and possibly a Roost scizor). Maybe I should have considered Defogging them away, but at the same time I didn't really have a clean opportunity to do so. It still all worked out.
|c|★gauchoninja (alt)|Overall, Celebi's synergy with the team is great. It can eat up the grass\/elec hits that threaten me, and can eat up fire hits too as long as rain is up. The ability to Baton Pass into my Swift-Swimmers is awesome too. :)
|c|★gauchoninja (alt)|x
|c|★gauchoninja (alt)|x
|c|★gauchoninja (alt)|x
|c|★gauchoninja (alt)|x
|c|★gauchoninja (alt)|x
|c|★gauchoninja (alt)|Future notes: (not related to this battle) My current team still does not have a reliable answer to Sableye. However, if I give Kingdra Clear Smog, then it can erase Sableyes boosts and kill it in the rain.
|c|★gauchoninja (alt)|However, I need to have rain up and react quickly to M-Sableye (I either have to come in immediately before it can set up, or find a way to come in safely so I don't get nailed by a boosted Dark Pulse\/Shadow Ball.)
|c|★gauchoninja (alt)|Plan: Clear Smog and then Scald\/Hydro Pump while it is at 0. (M-Sableye can react by using recover to stall out remaining rain turns.)
|c|★gauchoninja (alt)|Alternative: Use Specs Kingdra, which can deal with M-Sableye in the rain as long as it doesn't get past +1.