|join|RedKingAlmighty
|join|Geotal
|player|p1|RedKingAlmighty|154
|player|p2|Geotal|283
|gametype|singles
|gen|6
|tier|OU
|rated
|clearpoke
|poke|p1|Azelf
|poke|p1|Charizard, F
|poke|p1|Scolipede, M
|poke|p1|Espeon, M
|poke|p1|Whimsicott, F
|poke|p1|Greninja, F
|poke|p2|Diancie
|poke|p2|Ferrothorn, F
|poke|p2|Gothitelle, F
|poke|p2|Keldeo
|poke|p2|Landorus-Therian, M
|poke|p2|Heatran, F
|rule|Swagger Clause: Swagger is banned
|rule|Baton Pass Clause: Limit one Pokémon knowing Baton Pass
|rule|Sleep Clause Mod: Limit one foe put to sleep
|rule|Species Clause: Limit one of each Pokémon
|rule|OHKO Clause: OHKO moves are banned
|rule|Moody Clause: Moody is banned
|rule|Evasion Moves Clause: Evasion moves are banned
|rule|Endless Battle Clause: Forcing endless battles is banned
|rule|HP Percentage Mod: HP is shown in percentages
|teampreview
|
|start
|switch|p1a: Aids|Azelf|292\/292
|switch|p2a: Diancie|Diancie|245\/245
|turn|1
|join|O & R dayz
|
|detailschange|p2a: Diancie|Diancie-Mega
|-mega|p2a: Diancie|Diancie|Diancite
|move|p1a: Aids|Light Screen|p1a: Aids
|-sidestart|p1: RedKingAlmighty|move: Light Screen
|move|p2a: Diancie|Moonblast|p1a: Aids
|-damage|p1a: Aids|172\/292
|
|turn|2
|
|move|p1a: Aids|Explosion|p2a: Diancie
|-resisted|p2a: Diancie
|-damage|p2a: Diancie|113\/245
|faint|p1a: Aids
|move|p2a: Diancie|Diamond Storm|p1: Aids|[notarget]
|-notarget
|
|join|Reverend
|
|switch|p1a: Baton Passhole|Scolipede, M|323\/323
|turn|3
|
|move|p1a: Baton Passhole|Protect|p1a: Baton Passhole
|-singleturn|p1a: Baton Passhole|Protect
|move|p2a: Diancie|Diamond Storm|p1a: Baton Passhole
|-activate|p1a: Baton Passhole|Protect
|
|-boost|p1a: Baton Passhole|spe|1|[from] ability: Speed Boost
|turn|4
|
|move|p1a: Baton Passhole|Iron Defense|p1a: Baton Passhole
|-boost|p1a: Baton Passhole|def|2
|move|p2a: Diancie|Diamond Storm|p1a: Baton Passhole
|-supereffective|p1a: Baton Passhole
|-damage|p1a: Baton Passhole|123\/323
|
|-boost|p1a: Baton Passhole|spe|1|[from] ability: Speed Boost
|turn|5
|
|move|p1a: Baton Passhole|Baton Pass|p1a: Baton Passhole
|c| O & R dayz|I'd cheer for you RKA
|c| O & R dayz|but you stole my avatar
|c| O & R dayz|I must protest ^.^
|
|switch|p1a: Cancer|Espeon, M|334\/334
|move|p2a: Diancie|Diamond Storm|p1a: Cancer
|-damage|p1a: Cancer|250\/334
|
|-heal|p1a: Cancer|270\/334|[from] item: Leftovers
|-sideend|p1: RedKingAlmighty|move: Light Screen
|turn|6
|c|★RedKingAlmighty|holy shit
|c|★RedKingAlmighty|somebody with a brock avatar
|
|move|p1a: Cancer|Calm Mind|p1a: Cancer
|-boost|p1a: Cancer|spa|1
|-boost|p1a: Cancer|spd|1
|move|p2a: Diancie|Moonblast|p1a: Cancer
|-damage|p1a: Cancer|126\/334
|
|-heal|p1a: Cancer|146\/334|[from] item: Leftovers
|turn|7
|
|move|p1a: Cancer|Morning Sun|p1a: Cancer
|-heal|p1a: Cancer|313\/334
|move|p2a: Diancie|Moonblast|p1a: Cancer
|-damage|p1a: Cancer|180\/334
|
|-heal|p1a: Cancer|200\/334|[from] item: Leftovers
|turn|8
|
|move|p1a: Cancer|Calm Mind|p1a: Cancer
|-boost|p1a: Cancer|spa|1
|-boost|p1a: Cancer|spd|1
|move|p2a: Diancie|Moonblast|p1a: Cancer
|-damage|p1a: Cancer|88\/334
|
|-heal|p1a: Cancer|108\/334|[from] item: Leftovers
|turn|9
|c|★Geotal|i forgot I have this wtf
|
|switch|p2a: Gothitelle|Gothitelle, F|301\/301
|move|p1a: Cancer|Morning Sun|p1a: Cancer
|-heal|p1a: Cancer|275\/334
|
|-heal|p1a: Cancer|295\/334|[from] item: Leftovers
|turn|10
|join|Ariete
|join|X TREE
|join|Aegiswag99
|join|Snickered
|join|MysteryMetagross
|join|pyromaniac 963
|leave|X TREE
|c|★Geotal|o w8 will i trick myself
|join|JOSHKOSH
|c|★RedKingAlmighty|.-.
|
|move|p1a: Cancer|Stored Power|p2a: Gothitelle
|-resisted|p2a: Gothitelle
|-damage|p2a: Gothitelle|55\/301
|move|p2a: Gothitelle|Trick|p1a: Cancer
|-activate|p2a: Gothitelle|move: Trick|[of] p1a: Cancer
|-item|p1a: Cancer|Choice Scarf|[from] move: Trick
|-item|p2a: Gothitelle|Leftovers|[from] move: Trick
|
|-heal|p2a: Gothitelle|73\/301|[from] item: Leftovers
|turn|11
|c|★RedKingAlmighty|how does this stop me again?
|join|stockholm negro
|c| O & R dayz|time to send out the dark type
|
|move|p1a: Cancer|Stored Power|p2a: Gothitelle
|-resisted|p2a: Gothitelle
|-damage|p2a: Gothitelle|0 fnt
|faint|p2a: Gothitelle
|
|c|★Geotal|I should have gone into this on scolipede
|c|★Geotal|lmao
|c|★RedKingAlmighty|i can baton pass out of it into like zard x.
|c|★Geotal|it doesn't im done
|
|switch|p2a: Ferrothorn|Ferrothorn, F|352\/352
|turn|12
|c|★Geotal|i didn't even realize u were bp
|c|★Geotal|otherwise I would have just stopped scolipede
|leave|Snickered
|c|★Geotal|and you would have just lost
|
|move|p1a: Cancer|Stored Power|p2a: Ferrothorn
|-resisted|p2a: Ferrothorn
|-damage|p2a: Ferrothorn|167\/352
|move|p2a: Ferrothorn|Knock Off|p1a: Cancer
|-supereffective|p1a: Cancer
|-damage|p1a: Cancer|227\/334
|-enditem|p1a: Cancer|Choice Scarf|[from] move: Knock Off|[of] p2a: Ferrothorn
|
|-heal|p2a: Ferrothorn|189\/352|[from] item: Leftovers
|turn|13
|c|★RedKingAlmighty|again, baton passing into zard x.
|c|★Geotal|>
|c|★Geotal|<
|c|★RedKingAlmighty|baton pass > shadow tag
|c|★Geotal|I would have trapped
|c| pyromaniac 963|tricks scarf, uses knock off
|c|★Geotal|>
|c|★RedKingAlmighty|baton pass escapes shadow tag.
|c|★Geotal|i lost already
|leave|Aegiswag99
|c|★Geotal|lol
|
|move|p1a: Cancer|Stored Power|p2a: Ferrothorn
|-resisted|p2a: Ferrothorn
|-damage|p2a: Ferrothorn|4\/352
|move|p2a: Ferrothorn|Knock Off|p1a: Cancer
|-supereffective|p1a: Cancer
|-damage|p1a: Cancer|183\/334
|
|-heal|p2a: Ferrothorn|26\/352|[from] item: Leftovers
|turn|14
|join|TheSkyAboveUs
|c|★Geotal|gg
|-message|Geotal forfeited.
|
|win|RedKingAlmighty
|raw|Ladder updating...
|leave|TheSkyAboveUs
|leave|pyromaniac 963
|raw|RedKingAlmighty's rating: 1387 &rarr; <strong>1404<\/strong><br \/>(+17 for winning)
|raw|Geotal's rating: 1341 &rarr; <strong>1324<\/strong><br \/>(-17 for losing)
|leave|RedKingAlmighty
|leave|Reverend
|player|p1
|leave|Geotal
|player|p2
|leave|stockholm negro