|join|lllleeeecccc
|join|omegagunruby
|player|p1|lllleeeecccc|84
|player|p2|omegagunruby|170
|gametype|singles
|gen|6
|tier|UU
|rated
|rule|Sleep Clause Mod: Limit one foe put to sleep
|rule|Species Clause: Limit one of each Pokémon
|rule|OHKO Clause: OHKO moves are banned
|rule|Moody Clause: Moody is banned
|rule|Evasion Moves Clause: Evasion moves are banned
|rule|Endless Battle Clause: Forcing endless battles is banned
|rule|HP Percentage Mod: HP is shown in percentages
|clearpoke
|poke|p1|Diancie
|poke|p1|Crobat, F
|poke|p1|Porygon-Z
|poke|p1|Alakazam, M
|poke|p1|Nidoking, M
|poke|p1|Blissey, F, shiny
|poke|p2|Serperior, M
|poke|p2|Tentacruel, F
|poke|p2|Tornadus, M
|poke|p2|Krookodile, M
|poke|p2|Froslass, F
|poke|p2|Ampharos, F
|rule|Swagger Clause: Swagger is banned
|rule|Baton Pass Clause: Limit one Pokémon knowing Baton Pass
|teampreview
|
|start
|switch|p1a: Diancie|Diancie|304\/304
|switch|p2a: Serperior|Serperior, M|291\/291
|turn|1
|
|switch|p1a: Crobat|Crobat, F|320\/320
|move|p2a: Serperior|Substitute|p2a: Serperior
|-start|p2a: Serperior|Substitute
|-damage|p2a: Serperior|219\/291
|
|-heal|p2a: Serperior|237\/291|[from] item: Leftovers
|turn|2
|
|move|p2a: Serperior|Leech Seed|p1a: Crobat
|-start|p1a: Crobat|move: Leech Seed
|move|p1a: Crobat|Brave Bird|p2a: Serperior
|-supereffective|p2a: Serperior
|-damage|p2a: Serperior|0 fnt
|-damage|p1a: Crobat|242\/320|[from] recoil|[of] p2a: Serperior
|faint|p2a: Serperior
|
|-heal|p1a: Crobat|262\/320|[from] item: Black Sludge
|
|switch|p2a: Ampharos|Ampharos, F|353\/353
|turn|3
|
|detailschange|p2a: Ampharos|Ampharos-Mega, F
|-mega|p2a: Ampharos|Ampharos|Ampharosite
|-ability|p2a: Ampharos|Mold Breaker
|move|p1a: Crobat|U-turn|p2a: Ampharos
|-damage|p2a: Ampharos|291\/353
|
|switch|p1a: Blissey|Blissey, F, shiny|714\/714
|move|p2a: Ampharos|Volt Switch|p1a: Blissey
|-crit|p1a: Blissey
|-damage|p1a: Blissey|522\/714
|
|switch|p2a: Froslass|Froslass, F|281\/281
|
|-heal|p1a: Blissey|566\/714|[from] item: Leftovers
|turn|4
|
|move|p2a: Froslass|Taunt|p1a: Blissey
|-start|p1a: Blissey|move: Taunt
|cant|p1a: Blissey|move: Taunt|Thunder Wave
|
|-heal|p1a: Blissey|610\/714|[from] item: Leftovers
|turn|5
|
|switch|p1a: Nidoking|Nidoking, M|365\/365
|move|p2a: Froslass|Spikes|p1a: Nidoking
|-sidestart|p1: lllleeeecccc|Spikes
|
|turn|6
|
|move|p2a: Froslass|Ice Beam|p1a: Nidoking
|-supereffective|p1a: Nidoking
|-damage|p1a: Nidoking|71\/365
|move|p1a: Nidoking|Flamethrower|p2a: Froslass
|-supereffective|p2a: Froslass
|-enditem|p2a: Froslass|Focus Sash
|-damage|p2a: Froslass|1\/281
|
|turn|7
|
|switch|p1a: Blissey|Blissey, F, shiny|610\/714
|-damage|p1a: Blissey|521\/714|[from] Spikes
|move|p2a: Froslass|Ice Beam|p1a: Blissey
|-damage|p1a: Blissey|425\/714
|
|-heal|p1a: Blissey|469\/714|[from] item: Leftovers
|turn|8
|
|switch|p1a: Crobat|Crobat, F|262\/320
|move|p2a: Froslass|Taunt|p1a: Crobat
|-start|p1a: Crobat|move: Taunt
|
|-heal|p1a: Crobat|282\/320|[from] item: Black Sludge
|turn|9
|
|switch|p2a: Krookodile|Krookodile, M|394\/394
|-ability|p2a: Krookodile|Intimidate|[of] p1a: Crobat
|-unboost|p1a: Crobat|atk|1
|move|p1a: Crobat|Brave Bird|p2a: Krookodile
|-damage|p2a: Krookodile|289\/394
|-damage|p1a: Crobat|247\/320|[from] recoil|[of] p2a: Krookodile
|
|-heal|p1a: Crobat|267\/320|[from] item: Black Sludge
|-heal|p2a: Krookodile|313\/394|[from] item: Leftovers
|turn|10
|
|move|p1a: Crobat|U-turn|p2a: Krookodile
|-supereffective|p2a: Krookodile
|-damage|p2a: Krookodile|235\/394
|
|switch|p1a: Porygon-Z|Porygon-Z|373\/373
|-damage|p1a: Porygon-Z|327\/373|[from] Spikes
|move|p2a: Krookodile|Stealth Rock|p1a: Porygon-Z
|-sidestart|p1: lllleeeecccc|move: Stealth Rock
|
|-heal|p2a: Krookodile|259\/394|[from] item: Leftovers
|turn|11
|
|switch|p2a: Froslass|Froslass, F|1\/281
|move|p1a: Porygon-Z|Trick|p2a: Froslass
|-activate|p1a: Porygon-Z|move: Trick|[of] p2a: Froslass
|-item|p2a: Froslass|Choice Specs|[from] move: Trick
|
|turn|12
|c|★lllleeeecccc|Not my favorite trade..
|
|move|p2a: Froslass|Taunt|p1a: Porygon-Z
|-start|p1a: Porygon-Z|move: Taunt
|move|p1a: Porygon-Z|Ice Beam|p2a: Froslass
|-resisted|p2a: Froslass
|-damage|p2a: Froslass|0 fnt
|faint|p2a: Froslass
|
|
|switch|p2a: Ampharos|Ampharos-Mega, F|291\/353
|-ability|p2a: Ampharos|Mold Breaker
|turn|13
|c|★lllleeeecccc|You can still keep it tho. I'll try to survive on its own
|
|move|p1a: Porygon-Z|Ice Beam|p2a: Ampharos
|-supereffective|p2a: Ampharos
|-damage|p2a: Ampharos|63\/353
|move|p2a: Ampharos|Focus Blast|p1a: Porygon-Z
|-supereffective|p1a: Porygon-Z
|-damage|p1a: Porygon-Z|0 fnt
|faint|p1a: Porygon-Z
|
|c|★omegagunruby|thank you
|
|switch|p1a: Alakazam|Alakazam, M|252\/252
|turn|14
|
|switch|p2a: Tentacruel|Tentacruel, F|361\/361
|move|p1a: Alakazam|Dazzling Gleam|p2a: Tentacruel
|-resisted|p2a: Tentacruel
|-damage|p2a: Tentacruel|317\/361
|
|-heal|p2a: Tentacruel|339\/361|[from] item: Black Sludge
|turn|15
|c|★lllleeeecccc|wp
|
|move|p1a: Alakazam|Psyshock|p2a: Tentacruel
|-supereffective|p2a: Tentacruel
|-damage|p2a: Tentacruel|13\/361
|move|p2a: Tentacruel|Scald|p1a: Alakazam
|-damage|p1a: Alakazam|168\/252
|-status|p1a: Alakazam|brn
|
|-heal|p2a: Tentacruel|35\/361|[from] item: Black Sludge
|turn|16
|
|move|p1a: Alakazam|Energy Ball|p2a: Tentacruel
|-damage|p2a: Tentacruel|0 fnt
|faint|p2a: Tentacruel
|
|
|switch|p2a: Tornadus|Tornadus, M|299\/299
|turn|17
|
|switch|p1a: Blissey|Blissey, F, shiny|469\/714
|-damage|p1a: Blissey|380\/714|[from] Stealth Rock
|-damage|p1a: Blissey|291\/714|[from] Spikes
|move|p2a: Tornadus|U-turn|p1a: Blissey
|-crit|p1a: Blissey
|-damage|p1a: Blissey|89\/714
|
|switch|p2a: Krookodile|Krookodile, M|259\/394
|-ability|p2a: Krookodile|Intimidate|[of] p1a: Blissey
|-unboost|p1a: Blissey|atk|1
|
|-heal|p2a: Krookodile|283\/394|[from] item: Leftovers
|-heal|p1a: Blissey|133\/714|[from] item: Leftovers
|turn|18
|
|move|p2a: Krookodile|Knock Off|p1a: Blissey
|-damage|p1a: Blissey|0 fnt
|-enditem|p1a: Blissey|Leftovers|[from] move: Knock Off|[of] p2a: Krookodile
|faint|p1a: Blissey
|
|-heal|p2a: Krookodile|307\/394|[from] item: Leftovers
|
|switch|p1a: Alakazam|Alakazam, M|168\/252 brn
|turn|19
|
|switch|p2a: Ampharos|Ampharos-Mega, F|63\/353
|-ability|p2a: Ampharos|Mold Breaker
|move|p1a: Alakazam|Dazzling Gleam|p2a: Ampharos
|-supereffective|p2a: Ampharos
|-damage|p2a: Ampharos|0 fnt
|faint|p2a: Ampharos
|
|
|switch|p2a: Tornadus|Tornadus, M|299\/299
|turn|20
|
|switch|p1a: Nidoking|Nidoking, M|71\/365
|-damage|p1a: Nidoking|49\/365|[from] Stealth Rock
|-damage|p1a: Nidoking|4\/365|[from] Spikes
|move|p2a: Tornadus|Acrobatics|p1a: Nidoking
|-damage|p1a: Nidoking|0 fnt
|faint|p1a: Nidoking
|
|
|switch|p1a: Diancie|Diancie|304\/304
|-damage|p1a: Diancie|266\/304|[from] Stealth Rock
|-damage|p1a: Diancie|228\/304|[from] Spikes
|turn|21
|
|move|p2a: Tornadus|U-turn|p1a: Diancie
|-resisted|p1a: Diancie
|-damage|p1a: Diancie|199\/304
|
|switch|p2a: Krookodile|Krookodile, M|307\/394
|-ability|p2a: Krookodile|Intimidate|[of] p1a: Diancie
|-fail|p1a: Diancie|unboost|[from] ability: Clear Body|[of] p1a: Diancie
|move|p1a: Diancie|Rock Polish|p1a: Diancie
|-boost|p1a: Diancie|spe|2
|
|-heal|p2a: Krookodile|331\/394|[from] item: Leftovers
|turn|22
|
|detailschange|p1a: Diancie|Diancie-Mega
|-mega|p1a: Diancie|Diancie|Diancite
|move|p1a: Diancie|Moonblast|p2a: Krookodile
|-supereffective|p2a: Krookodile
|-damage|p2a: Krookodile|0 fnt
|faint|p2a: Krookodile
|
|
|switch|p2a: Tornadus|Tornadus, M|299\/299
|turn|23
|
|move|p1a: Diancie|Diamond Storm|p2a: Tornadus
|-supereffective|p2a: Tornadus
|-damage|p2a: Tornadus|0 fnt
|-boost|p1a: Diancie|def|1
|faint|p2a: Tornadus
|
|win|lllleeeecccc
|raw|Ladder updating...
|raw|lllleeeecccc's rating: 1352 &rarr; <strong>1375<\/strong><br \/>(+23 for winning)
|raw|omegagunruby's rating: 1394 &rarr; <strong>1371<\/strong><br \/>(-23 for losing)
|c|★lllleeeecccc|gg
|c|★omegagunruby|gg
|leave|omegagunruby
|player|p2