|join|Hallucination
|join|Fmp786
|c|★Hallucination|the lag is real
|player|p1|Hallucination|2
|player|p2|Fmp786|1
|gametype|singles
|gen|6
|tier|OU
|clearpoke
|poke|p1|Diancie
|poke|p1|Magnezone
|poke|p1|Talonflame, F
|poke|p1|Rotom-Wash
|poke|p1|Chansey, F
|poke|p1|Latias, F
|poke|p2|Sableye, F
|poke|p2|Slowbro, F
|poke|p2|Volcarona, M
|poke|p2|Chansey, F
|poke|p2|Ferrothorn, F
|poke|p2|Hitmontop, M
|rule|Swagger Clause: Swagger is banned
|rule|Baton Pass Clause: Limit one Pokémon knowing Baton Pass
|rule|Sleep Clause Mod: Limit one foe put to sleep
|rule|Species Clause: Limit one of each Pokémon
|rule|OHKO Clause: OHKO moves are banned
|rule|Moody Clause: Moody is banned
|rule|Evasion Moves Clause: Evasion moves are banned
|rule|Endless Battle Clause: Forcing endless battles is banned
|rule|HP Percentage Mod: HP is shown in percentages
|teampreview
|
|start
|switch|p1a: Diancie|Diancie|241\/241
|switch|p2a: Ferrothorn|Ferrothorn, F|352\/352
|turn|1
|
|switch|p1a: Magnezone|Magnezone|281\/281
|move|p2a: Ferrothorn|Leech Seed|p1a: Magnezone
|-start|p1a: Magnezone|move: Leech Seed
|
|-damage|p1a: Magnezone|246\/281|[from] Leech Seed|[of] p2a: Ferrothorn
|turn|2
|
|move|p1a: Magnezone|Hidden Power|p2a: Ferrothorn
|-supereffective|p2a: Ferrothorn
|-damage|p2a: Ferrothorn|36\/352
|move|p2a: Ferrothorn|Bulldoze|p1a: Magnezone
|-crit|p1a: Magnezone
|-supereffective|p1a: Magnezone
|-damage|p1a: Magnezone|6\/281
|-unboost|p1a: Magnezone|spe|1
|
|-damage|p1a: Magnezone|0 fnt|[from] Leech Seed|[of] p2a: Ferrothorn
|-heal|p2a: Ferrothorn|42\/352|[silent]
|faint|p1a: Magnezone
|c|★Fmp786|looool
|
|switch|p1a: Diancie|Diancie|241\/241
|turn|3
|
|switch|p2a: Chansey|Chansey, F|703\/703
|detailschange|p1a: Diancie|Diancie-Mega
|-mega|p1a: Diancie|Diancie|Diancite
|move|p1a: Diancie|Moonblast|p2a: Chansey
|-damage|p2a: Chansey|558\/703
|-unboost|p2a: Chansey|spa|1
|
|turn|4
|c|★Hallucination|do u have protect
|c|★Fmp786|yeah
|c|★Fmp786|I don't have powerwhip
|
|switch|p1a: Chansey|Chansey, F|641\/641
|move|p2a: Chansey|Soft-Boiled|p2a: Chansey
|-heal|p2a: Chansey|703\/703
|
|turn|5
|
|move|p2a: Chansey|Stealth Rock|p1a: Chansey
|-sidestart|p1: Hallucination|move: Stealth Rock
|move|p1a: Chansey|Stealth Rock|p2a: Chansey
|-sidestart|p2: Fmp786|move: Stealth Rock
|
|turn|6
|
|move|p2a: Chansey|Thunder Wave|p1a: Chansey
|-status|p1a: Chansey|par
|cant|p1a: Chansey|par
|
|turn|7
|
|switch|p2a: Hitmontop|Hitmontop, M|304\/304
|-damage|p2a: Hitmontop|285\/304|[from] Stealth Rock
|-ability|p2a: Hitmontop|Intimidate|[of] p1a: Chansey
|-unboost|p1a: Chansey|atk|1
|cant|p1a: Chansey|par
|
|-heal|p2a: Hitmontop|304\/304|[from] item: Leftovers
|turn|8
|
|switch|p1a: Latias|Latias, F|301\/301
|-damage|p1a: Latias|264\/301|[from] Stealth Rock
|move|p2a: Hitmontop|Rapid Spin|p1a: Latias
|-damage|p1a: Latias|248\/301
|-sideend|p2: Fmp786|Stealth Rock|[from] move: Rapid Spin|[of] p2a: Hitmontop
|
|-heal|p1a: Latias|266\/301|[from] item: Leftovers
|turn|9
|
|move|p1a: Latias|Defog|p2a: Hitmontop
|-unboost|p2a: Hitmontop|evasion|1
|-sideend|p1: Hallucination|Stealth Rock|[from] move: Defog|[of] p1a: Latias
|move|p2a: Hitmontop|Toxic|p1a: Latias|[miss]
|-miss|p2a: Hitmontop|p1a: Latias
|
|-heal|p1a: Latias|284\/301|[from] item: Leftovers
|turn|10
|
|switch|p2a: Chansey|Chansey, F|703\/703
|move|p1a: Latias|Psyshock|p2a: Chansey
|-damage|p2a: Chansey|534\/703
|
|-heal|p1a: Latias|301\/301|[from] item: Leftovers
|turn|11
|
|switch|p1a: Chansey|Chansey, F|641\/641
|move|p2a: Chansey|Seismic Toss|p1a: Chansey
|-damage|p1a: Chansey|541\/641
|
|turn|12
|
|switch|p2a: Hitmontop|Hitmontop, M|304\/304
|-ability|p2a: Hitmontop|Intimidate|[of] p1a: Chansey
|-unboost|p1a: Chansey|atk|1
|move|p1a: Chansey|Stealth Rock|p2a: Hitmontop
|-sidestart|p2: Fmp786|move: Stealth Rock
|
|turn|13
|
|move|p2a: Hitmontop|Rapid Spin|p1a: Chansey
|-damage|p1a: Chansey|522\/641
|-sideend|p2: Fmp786|Stealth Rock|[from] move: Rapid Spin|[of] p2a: Hitmontop
|move|p1a: Chansey|Toxic|p2a: Hitmontop
|-status|p2a: Hitmontop|tox
|
|-damage|p2a: Hitmontop|285\/304 tox|[from] psn
|turn|14
|
|switch|p1a: Talonflame|Talonflame, F|297\/297
|move|p2a: Hitmontop|Close Combat|p1a: Talonflame
|-resisted|p1a: Talonflame
|-damage|p1a: Talonflame|205\/297
|-unboost|p2a: Hitmontop|def|1
|-unboost|p2a: Hitmontop|spd|1
|
|-heal|p2a: Hitmontop|304\/304 tox|[from] item: Leftovers
|-damage|p2a: Hitmontop|266\/304 tox|[from] psn
|turn|15
|
|switch|p2a: Slowbro|Slowbro, F|394\/394
|move|p1a: Talonflame|U-turn|p2a: Slowbro
|-supereffective|p2a: Slowbro
|-damage|p2a: Slowbro|278\/394
|
|switch|p1a: Rotom-Wash|Rotom-Wash|304\/304
|
|-heal|p2a: Slowbro|302\/394|[from] item: Leftovers
|turn|16
|
|switch|p2a: Sableye|Sableye, F|304\/304
|move|p1a: Rotom-Wash|Volt Switch|p2a: Sableye
|-damage|p2a: Sableye|177\/304
|c|★Fmp786|misclick
|
|switch|p1a: Diancie|Diancie-Mega|241\/241
|
|turn|17
|
|switch|p2a: Ferrothorn|Ferrothorn, F|42\/352
|move|p1a: Diancie|Moonblast|p2a: Ferrothorn
|-resisted|p2a: Ferrothorn
|-damage|p2a: Ferrothorn|0 fnt
|faint|p2a: Ferrothorn
|
|
|switch|p2a: Chansey|Chansey, F|534\/703
|turn|18
|
|switch|p1a: Chansey|Chansey, F|522\/641
|move|p2a: Chansey|Soft-Boiled|p2a: Chansey
|-heal|p2a: Chansey|703\/703
|
|turn|19
|
|move|p2a: Chansey|Stealth Rock|p1a: Chansey
|-sidestart|p1: Hallucination|move: Stealth Rock
|move|p1a: Chansey|Stealth Rock|p2a: Chansey
|-sidestart|p2: Fmp786|move: Stealth Rock
|
|turn|20
|c|★Hallucination|i like blissey better then chansey tbh
|c|★Fmp786|me too
|
|switch|p2a: Hitmontop|Hitmontop, M|266\/304 tox
|-damage|p2a: Hitmontop|247\/304 tox|[from] Stealth Rock
|-ability|p2a: Hitmontop|Intimidate|[of] p1a: Chansey
|-unboost|p1a: Chansey|atk|1
|move|p1a: Chansey|Seismic Toss|p2a: Hitmontop
|-damage|p2a: Hitmontop|147\/304 tox
|
|-heal|p2a: Hitmontop|166\/304 tox|[from] item: Leftovers
|-damage|p2a: Hitmontop|147\/304 tox|[from] psn
|turn|21
|
|switch|p2a: Sableye|Sableye, F|177\/304
|-damage|p2a: Sableye|139\/304|[from] Stealth Rock
|move|p1a: Chansey|Soft-Boiled|p1a: Chansey
|-heal|p1a: Chansey|641\/641
|
|turn|22
|
|switch|p1a: Diancie|Diancie-Mega|241\/241
|-damage|p1a: Diancie|211\/241|[from] Stealth Rock
|detailschange|p2a: Sableye|Sableye-Mega, F
|-mega|p2a: Sableye|Sableye|Sablenite
|move|p2a: Sableye|Recover|p2a: Sableye
|-heal|p2a: Sableye|291\/304
|
|turn|23
|
|switch|p2a: Chansey|Chansey, F|703\/703
|-damage|p2a: Chansey|616\/703|[from] Stealth Rock
|move|p1a: Diancie|Moonblast|p2a: Chansey
|-damage|p2a: Chansey|483\/703
|
|turn|24
|
|switch|p1a: Chansey|Chansey, F|641\/641
|-damage|p1a: Chansey|561\/641|[from] Stealth Rock
|move|p2a: Chansey|Soft-Boiled|p2a: Chansey
|-heal|p2a: Chansey|703\/703
|
|turn|25
|c|★Fmp786|the sad thing is, volca and ferro isn't even needed that much against your team
|
|switch|p2a: Sableye|Sableye-Mega, F|291\/304
|-damage|p2a: Sableye|253\/304|[from] Stealth Rock
|move|p1a: Chansey|Toxic|p2a: Sableye
|move|p2a: Sableye|Toxic|p1a: Chansey|[from]Magic Bounce
|-status|p1a: Chansey|tox
|
|-damage|p1a: Chansey|521\/641 tox|[from] psn
|turn|26
|c|★Hallucination|i need zone to break you
|
|switch|p1a: Latias|Latias, F|301\/301
|-damage|p1a: Latias|264\/301|[from] Stealth Rock
|move|p2a: Sableye|Foul Play|p1a: Latias
|-supereffective|p1a: Latias
|-damage|p1a: Latias|76\/301
|
|-heal|p1a: Latias|94\/301|[from] item: Leftovers
|turn|27
|c|★Hallucination|das unique
|
|move|p1a: Latias|Roost|p1a: Latias
|-heal|p1a: Latias|245\/301
|move|p2a: Sableye|Knock Off|p1a: Latias
|-supereffective|p1a: Latias
|-damage|p1a: Latias|41\/301
|-enditem|p1a: Latias|Leftovers|[from] move: Knock Off|[of] p2a: Sableye
|
|turn|28
|
|switch|p2a: Chansey|Chansey, F|703\/703
|-damage|p2a: Chansey|616\/703|[from] Stealth Rock
|move|p1a: Latias|Defog|p2a: Chansey
|-unboost|p2a: Chansey|evasion|1
|-sideend|p2: Fmp786|Stealth Rock|[from] move: Defog|[of] p2a: Chansey
|-sideend|p1: Hallucination|Stealth Rock|[from] move: Defog|[of] p1a: Latias
|
|turn|29
|c|★Hallucination|how do
|c|★Hallucination|wisp and foul play work together?
|
|move|p1a: Latias|Roost|p1a: Latias
|-heal|p1a: Latias|192\/301
|move|p2a: Chansey|Seismic Toss|p1a: Latias
|-damage|p1a: Latias|92\/301
|
|turn|30
|c|★Fmp786|foul play works on attack stat regardless
|c|★Fmp786|of cripply
|c|★Fmp786|cripple*
|c|★Hallucination|alright cool
|
|switch|p1a: Diancie|Diancie-Mega|211\/241
|move|p2a: Chansey|Seismic Toss|p1a: Diancie
|-damage|p1a: Diancie|111\/241
|
|turn|31
|
|switch|p1a: Talonflame|Talonflame, F|205\/297
|move|p2a: Chansey|Soft-Boiled|p2a: Chansey
|-heal|p2a: Chansey|703\/703
|
|turn|32
|
|switch|p2a: Slowbro|Slowbro, F|394\/394
|move|p1a: Talonflame|Brave Bird|p2a: Slowbro
|-damage|p2a: Slowbro|244\/394
|-damage|p1a: Talonflame|155\/297|[from] recoil|[of] p2a: Slowbro
|
|-heal|p2a: Slowbro|268\/394|[from] item: Leftovers
|turn|33
|
|switch|p1a: Chansey|Chansey, F|521\/641
|move|p2a: Slowbro|Scald|p1a: Chansey
|-damage|p1a: Chansey|472\/641
|
|-heal|p2a: Slowbro|292\/394|[from] item: Leftovers
|turn|34
|c|★Fmp786|you won't get rocks up anymore
|c|★Hallucination|thats true
|c|★Fmp786|and I needed you to defog
|
|switch|p1a: Diancie|Diancie-Mega|111\/241
|switch|p2a: Sableye|Sableye-Mega, F|253\/304
|
|turn|35
|c|★Fmp786|unless you have sr on diancie!
|
|switch|p2a: Chansey|Chansey, F|703\/703
|move|p1a: Diancie|Diamond Storm|p2a: Chansey
|-damage|p2a: Chansey|457\/703
|-boost|p1a: Diancie|def|1
|
|turn|36
|c|★Hallucination|i need a crit
|c|★Hallucination|nah 2 crits
|
|switch|p1a: Latias|Latias, F|92\/301
|move|p2a: Chansey|Soft-Boiled|p2a: Chansey
|-heal|p2a: Chansey|703\/703
|
|turn|37
|c|★Hallucination|i need zone to abuse the fact that you dont have lefties
|
|move|p1a: Latias|Roost|p1a: Latias
|-heal|p1a: Latias|243\/301
|move|p2a: Chansey|Thunder Wave|p1a: Latias
|-status|p1a: Latias|par
|
|turn|38
|
|switch|p1a: Rotom-Wash|Rotom-Wash|304\/304
|move|p2a: Chansey|Seismic Toss|p1a: Rotom-Wash
|-damage|p1a: Rotom-Wash|204\/304
|
|-heal|p1a: Rotom-Wash|223\/304|[from] item: Leftovers
|turn|39
|
|move|p1a: Rotom-Wash|Will-O-Wisp|p2a: Chansey
|-status|p2a: Chansey|brn
|move|p2a: Chansey|Seismic Toss|p1a: Rotom-Wash
|-damage|p1a: Rotom-Wash|123\/304
|
|-heal|p1a: Rotom-Wash|142\/304|[from] item: Leftovers
|-damage|p2a: Chansey|616\/703 brn|[from] brn
|turn|40
|
|switch|p2a: Hitmontop|Hitmontop, M|147\/304 tox
|-ability|p2a: Hitmontop|Intimidate|[of] p1a: Rotom-Wash
|-unboost|p1a: Rotom-Wash|atk|1
|move|p1a: Rotom-Wash|Pain Split|p2a: Hitmontop
|-sethp|p2a: Hitmontop|144\/304 tox|p1a: Rotom-Wash|144\/304|[from] move: Pain Split
|
|-heal|p1a: Rotom-Wash|163\/304|[from] item: Leftovers
|-heal|p2a: Hitmontop|163\/304 tox|[from] item: Leftovers
|-damage|p2a: Hitmontop|144\/304 tox|[from] psn
|turn|41
|
|move|p1a: Rotom-Wash|Volt Switch|p2a: Hitmontop
|-damage|p2a: Hitmontop|66\/304 tox
|
|switch|p1a: Talonflame|Talonflame, F|155\/297
|move|p2a: Hitmontop|Toxic|p1a: Talonflame
|-status|p1a: Talonflame|tox
|
|-heal|p2a: Hitmontop|85\/304 tox|[from] item: Leftovers
|-damage|p1a: Talonflame|137\/297 tox|[from] psn
|-damage|p2a: Hitmontop|47\/304 tox|[from] psn
|turn|42
|
|switch|p2a: Slowbro|Slowbro, F|394\/394
|move|p1a: Talonflame|U-turn|p2a: Slowbro
|-supereffective|p2a: Slowbro
|-damage|p2a: Slowbro|260\/394
|c|★Hallucination|is that a cm bro?
|c|★Fmp786|no
|c|★Hallucination|lame
|c|★Fmp786|lol
|
|switch|p1a: Rotom-Wash|Rotom-Wash|163\/304
|
|-heal|p1a: Rotom-Wash|182\/304|[from] item: Leftovers
|-heal|p2a: Slowbro|284\/394|[from] item: Leftovers
|turn|43
|
|switch|p2a: Sableye|Sableye-Mega, F|253\/304
|move|p1a: Rotom-Wash|Volt Switch|p2a: Sableye
|-damage|p2a: Sableye|181\/304
|
|switch|p1a: Diancie|Diancie-Mega|111\/241
|
|turn|44
|
|switch|p1a: Rotom-Wash|Rotom-Wash|182\/304
|switch|p2a: Hitmontop|Hitmontop, M|47\/304 tox
|-ability|p2a: Hitmontop|Intimidate|[of] p1a: Rotom-Wash
|-unboost|p1a: Rotom-Wash|atk|1
|
|-heal|p1a: Rotom-Wash|201\/304|[from] item: Leftovers
|-heal|p2a: Hitmontop|66\/304 tox|[from] item: Leftovers
|-damage|p2a: Hitmontop|47\/304 tox|[from] psn
|turn|45
|c|★Hallucination|I didnt think your stall team would be prepared for diancie tbh
|
|switch|p2a: Chansey|Chansey, F|616\/703
|move|p1a: Rotom-Wash|Volt Switch|p2a: Chansey
|-damage|p2a: Chansey|565\/703
|c|★Fmp786|this is my wifi team
|
|switch|p1a: Chansey|Chansey, F|472\/641
|
|turn|46
|c|★Hallucination|i cant see you losing a wifi match
|c|★Fmp786|except
|
|switch|p1a: Rotom-Wash|Rotom-Wash|201\/304
|switch|p2a: Sableye|Sableye-Mega, F|181\/304
|
|-heal|p1a: Rotom-Wash|220\/304|[from] item: Leftovers
|turn|47
|c|★Fmp786|without volcarona
|
|move|p1a: Rotom-Wash|Hydro Pump|p2a: Sableye|[miss]
|-miss|p1a: Rotom-Wash|p2a: Sableye
|move|p2a: Sableye|Recover|p2a: Sableye
|-heal|p2a: Sableye|304\/304
|
|-heal|p1a: Rotom-Wash|239\/304|[from] item: Leftovers
|turn|48
|
|move|p1a: Rotom-Wash|Hydro Pump|p2a: Sableye
|-damage|p2a: Sableye|187\/304
|move|p2a: Sableye|Knock Off|p1a: Rotom-Wash
|-damage|p1a: Rotom-Wash|166\/304
|-enditem|p1a: Rotom-Wash|Leftovers|[from] move: Knock Off|[of] p2a: Sableye
|
|turn|49
|
|switch|p2a: Chansey|Chansey, F|565\/703
|move|p1a: Rotom-Wash|Volt Switch|p2a: Chansey
|-damage|p2a: Chansey|510\/703
|
|switch|p1a: Chansey|Chansey, F|472\/641
|
|turn|50
|
|switch|p2a: Sableye|Sableye-Mega, F|187\/304
|switch|p1a: Diancie|Diancie-Mega|111\/241
|
|turn|51
|
|switch|p2a: Hitmontop|Hitmontop, M|47\/304 tox
|-ability|p2a: Hitmontop|Intimidate|[of] p1a: Diancie
|-unboost|p1a: Diancie|atk|1
|move|p1a: Diancie|Diamond Storm|p2a: Hitmontop
|-resisted|p2a: Hitmontop
|-damage|p2a: Hitmontop|3\/304 tox
|-boost|p1a: Diancie|def|1
|
|-heal|p2a: Hitmontop|22\/304 tox|[from] item: Leftovers
|-damage|p2a: Hitmontop|3\/304 tox|[from] psn
|turn|52
|
|switch|p2a: Chansey|Chansey, F|510\/703
|move|p1a: Diancie|Earth Power|p2a: Chansey
|-damage|p2a: Chansey|418\/703
|
|turn|53
|
|switch|p1a: Chansey|Chansey, F|472\/641
|move|p2a: Chansey|Soft-Boiled|p2a: Chansey
|-heal|p2a: Chansey|703\/703
|
|turn|54
|c|★Fmp786|hitmontop took diamond storm like a champ
|
|switch|p1a: Rotom-Wash|Rotom-Wash|166\/304
|switch|p2a: Sableye|Sableye-Mega, F|187\/304
|
|turn|55
|c|★Hallucination|yeah it was upsetting
|
|move|p1a: Rotom-Wash|Hydro Pump|p2a: Sableye
|-damage|p2a: Sableye|78\/304
|move|p2a: Sableye|Recover|p2a: Sableye
|-heal|p2a: Sableye|230\/304
|
|turn|56
|
|move|p1a: Rotom-Wash|Volt Switch|p2a: Sableye
|-damage|p2a: Sableye|152\/304
|
|switch|p1a: Diancie|Diancie-Mega|111\/241
|move|p2a: Sableye|Recover|p2a: Sableye
|-heal|p2a: Sableye|304\/304
|
|turn|57
|c|★Fmp786|I might put shed shell on Ferro
|c|★Hallucination|i know how it feels to be on this side for a change
|c|★Hallucination|now i know why people hate stall
|
|switch|p2a: Chansey|Chansey, F|703\/703
|move|p1a: Diancie|Moonblast|p2a: Chansey
|-damage|p2a: Chansey|553\/703
|
|turn|58
|c|★Fmp786|lol
|
|switch|p1a: Rotom-Wash|Rotom-Wash|166\/304
|move|p2a: Chansey|Soft-Boiled|p2a: Chansey
|-heal|p2a: Chansey|703\/703
|
|turn|59
|c|★Hallucination|you feel so useless
|
|move|p1a: Rotom-Wash|Volt Switch|p2a: Chansey
|-damage|p2a: Chansey|652\/703
|
|switch|p1a: Chansey|Chansey, F|472\/641
|move|p2a: Chansey|Stealth Rock|p1a: Chansey
|-sidestart|p1: Hallucination|move: Stealth Rock
|
|turn|60
|
|switch|p2a: Sableye|Sableye-Mega, F|304\/304
|move|p1a: Chansey|Stealth Rock|p2a: Sableye
|move|p2a: Sableye|Stealth Rock|p1a: Chansey|[from]Magic Bounce
|-fail|p1a: Chansey
|
|turn|61
|c|★Hallucination|yeah gg
|-message|Hallucination forfeited.
|
|win|Fmp786
|c|★Hallucination|not a bad stall team
|c|★Hallucination|is it a physical defensive volc?