|join|Hallucination
|join|italoshaberle
|player|p1|Hallucination|1
|player|p2|italoshaberle|169
|gametype|singles
|gen|6
|tier|OU
|rated
|clearpoke
|poke|p1|Amoonguss, M
|poke|p1|Gothitelle, M
|poke|p1|Scizor, F
|poke|p1|Rotom-Wash
|poke|p1|Landorus, M
|poke|p1|Hippowdon, F
|poke|p2|Metagross
|poke|p2|Sableye, F
|poke|p2|Slowbro, F
|poke|p2|Granbull, F
|poke|p2|Scizor, M
|poke|p2|Heatran, M
|rule|Swagger Clause: Swagger is banned
|rule|Baton Pass Clause: Limit one Pokémon knowing Baton Pass
|rule|Sleep Clause Mod: Limit one foe put to sleep
|rule|Species Clause: Limit one of each Pokémon
|rule|OHKO Clause: OHKO moves are banned
|rule|Moody Clause: Moody is banned
|rule|Evasion Moves Clause: Evasion moves are banned
|rule|Endless Battle Clause: Forcing endless battles is banned
|rule|HP Percentage Mod: HP is shown in percentages
|teampreview
|
|start
|switch|p1a: Landorus|Landorus, M|319\/319
|switch|p2a: Sableye|Sableye, F|304\/304
|turn|1
|
|move|p1a: Landorus|Rock Polish|p1a: Landorus
|-boost|p1a: Landorus|spe|2
|move|p2a: Sableye|Knock Off|p1a: Landorus
|-damage|p1a: Landorus|219\/319
|-enditem|p1a: Landorus|Life Orb|[from] move: Knock Off|[of] p2a: Sableye
|
|turn|2
|
|move|p2a: Sableye|Will-O-Wisp|p1a: Landorus|[miss]
|-miss|p2a: Sableye|p1a: Landorus
|move|p1a: Landorus|Earth Power|p2a: Sableye
|-damage|p2a: Sableye|109\/304
|
|-heal|p2a: Sableye|128\/304|[from] item: Leftovers
|turn|3
|
|move|p2a: Sableye|Will-O-Wisp|p1a: Landorus
|-status|p1a: Landorus|brn
|move|p1a: Landorus|Earth Power|p2a: Sableye
|-damage|p2a: Sableye|0 fnt
|faint|p2a: Sableye
|
|-damage|p1a: Landorus|180\/319 brn|[from] brn
|
|switch|p2a: Scizor|Scizor, M|343\/343
|turn|4
|
|move|p2a: Scizor|Bullet Punch|p1a: Landorus
|-damage|p1a: Landorus|0 fnt
|faint|p1a: Landorus
|
|
|switch|p1a: Hippowdon|Hippowdon, F|420\/420
|-weather|Sandstorm
|turn|5
|
|switch|p2a: Slowbro|Slowbro, F|394\/394
|switch|p1a: Gothitelle|Gothitelle, M|303\/303
|
|-weather|Sandstorm|[upkeep]
|-damage|p1a: Gothitelle|285\/303|[from] sandstorm
|-damage|p2a: Slowbro|370\/394|[from] sandstorm
|-heal|p2a: Slowbro|394\/394|[from] item: Leftovers
|turn|6
|
|move|p1a: Gothitelle|Trick|p2a: Slowbro
|-activate|p1a: Gothitelle|move: Trick|[of] p2a: Slowbro
|-item|p2a: Slowbro|Choice Scarf|[from] move: Trick
|-item|p1a: Gothitelle|Leftovers|[from] move: Trick
|move|p2a: Slowbro|Scald|p1a: Gothitelle
|-damage|p1a: Gothitelle|201\/303
|
|-weather|Sandstorm|[upkeep]
|-damage|p1a: Gothitelle|183\/303|[from] sandstorm
|-damage|p2a: Slowbro|370\/394|[from] sandstorm
|-heal|p1a: Gothitelle|201\/303|[from] item: Leftovers
|turn|7
|
|move|p1a: Gothitelle|Calm Mind|p1a: Gothitelle
|-boost|p1a: Gothitelle|spa|1
|-boost|p1a: Gothitelle|spd|1
|move|p2a: Slowbro|Scald|p1a: Gothitelle
|-damage|p1a: Gothitelle|144\/303
|
|-weather|Sandstorm|[upkeep]
|-damage|p1a: Gothitelle|126\/303|[from] sandstorm
|-damage|p2a: Slowbro|346\/394|[from] sandstorm
|-heal|p1a: Gothitelle|144\/303|[from] item: Leftovers
|turn|8
|
|move|p1a: Gothitelle|Calm Mind|p1a: Gothitelle
|-boost|p1a: Gothitelle|spa|1
|-boost|p1a: Gothitelle|spd|1
|move|p2a: Slowbro|Scald|p1a: Gothitelle
|-damage|p1a: Gothitelle|99\/303
|-status|p1a: Gothitelle|brn
|
|-weather|Sandstorm|[upkeep]
|-damage|p1a: Gothitelle|81\/303 brn|[from] sandstorm
|-damage|p2a: Slowbro|322\/394|[from] sandstorm
|-heal|p1a: Gothitelle|99\/303 brn|[from] item: Leftovers
|-damage|p1a: Gothitelle|62\/303 brn|[from] brn
|turn|9
|
|move|p1a: Gothitelle|Rest|p1a: Gothitelle
|-status|p1a: Gothitelle|slp
|-heal|p1a: Gothitelle|303\/303 slp|[silent]
|-status|p1a: Gothitelle|slp|[from] move: Rest
|move|p2a: Slowbro|Scald|p1a: Gothitelle
|-damage|p1a: Gothitelle|261\/303 slp
|
|-weather|none
|-heal|p1a: Gothitelle|279\/303 slp|[from] item: Leftovers
|turn|10
|
|cant|p1a: Gothitelle|slp
|move|p2a: Slowbro|Scald|p1a: Gothitelle
|-damage|p1a: Gothitelle|234\/303 slp
|
|-heal|p1a: Gothitelle|252\/303 slp|[from] item: Leftovers
|turn|11
|
|cant|p1a: Gothitelle|slp
|move|p2a: Slowbro|Scald|p1a: Gothitelle
|-damage|p1a: Gothitelle|204\/303 slp
|
|-heal|p1a: Gothitelle|222\/303 slp|[from] item: Leftovers
|turn|12
|
|-curestatus|p1a: Gothitelle|slp
|move|p1a: Gothitelle|Calm Mind|p1a: Gothitelle
|-boost|p1a: Gothitelle|spa|1
|-boost|p1a: Gothitelle|spd|1
|move|p2a: Slowbro|Scald|p1a: Gothitelle
|-damage|p1a: Gothitelle|188\/303
|
|-heal|p1a: Gothitelle|206\/303|[from] item: Leftovers
|turn|13
|
|move|p1a: Gothitelle|Calm Mind|p1a: Gothitelle
|-boost|p1a: Gothitelle|spa|1
|-boost|p1a: Gothitelle|spd|1
|move|p2a: Slowbro|Scald|p1a: Gothitelle
|-damage|p1a: Gothitelle|178\/303
|
|-heal|p1a: Gothitelle|196\/303|[from] item: Leftovers
|turn|14
|
|move|p1a: Gothitelle|Calm Mind|p1a: Gothitelle
|-boost|p1a: Gothitelle|spa|1
|-boost|p1a: Gothitelle|spd|1
|move|p2a: Slowbro|Scald|p1a: Gothitelle
|-damage|p1a: Gothitelle|171\/303
|-status|p1a: Gothitelle|brn
|
|-heal|p1a: Gothitelle|189\/303 brn|[from] item: Leftovers
|-damage|p1a: Gothitelle|152\/303 brn|[from] brn
|turn|15
|
|move|p1a: Gothitelle|Rest|p1a: Gothitelle
|-status|p1a: Gothitelle|slp
|-heal|p1a: Gothitelle|303\/303 slp|[silent]
|-status|p1a: Gothitelle|slp|[from] move: Rest
|move|p2a: Slowbro|Scald|p1a: Gothitelle
|-damage|p1a: Gothitelle|279\/303 slp
|
|-heal|p1a: Gothitelle|297\/303 slp|[from] item: Leftovers
|turn|16
|
|cant|p1a: Gothitelle|slp
|move|p2a: Slowbro|Scald|p1a: Gothitelle
|-crit|p1a: Gothitelle
|-damage|p1a: Gothitelle|165\/303 slp
|
|-heal|p1a: Gothitelle|183\/303 slp|[from] item: Leftovers
|turn|17
|
|cant|p1a: Gothitelle|slp
|move|p2a: Slowbro|Scald|p1a: Gothitelle
|-damage|p1a: Gothitelle|158\/303 slp
|
|-heal|p1a: Gothitelle|176\/303 slp|[from] item: Leftovers
|turn|18
|
|-curestatus|p1a: Gothitelle|slp
|move|p1a: Gothitelle|Calm Mind|p1a: Gothitelle
|-boost|p1a: Gothitelle|spa|1
|-boost|p1a: Gothitelle|spd|1
|move|p2a: Slowbro|Scald|p1a: Gothitelle
|-damage|p1a: Gothitelle|155\/303
|-status|p1a: Gothitelle|brn
|
|-heal|p1a: Gothitelle|173\/303 brn|[from] item: Leftovers
|-damage|p1a: Gothitelle|136\/303 brn|[from] brn
|turn|19
|
|move|p1a: Gothitelle|Rest|p1a: Gothitelle
|-status|p1a: Gothitelle|slp
|-heal|p1a: Gothitelle|303\/303 slp|[silent]
|-status|p1a: Gothitelle|slp|[from] move: Rest
|move|p2a: Slowbro|Scald|p1a: Gothitelle
|-damage|p1a: Gothitelle|279\/303 slp
|
|-heal|p1a: Gothitelle|297\/303 slp|[from] item: Leftovers
|turn|20
|
|cant|p1a: Gothitelle|slp
|move|p2a: Slowbro|Scald|p1a: Gothitelle
|-damage|p1a: Gothitelle|272\/303 slp
|
|-heal|p1a: Gothitelle|290\/303 slp|[from] item: Leftovers
|turn|21
|
|cant|p1a: Gothitelle|slp
|move|p2a: Slowbro|Scald|p1a: Gothitelle
|-damage|p1a: Gothitelle|269\/303 slp
|
|-heal|p1a: Gothitelle|287\/303 slp|[from] item: Leftovers
|turn|22
|
|-curestatus|p1a: Gothitelle|slp
|move|p1a: Gothitelle|Calm Mind|p1a: Gothitelle
|-fail|p1a: Gothitelle
|move|p2a: Slowbro|Scald|p1a: Gothitelle
|-damage|p1a: Gothitelle|265\/303
|
|-heal|p1a: Gothitelle|283\/303|[from] item: Leftovers
|turn|23
|
|move|p1a: Gothitelle|Calm Mind|p1a: Gothitelle
|-fail|p1a: Gothitelle
|move|p2a: Slowbro|Scald|p1a: Gothitelle
|-damage|p1a: Gothitelle|259\/303
|
|-heal|p1a: Gothitelle|277\/303|[from] item: Leftovers
|turn|24
|c|★italoshaberle|?
|c|★Hallucination|waiting for you to struggle
|
|move|p1a: Gothitelle|Calm Mind|p1a: Gothitelle
|-fail|p1a: Gothitelle
|move|p2a: Slowbro|Scald|p1a: Gothitelle
|-damage|p1a: Gothitelle|256\/303
|
|-heal|p1a: Gothitelle|274\/303|[from] item: Leftovers
|turn|25
|
|move|p1a: Gothitelle|Calm Mind|p1a: Gothitelle
|-fail|p1a: Gothitelle
|move|p2a: Slowbro|Scald|p1a: Gothitelle
|-damage|p1a: Gothitelle|249\/303
|
|-heal|p1a: Gothitelle|267\/303|[from] item: Leftovers
|turn|26
|c|★italoshaberle|just kill me
|c|★Hallucination|no i want my choice scarf back
|
|move|p1a: Gothitelle|Calm Mind|p1a: Gothitelle
|-fail|p1a: Gothitelle
|move|p2a: Slowbro|Scald|p1a: Gothitelle
|-damage|p1a: Gothitelle|245\/303
|-status|p1a: Gothitelle|brn
|
|-heal|p1a: Gothitelle|263\/303 brn|[from] item: Leftovers
|-damage|p1a: Gothitelle|226\/303 brn|[from] brn
|turn|27
|c|★italoshaberle|oh
|
|move|p1a: Gothitelle|Rest|p1a: Gothitelle
|-status|p1a: Gothitelle|slp
|-heal|p1a: Gothitelle|303\/303 slp|[silent]
|-status|p1a: Gothitelle|slp|[from] move: Rest
|move|p2a: Slowbro|Scald|p1a: Gothitelle
|-damage|p1a: Gothitelle|282\/303 slp
|
|-heal|p1a: Gothitelle|300\/303 slp|[from] item: Leftovers
|turn|28
|
|cant|p1a: Gothitelle|slp
|move|p2a: Slowbro|Scald|p1a: Gothitelle
|-damage|p1a: Gothitelle|276\/303 slp
|
|-heal|p1a: Gothitelle|294\/303 slp|[from] item: Leftovers
|turn|29
|
|cant|p1a: Gothitelle|slp
|move|p2a: Slowbro|Scald|p1a: Gothitelle
|-damage|p1a: Gothitelle|273\/303 slp
|
|-heal|p1a: Gothitelle|291\/303 slp|[from] item: Leftovers
|turn|30
|
|-curestatus|p1a: Gothitelle|slp
|move|p1a: Gothitelle|Rest|p1a: Gothitelle
|-status|p1a: Gothitelle|slp
|-heal|p1a: Gothitelle|303\/303 slp|[silent]
|-status|p1a: Gothitelle|slp|[from] move: Rest
|move|p2a: Slowbro|Struggle|p1a: Gothitelle
|-damage|p1a: Gothitelle|280\/303 slp
|-damage|p2a: Slowbro|224\/394
|
|-heal|p1a: Gothitelle|298\/303 slp|[from] item: Leftovers
|turn|31
|
|cant|p1a: Gothitelle|slp
|move|p2a: Slowbro|Struggle|p1a: Gothitelle
|-damage|p1a: Gothitelle|277\/303 slp
|-damage|p2a: Slowbro|126\/394
|
|-heal|p1a: Gothitelle|295\/303 slp|[from] item: Leftovers
|turn|32
|
|cant|p1a: Gothitelle|slp
|move|p2a: Slowbro|Struggle|p1a: Gothitelle
|-damage|p1a: Gothitelle|272\/303 slp
|-damage|p2a: Slowbro|28\/394
|
|-heal|p1a: Gothitelle|290\/303 slp|[from] item: Leftovers
|turn|33
|
|-curestatus|p1a: Gothitelle|slp
|move|p1a: Gothitelle|Trick|p2a: Slowbro
|-activate|p1a: Gothitelle|move: Trick|[of] p2a: Slowbro
|-item|p2a: Slowbro|Leftovers|[from] move: Trick
|-item|p1a: Gothitelle|Choice Scarf|[from] move: Trick
|move|p2a: Slowbro|Struggle|p1a: Gothitelle
|-damage|p1a: Gothitelle|266\/303
|-damage|p2a: Slowbro|0 fnt
|faint|p2a: Slowbro
|
|
|switch|p2a: Scizor|Scizor, M|343\/343
|turn|34
|
|move|p2a: Scizor|Bullet Punch|p1a: Gothitelle
|-damage|p1a: Gothitelle|121\/303
|move|p1a: Gothitelle|Trick|p2a: Scizor
|-activate|p1a: Gothitelle|move: Trick|[of] p2a: Scizor
|-item|p2a: Scizor|Choice Scarf|[from] move: Trick
|-item|p1a: Gothitelle|Choice Band|[from] move: Trick
|
|turn|35
|
|move|p2a: Scizor|U-turn|p1a: Gothitelle
|-supereffective|p1a: Gothitelle
|-damage|p1a: Gothitelle|0 fnt
|faint|p1a: Gothitelle
|c|★Hallucination|o
|
|switch|p2a: Heatran|Heatran, M|386\/386
|
|
|switch|p1a: Hippowdon|Hippowdon, F|420\/420
|-weather|Sandstorm
|turn|36
|
|switch|p2a: Granbull|Granbull, F|384\/384
|-ability|p2a: Granbull|Intimidate|[of] p1a: Hippowdon
|-unboost|p1a: Hippowdon|atk|1
|move|p1a: Hippowdon|Earthquake|p2a: Granbull
|-damage|p2a: Granbull|309\/384
|
|-weather|Sandstorm|[upkeep]
|-damage|p2a: Granbull|285\/384|[from] sandstorm
|-heal|p2a: Granbull|309\/384|[from] item: Leftovers
|turn|37
|
|switch|p1a: Amoonguss|Amoonguss, M|432\/432
|switch|p2a: Scizor|Scizor, M|343\/343
|
|-weather|Sandstorm|[upkeep]
|-damage|p1a: Amoonguss|405\/432|[from] sandstorm
|turn|38
|
|switch|p1a: Hippowdon|Hippowdon, F|420\/420
|move|p2a: Scizor|U-turn|p1a: Hippowdon
|-damage|p1a: Hippowdon|302\/420
|
|switch|p2a: Granbull|Granbull, F|309\/384
|-ability|p2a: Granbull|Intimidate|[of] p1a: Hippowdon
|-unboost|p1a: Hippowdon|atk|1
|
|-weather|Sandstorm|[upkeep]
|-damage|p2a: Granbull|285\/384|[from] sandstorm
|-heal|p1a: Hippowdon|328\/420|[from] item: Leftovers
|-heal|p2a: Granbull|309\/384|[from] item: Leftovers
|turn|39
|
|switch|p1a: Amoonguss|Amoonguss, M|432\/432
|switch|p2a: Scizor|Scizor, M|343\/343
|
|-weather|Sandstorm|[upkeep]
|-damage|p1a: Amoonguss|405\/432|[from] sandstorm
|turn|40
|
|switch|p1a: Hippowdon|Hippowdon, F|328\/420
|move|p2a: Scizor|Knock Off|p1a: Hippowdon
|-damage|p1a: Hippowdon|225\/420
|-enditem|p1a: Hippowdon|Leftovers|[from] move: Knock Off|[of] p2a: Scizor
|
|-weather|none
|turn|41
|
|switch|p2a: Granbull|Granbull, F|309\/384
|-ability|p2a: Granbull|Intimidate|[of] p1a: Hippowdon
|-unboost|p1a: Hippowdon|atk|1
|move|p1a: Hippowdon|Stealth Rock|p2a: Granbull
|-sidestart|p2: italoshaberle|move: Stealth Rock
|
|-heal|p2a: Granbull|333\/384|[from] item: Leftovers
|turn|42
|
|move|p1a: Hippowdon|Slack Off|p1a: Hippowdon
|-heal|p1a: Hippowdon|420\/420
|move|p2a: Granbull|Stone Edge|p1a: Hippowdon|[miss]
|-miss|p2a: Granbull|p1a: Hippowdon
|
|-heal|p2a: Granbull|357\/384|[from] item: Leftovers
|turn|43
|
|switch|p1a: Amoonguss|Amoonguss, M|432\/432
|switch|p2a: Scizor|Scizor, M|343\/343
|-damage|p2a: Scizor|301\/343|[from] Stealth Rock
|
|turn|44
|
|switch|p1a: Hippowdon|Hippowdon, F|420\/420
|-weather|Sandstorm
|move|p2a: Scizor|U-turn|p1a: Hippowdon
|-damage|p1a: Hippowdon|306\/420
|c|★Hallucination|why do you have a granbull
|
|switch|p2a: Granbull|Granbull, F|357\/384
|-damage|p2a: Granbull|309\/384|[from] Stealth Rock
|-ability|p2a: Granbull|Intimidate|[of] p1a: Hippowdon
|-unboost|p1a: Hippowdon|atk|1
|
|-weather|Sandstorm|[upkeep]
|-damage|p2a: Granbull|285\/384|[from] sandstorm
|-heal|p2a: Granbull|309\/384|[from] item: Leftovers
|turn|45
|c|★italoshaberle|intimidate + heal bell
|
|move|p1a: Hippowdon|Earthquake|p2a: Granbull
|-damage|p2a: Granbull|240\/384
|move|p2a: Granbull|Play Rough|p1a: Hippowdon
|-damage|p1a: Hippowdon|195\/420
|
|-weather|Sandstorm|[upkeep]
|-damage|p2a: Granbull|216\/384|[from] sandstorm
|-heal|p2a: Granbull|240\/384|[from] item: Leftovers
|turn|46
|c|★Hallucination|it learns heal bell?
|c|★italoshaberle|yeah
|
|move|p1a: Hippowdon|Slack Off|p1a: Hippowdon
|-heal|p1a: Hippowdon|405\/420
|move|p2a: Granbull|Play Rough|p1a: Hippowdon|[miss]
|-miss|p2a: Granbull|p1a: Hippowdon
|
|-weather|Sandstorm|[upkeep]
|-damage|p2a: Granbull|216\/384|[from] sandstorm
|-heal|p2a: Granbull|240\/384|[from] item: Leftovers
|turn|47
|c|★Hallucination|does it have recovery?
|
|switch|p1a: Amoonguss|Amoonguss, M|432\/432
|move|p2a: Granbull|Play Rough|p1a: Amoonguss
|-crit|p1a: Amoonguss
|-resisted|p1a: Amoonguss
|-damage|p1a: Amoonguss|343\/432
|
|-weather|Sandstorm|[upkeep]
|-damage|p2a: Granbull|216\/384|[from] sandstorm
|-damage|p1a: Amoonguss|316\/432|[from] sandstorm
|-heal|p2a: Granbull|240\/384|[from] item: Leftovers
|turn|48
|c|★Hallucination|I think im gonna make a stall team w\/ it if it does
|c|★Hallucination|Sounds like a nice dragon counter
|
|switch|p2a: Heatran|Heatran, M|386\/386
|-damage|p2a: Heatran|338\/386|[from] Stealth Rock
|switch|p1a: Hippowdon|Hippowdon, F|405\/420
|
|-weather|none
|-heal|p2a: Heatran|362\/386|[from] item: Leftovers
|turn|49
|c|★italoshaberle|nop
|
|move|p2a: Heatran|Toxic|p1a: Hippowdon
|-status|p1a: Hippowdon|tox
|move|p1a: Hippowdon|Earthquake|p2a: Heatran
|-supereffective|p2a: Heatran
|-damage|p2a: Heatran|0 fnt
|faint|p2a: Heatran
|
|-damage|p1a: Hippowdon|379\/420 tox|[from] psn
|c|★italoshaberle|yeah
|c|★italoshaberle|and talonflame with stone edge
|
|switch|p2a: Scizor|Scizor, M|301\/343
|-damage|p2a: Scizor|259\/343|[from] Stealth Rock
|turn|50
|
|switch|p1a: Amoonguss|Amoonguss, M|432\/432
|move|p2a: Scizor|U-turn|p1a: Amoonguss
|-damage|p1a: Amoonguss|314\/432
|
|switch|p2a: Metagross|Metagross|302\/302
|-damage|p2a: Metagross|284\/302|[from] Stealth Rock
|
|turn|51
|
|switch|p1a: Scizor|Scizor, F|343\/343
|detailschange|p2a: Metagross|Metagross-Mega
|-mega|p2a: Metagross|Metagross|Metagrossite
|move|p2a: Metagross|Ice Punch|p1a: Scizor
|-resisted|p1a: Scizor
|-damage|p1a: Scizor|285\/343
|
|turn|52
|
|detailschange|p1a: Scizor|Scizor-Mega, F
|-mega|p1a: Scizor|Scizor|Scizorite
|move|p2a: Metagross|Earthquake|p1a: Scizor
|-damage|p1a: Scizor|201\/343
|move|p1a: Scizor|Swords Dance|p1a: Scizor
|-boost|p1a: Scizor|atk|2
|
|turn|53
|c|★italoshaberle|you will win
|
|move|p2a: Metagross|Thunder Punch|p1a: Scizor
|-damage|p1a: Scizor|110\/343
|move|p1a: Scizor|Roost|p1a: Scizor
|-heal|p1a: Scizor|282\/343
|
|turn|54
|c|★Hallucination|Would you mind if I posted this video to yt?
|
|move|p2a: Metagross|Thunder Punch|p1a: Scizor
|-damage|p1a: Scizor|194\/343
|move|p1a: Scizor|Swords Dance|p1a: Scizor
|-boost|p1a: Scizor|atk|2
|
|turn|55
|
|move|p2a: Metagross|Thunder Punch|p1a: Scizor
|-damage|p1a: Scizor|106\/343
|move|p1a: Scizor|Roost|p1a: Scizor
|-heal|p1a: Scizor|278\/343
|
|turn|56
|
|move|p2a: Metagross|Thunder Punch|p1a: Scizor
|-damage|p1a: Scizor|193\/343
|move|p1a: Scizor|Knock Off|p2a: Metagross
|-supereffective|p2a: Metagross
|-damage|p2a: Metagross|0 fnt
|faint|p2a: Metagross
|
|
|switch|p2a: Scizor|Scizor, M|259\/343
|-damage|p2a: Scizor|217\/343|[from] Stealth Rock
|turn|57
|c|★italoshaberle|no problem
|
|move|p2a: Scizor|Knock Off|p1a: Scizor
|-damage|p1a: Scizor|130\/343
|move|p1a: Scizor|Roost|p1a: Scizor
|-heal|p1a: Scizor|302\/343
|
|turn|58
|
|move|p2a: Scizor|Knock Off|p1a: Scizor
|-damage|p1a: Scizor|238\/343
|move|p1a: Scizor|Knock Off|p2a: Scizor
|-damage|p2a: Scizor|0 fnt
|-enditem|p2a: Scizor|Choice Scarf|[from] move: Knock Off|[of] p1a: Scizor
|faint|p2a: Scizor
|
|
|switch|p2a: Granbull|Granbull, F|240\/384
|-damage|p2a: Granbull|192\/384|[from] Stealth Rock
|-ability|p2a: Granbull|Intimidate|[of] p1a: Scizor
|-unboost|p1a: Scizor|atk|1
|turn|59
|c|★Hallucination|gg
|
|move|p1a: Scizor|Bullet Punch|p2a: Granbull
|-supereffective|p2a: Granbull
|-damage|p2a: Granbull|0 fnt
|faint|p2a: Granbull
|
|win|Hallucination
|raw|Ladder updating...
|c|★italoshaberle|gg
|raw|Hallucination's rating: 1578 &rarr; <strong>1594<\/strong><br \/>(+16 for winning)
|raw|italoshaberle's rating: 1509 &rarr; <strong>1493<\/strong><br \/>(-16 for losing)