|join|Hallucination
|join|reqs boii
|c|★reqs boii|good luck fren
|c|★Hallucination|u too
|player|p1|Hallucination|170
|player|p2|reqs boii|152
|gametype|singles
|gen|6
|tier|OU
|clearpoke
|poke|p1|Lopunny, M
|poke|p1|Diggersby, F
|poke|p1|Slowbro, F
|poke|p1|Amoonguss, F
|poke|p1|Heatran, F
|poke|p1|Landorus-Therian, M
|poke|p2|Scizor, M
|poke|p2|Gothitelle, F
|poke|p2|Landorus-Therian, M
|poke|p2|Suicune
|poke|p2|Latios, M
|poke|p2|Tangrowth, M
|rule|Swagger Clause: Swagger is banned
|rule|Baton Pass Clause: Limit one Pokémon knowing Baton Pass
|rule|Sleep Clause Mod: Limit one foe put to sleep
|rule|Species Clause: Limit one of each Pokémon
|rule|OHKO Clause: OHKO moves are banned
|rule|Moody Clause: Moody is banned
|rule|Evasion Moves Clause: Evasion moves are banned
|rule|Endless Battle Clause: Forcing endless battles is banned
|rule|HP Percentage Mod: HP is shown in percentages
|teampreview
|c|★reqs boii|teach me the ways of bulky shit
|c|★Hallucination|dont use half that shit
|c|★reqs boii|:[[[[[
|
|start
|switch|p1a: Amoonguss|Amoonguss, F|432\/432
|switch|p2a: Landorus-Therian|Landorus-Therian, M|369\/369
|-ability|p2a: Landorus-Therian|Intimidate|[of] p1a: Amoonguss
|-unboost|p1a: Amoonguss|atk|1
|turn|1
|c|★Hallucination|i never wanna see a latios on a bulky team again
|join|oml it's too ez
|c|★Hallucination|latias
|c|★reqs boii|WAIT I
|c|★reqs boii|I PUT IN THE WRONG EON MON
|c|★reqs boii|LMA
|c|★reqs boii|O
|
|move|p2a: Landorus-Therian|Stealth Rock|p1a: Amoonguss
|-sidestart|p1: Hallucination|move: Stealth Rock
|move|p1a: Amoonguss|Spore|p2a: Landorus-Therian
|-status|p2a: Landorus-Therian|slp
|
|turn|2
|
|switch|p2a: Scizor|Scizor, M|343\/343
|switch|p1a: Diggersby|Diggersby, F|311\/311
|-damage|p1a: Diggersby|292\/311|[from] Stealth Rock
|
|turn|3
|c|★Hallucination|ur plays tho
|c|★reqs boii|u tried to catch the goth :]
|
|switch|p1a: Slowbro|Slowbro, F|394\/394
|-damage|p1a: Slowbro|345\/394|[from] Stealth Rock
|switch|p2a: Landorus-Therian|Landorus-Therian, M|369\/369 slp
|-ability|p2a: Landorus-Therian|Intimidate|[of] p1a: Slowbro
|-unboost|p1a: Slowbro|atk|1
|
|-heal|p1a: Slowbro|369\/394|[from] item: Leftovers
|turn|4
|c|★reqs boii|lol tried to pivot
|c|★reqs boii|:[
|c|★reqs boii|fre
|c|★reqs boii|n
|
|switch|p2a: Gothitelle|Gothitelle, F|315\/315
|move|p1a: Slowbro|Scald|p2a: Gothitelle
|-damage|p2a: Gothitelle|228\/315
|
|-heal|p1a: Slowbro|393\/394|[from] item: Leftovers
|turn|5
|c|★Hallucination|get predicted
|c|★reqs boii|???
|
|move|p2a: Gothitelle|Thunderbolt|p1a: Slowbro
|-supereffective|p1a: Slowbro
|-damage|p1a: Slowbro|73\/394
|move|p1a: Slowbro|Thunder Wave|p2a: Gothitelle
|-status|p2a: Gothitelle|par
|
|-heal|p1a: Slowbro|97\/394|[from] item: Leftovers
|turn|6
|c|★reqs boii|:]]
|c|★Hallucination|watch this para
|c|★reqs boii|hallu stop
|
|move|p1a: Slowbro|Slack Off|p1a: Slowbro
|-heal|p1a: Slowbro|294\/394
|cant|p2a: Gothitelle|par
|
|-heal|p1a: Slowbro|318\/394|[from] item: Leftovers
|turn|7
|c|★reqs boii|dont do this to me
|c|★reqs boii|AHAHAHHA
|c|★reqs boii|that's very nice of u
|
|move|p1a: Slowbro|Scald|p2a: Gothitelle
|-damage|p2a: Gothitelle|135\/315 par
|move|p2a: Gothitelle|Thunderbolt|p1a: Slowbro
|-supereffective|p1a: Slowbro
|-damage|p1a: Slowbro|0 fnt
|faint|p1a: Slowbro
|
|c|★reqs boii|bruh if u're sd meaniesby
|
|switch|p1a: Diggersby|Diggersby, F|292\/311
|-damage|p1a: Diggersby|273\/311|[from] Stealth Rock
|turn|8
|c|★reqs boii|wow showdown censors the word nigge r
|
|switch|p2a: Suicune|Suicune|404\/404
|-ability|p2a: Suicune|Pressure
|move|p1a: Diggersby|Swords Dance|p1a: Diggersby
|-boost|p1a: Diggersby|atk|2
|
|turn|9
|c|★Hallucination|shit i dont even ohko
|c|★reqs boii|of course u dont
|c|★reqs boii|but u can always crit
|c|★reqs boii|:]]]
|c|★reqs boii|<33333333333333333333
|
|switch|p1a: Heatran|Heatran, F|386\/386
|-damage|p1a: Heatran|338\/386|[from] Stealth Rock
|move|p2a: Suicune|Scald|p1a: Heatran
|-supereffective|p1a: Heatran
|-damage|p1a: Heatran|222\/386
|
|-heal|p1a: Heatran|246\/386|[from] item: Leftovers
|turn|10
|
|switch|p2a: Gothitelle|Gothitelle, F|135\/315 par
|move|p1a: Heatran|Stealth Rock|p2a: Gothitelle
|-sidestart|p2: reqs boii|move: Stealth Rock
|
|-heal|p1a: Heatran|270\/386|[from] item: Leftovers
|turn|11
|c|★Hallucination|powerful
|c|★reqs boii|bro i have this
|
|move|p1a: Heatran|Protect|p1a: Heatran
|-singleturn|p1a: Heatran|Protect
|move|p2a: Gothitelle|Hidden Power|p1a: Heatran
|-activate|p1a: Heatran|Protect
|
|-heal|p1a: Heatran|294\/386|[from] item: Leftovers
|turn|12
|c|★reqs boii|hold this for me
|c|★Hallucination|jacob passed me this team
|c|★reqs boii|i know
|c|★reqs boii|now that u say that
|c|★reqs boii|i played against this team yesterday
|
|move|p1a: Heatran|Lava Plume|p2a: Gothitelle
|-damage|p2a: Gothitelle|20\/315 par
|move|p2a: Gothitelle|Hidden Power|p1a: Heatran
|-supereffective|p1a: Heatran
|-damage|p1a: Heatran|26\/386
|
|-heal|p1a: Heatran|50\/386|[from] item: Leftovers
|turn|13
|c|★Hallucination|fucking rekt
|c|★reqs boii|who was?
|c|★Hallucination|me
|
|move|p1a: Heatran|Protect|p1a: Heatran
|-singleturn|p1a: Heatran|Protect
|move|p2a: Gothitelle|Hidden Power|p1a: Heatran
|-activate|p1a: Heatran|Protect
|
|-heal|p1a: Heatran|74\/386|[from] item: Leftovers
|turn|14
|c|★reqs boii|i just need this weakened for scizor fren  <3
|c|★Hallucination|ok
|
|move|p1a: Heatran|Lava Plume|p2a: Gothitelle
|-damage|p2a: Gothitelle|0 fnt
|faint|p2a: Gothitelle
|
|-heal|p1a: Heatran|98\/386|[from] item: Leftovers
|c|★reqs boii|i like how amoonguss walls my team
|
|switch|p2a: Suicune|Suicune|404\/404
|-damage|p2a: Suicune|354\/404|[from] Stealth Rock
|-ability|p2a: Suicune|Pressure
|turn|15
|c|★reqs boii|...not
|c|★Hallucination|well now that u say that :)))
|
|switch|p1a: Amoonguss|Amoonguss, F|432\/432
|-damage|p1a: Amoonguss|378\/432|[from] Stealth Rock
|move|p2a: Suicune|Scald|p1a: Amoonguss
|-resisted|p1a: Amoonguss
|-damage|p1a: Amoonguss|339\/432
|-status|p1a: Amoonguss|brn
|
|-heal|p2a: Suicune|379\/404|[from] item: Leftovers
|-heal|p1a: Amoonguss|366\/432 brn|[from] item: Black Sludge
|-damage|p1a: Amoonguss|312\/432 brn|[from] brn
|turn|16
|c|★Hallucination|Fucking hacker
|c|★reqs boii|bro
|c|★reqs boii|call me latios
|c|★Hallucination|wtf is wrong with u hacker mcgee
|
|switch|p2a: Scizor|Scizor, M|343\/343
|-damage|p2a: Scizor|301\/343|[from] Stealth Rock
|move|p1a: Amoonguss|Giga Drain|p2a: Scizor
|-resisted|p2a: Scizor
|-damage|p2a: Scizor|287\/343
|-heal|p1a: Amoonguss|319\/432 brn|[from] drain|[of] p2a: Scizor
|
|-heal|p1a: Amoonguss|346\/432 brn|[from] item: Black Sludge
|-damage|p1a: Amoonguss|292\/432 brn|[from] brn
|turn|17
|c|★reqs boii|it's time to go for game
|c|★reqs boii|imo
|c|★Hallucination|go for game then
|c|★Hallucination|imo
|
|detailschange|p2a: Scizor|Scizor-Mega, M
|-mega|p2a: Scizor|Scizor|Scizorite
|move|p2a: Scizor|Swords Dance|p2a: Scizor
|-boost|p2a: Scizor|atk|2
|move|p1a: Amoonguss|Hidden Power|p2a: Scizor
|-supereffective|p2a: Scizor
|-damage|p2a: Scizor|163\/343
|
|-heal|p1a: Amoonguss|319\/432 brn|[from] item: Black Sludge
|-damage|p1a: Amoonguss|265\/432 brn|[from] brn
|turn|18
|c|★Hallucination|LOLLLLLLLLL
|c|★reqs boii|hehe bwoiii
|c|★reqs boii|told u i was going for game
|c|★reqs boii|:
|c|★reqs boii|:]
|c|★Hallucination|I was thinking
|c|★Hallucination|60% for HP fire
|
|switch|p1a: Lopunny|Lopunny, M|271\/271
|-damage|p1a: Lopunny|238\/271|[from] Stealth Rock
|move|p2a: Scizor|Roost|p2a: Scizor
|-heal|p2a: Scizor|335\/343
|
|turn|19
|c|★Hallucination|but then remembered
|c|★Hallucination|this aint no mega latias
|c|★reqs boii|this is a fucking mushroom
|c|★Hallucination|a fucking disappointment
|
|detailschange|p1a: Lopunny|Lopunny-Mega, M
|-mega|p1a: Lopunny|Lopunny|Lopunnite
|move|p1a: Lopunny|Fake Out|p2a: Scizor
|-resisted|p2a: Scizor
|-damage|p2a: Scizor|309\/343
|cant|p2a: Scizor|flinch
|
|turn|20
|c|★reqs boii|bruh
|c|★reqs boii|hjk doesnt even 2hko
|c|★reqs boii|without rocks
|c|★reqs boii|!learn lopunny, fire punch
|raw|<div class="infobox">Lopunny <span class="message-learn-canlearn">can<\/span> learn Fire Punch<\/ul><\/div>
|
|move|p1a: Lopunny|High Jump Kick|p2a: Scizor
|-damage|p2a: Scizor|120\/343
|move|p2a: Scizor|Swords Dance|p2a: Scizor
|-boost|p2a: Scizor|atk|2
|
|turn|21
|c|★Hallucination|lolz
|c|★reqs boii|i thought u had fire punch LMAOO
|
|move|p2a: Scizor|Bullet Punch|p1a: Lopunny
|-damage|p1a: Lopunny|0 fnt
|faint|p1a: Lopunny
|
|
|switch|p1a: Landorus-Therian|Landorus-Therian, M|319\/319
|-damage|p1a: Landorus-Therian|280\/319|[from] Stealth Rock
|-ability|p1a: Landorus-Therian|Intimidate|[of] p2a: Scizor
|-unboost|p2a: Scizor|atk|1
|turn|22
|c|★reqs boii|pls be defensive
|leave|oml it's too ez
|c|★reqs boii|joseph is gonna make a counter-team for this
|c|★reqs boii|LMAO
|c|★reqs boii|he's already thinking about one
|
|move|p2a: Scizor|Bullet Punch|p1a: Landorus-Therian
|-damage|p1a: Landorus-Therian|0 fnt
|faint|p1a: Landorus-Therian
|
|c|★Hallucination|Wows
|c|★reqs boii|rekt
|c|★Hallucination|Thats broken
|c|★Hallucination|Im voting to uber it
|c|★reqs boii|of course
|-message|Hallucination forfeited.
|c|★reqs boii|aaaaah
|c|★Hallucination|gggg
|c|★reqs boii|:]
|c|★reqs boii|gg well played
|
|win|reqs boii
|c|★reqs boii|changing latios into latias rn :]]
|c|★Hallucination|if i had cm bro it was an insta win imo
|c|★reqs boii|nah
|c|★reqs boii|i had roar suicune