|join|lil manaphy
|join|Hallucination
|player|p1|lil manaphy|9
|player|p2|Hallucination|170
|gametype|singles
|gen|6
|tier|OU
|rated
|clearpoke
|poke|p1|Gardevoir, F
|poke|p1|Keldeo
|poke|p1|Amoonguss, F
|poke|p1|Chansey, F
|poke|p1|Mandibuzz, F
|poke|p1|Landorus-Therian, M
|poke|p2|Tyranitar, F
|poke|p2|Amoonguss, F
|poke|p2|Charizard, M
|poke|p2|Chansey, F
|poke|p2|Skarmory, M
|poke|p2|Clefable, F
|rule|Swagger Clause: Swagger is banned
|rule|Baton Pass Clause: Limit one Pokémon knowing Baton Pass
|rule|Sleep Clause Mod: Limit one foe put to sleep
|rule|Species Clause: Limit one of each Pokémon
|rule|OHKO Clause: OHKO moves are banned
|rule|Moody Clause: Moody is banned
|rule|Evasion Moves Clause: Evasion moves are banned
|rule|Endless Battle Clause: Forcing endless battles is banned
|rule|HP Percentage Mod: HP is shown in percentages
|teampreview
|c|★Hallucination|Hi there
|join|TTM Jolt
|c|★lil manaphy|helo
|c|★lil manaphy|hows it goin.
|c|★Hallucination|pretty decent hbu
|c|★lil manaphy|good i guess
|
|start
|switch|p1a: Keldeo|Keldeo|323\/323
|switch|p2a: Tyranitar|Tyranitar, F|404\/404
|-weather|Sandstorm
|turn|1
|
|switch|p2a: Amoonguss|Amoonguss, F|432\/432
|move|p1a: Keldeo|Scald|p2a: Amoonguss
|-resisted|p2a: Amoonguss
|-damage|p2a: Amoonguss|350\/432
|
|-weather|Sandstorm|[upkeep]
|-damage|p1a: Keldeo|303\/323|[from] sandstorm
|-damage|p2a: Amoonguss|323\/432|[from] sandstorm
|-heal|p1a: Keldeo|323\/323|[from] item: Leftovers
|-heal|p2a: Amoonguss|350\/432|[from] item: Black Sludge
|turn|2
|join|reqs boii
|c| reqs boii|:]
|c| reqs boii|jucE pussE
|
|move|p1a: Keldeo|Substitute|p1a: Keldeo
|-start|p1a: Keldeo|Substitute
|-damage|p1a: Keldeo|243\/323
|move|p2a: Amoonguss|Giga Drain|p1a: Keldeo
|-supereffective|p1a: Keldeo
|-end|p1a: Keldeo|Substitute
|-heal|p2a: Amoonguss|390\/432|[from] drain|[of] p1a: Keldeo
|
|-weather|Sandstorm|[upkeep]
|-damage|p1a: Keldeo|223\/323|[from] sandstorm
|-damage|p2a: Amoonguss|363\/432|[from] sandstorm
|-heal|p1a: Keldeo|243\/323|[from] item: Leftovers
|-heal|p2a: Amoonguss|390\/432|[from] item: Black Sludge
|turn|3
|join|oml it's too ez
|
|switch|p1a: Mandibuzz|Mandibuzz, F|423\/423
|move|p2a: Amoonguss|Giga Drain|p1a: Mandibuzz
|-resisted|p1a: Mandibuzz
|-damage|p1a: Mandibuzz|385\/423
|-heal|p2a: Amoonguss|409\/432|[from] drain|[of] p1a: Mandibuzz
|
|-weather|Sandstorm|[upkeep]
|-damage|p2a: Amoonguss|382\/432|[from] sandstorm
|-heal|p2a: Amoonguss|409\/432|[from] item: Black Sludge
|turn|4
|
|switch|p2a: Skarmory|Skarmory, M|333\/333
|move|p1a: Mandibuzz|Taunt|p2a: Skarmory
|-start|p2a: Skarmory|move: Taunt
|
|-weather|Sandstorm|[upkeep]
|turn|5
|
|switch|p1a: Gardevoir|Gardevoir, F|277\/277
|-ability|p1a: Gardevoir|Sturdy|[from] ability: Trace|[of] p2a: Skarmory
|switch|p2a: Charizard|Charizard, M|357\/357
|
|-weather|none
|turn|6
|
|switch|p1a: Chansey|Chansey, F|703\/703
|detailschange|p2a: Charizard|Charizard-Mega-Y, M
|-mega|p2a: Charizard|Charizard|Charizardite Y
|-weather|SunnyDay
|move|p2a: Charizard|Flamethrower|p1a: Chansey
|-damage|p1a: Chansey|547\/703
|
|-weather|SunnyDay|[upkeep]
|turn|7
|leave|oml it's too ez
|
|switch|p2a: Skarmory|Skarmory, M|333\/333
|move|p1a: Chansey|Soft-Boiled|p1a: Chansey
|-heal|p1a: Chansey|703\/703
|
|-weather|SunnyDay|[upkeep]
|turn|8
|
|switch|p1a: Landorus-Therian|Landorus-Therian, M|382\/382
|-ability|p1a: Landorus-Therian|Intimidate|[of] p2a: Skarmory
|-unboost|p2a: Skarmory|atk|1
|move|p2a: Skarmory|Spikes|p1a: Landorus-Therian
|-sidestart|p1: lil manaphy|Spikes
|
|-weather|SunnyDay|[upkeep]
|turn|9
|
|move|p1a: Landorus-Therian|Stealth Rock|p2a: Skarmory
|-sidestart|p2: Hallucination|move: Stealth Rock
|move|p2a: Skarmory|Spikes|p1a: Landorus-Therian
|-sidestart|p1: lil manaphy|Spikes
|
|-weather|SunnyDay|[upkeep]
|turn|10
|
|move|p1a: Landorus-Therian|U-turn|p2a: Skarmory
|-resisted|p2a: Skarmory
|-damage|p2a: Skarmory|321\/333
|
|switch|p1a: Mandibuzz|Mandibuzz, F|385\/423
|move|p2a: Skarmory|Spikes|p1a: Mandibuzz
|-sidestart|p1: lil manaphy|Spikes
|
|-weather|none
|turn|11
|
|switch|p2a: Tyranitar|Tyranitar, F|404\/404
|-damage|p2a: Tyranitar|354\/404|[from] Stealth Rock
|-weather|Sandstorm
|move|p1a: Mandibuzz|Defog|p2a: Tyranitar
|-unboost|p2a: Tyranitar|evasion|1
|-sideend|p2: Hallucination|Stealth Rock|[from] move: Defog|[of] p2a: Tyranitar
|-sideend|p1: lil manaphy|Spikes|[from] move: Defog|[of] p1a: Mandibuzz
|
|-weather|Sandstorm|[upkeep]
|-heal|p2a: Tyranitar|379\/404|[from] item: Leftovers
|turn|12
|
|switch|p1a: Landorus-Therian|Landorus-Therian, M|382\/382
|-ability|p1a: Landorus-Therian|Intimidate|[of] p2a: Tyranitar
|-unboost|p2a: Tyranitar|atk|1
|move|p2a: Tyranitar|Stealth Rock|p1a: Landorus-Therian
|-sidestart|p1: lil manaphy|move: Stealth Rock
|
|-weather|Sandstorm|[upkeep]
|-heal|p2a: Tyranitar|404\/404|[from] item: Leftovers
|turn|13
|
|move|p1a: Landorus-Therian|Stealth Rock|p2a: Tyranitar
|-sidestart|p2: Hallucination|move: Stealth Rock
|move|p2a: Tyranitar|Ice Beam|p1a: Landorus-Therian
|-supereffective|p1a: Landorus-Therian
|-damage|p1a: Landorus-Therian|54\/382
|
|-weather|Sandstorm|[upkeep]
|-heal|p1a: Landorus-Therian|77\/382|[from] item: Leftovers
|turn|14
|
|switch|p2a: Skarmory|Skarmory, M|321\/333
|-damage|p2a: Skarmory|280\/333|[from] Stealth Rock
|move|p1a: Landorus-Therian|U-turn|p2a: Skarmory
|-resisted|p2a: Skarmory
|-damage|p2a: Skarmory|269\/333
|
|switch|p1a: Gardevoir|Gardevoir, F|277\/277
|-damage|p1a: Gardevoir|243\/277|[from] Stealth Rock
|-ability|p1a: Gardevoir|Sturdy|[from] ability: Trace|[of] p2a: Skarmory
|
|-weather|Sandstorm|[upkeep]
|-damage|p1a: Gardevoir|226\/277|[from] sandstorm
|turn|15
|
|switch|p2a: Chansey|Chansey, F|642\/642
|-damage|p2a: Chansey|562\/642|[from] Stealth Rock
|detailschange|p1a: Gardevoir|Gardevoir-Mega, F
|-mega|p1a: Gardevoir|Gardevoir|Gardevoirite
|move|p1a: Gardevoir|Hyper Voice|p2a: Chansey
|-damage|p2a: Chansey|432\/642
|
|-weather|none
|turn|16
|
|move|p1a: Gardevoir|Psyshock|p2a: Chansey
|-damage|p2a: Chansey|204\/642
|move|p2a: Chansey|Soft-Boiled|p2a: Chansey
|-heal|p2a: Chansey|525\/642
|
|turn|17
|
|switch|p1a: Amoonguss|Amoonguss, F|432\/432
|-damage|p1a: Amoonguss|378\/432|[from] Stealth Rock
|move|p2a: Chansey|Soft-Boiled|p2a: Chansey
|-heal|p2a: Chansey|642\/642
|
|-heal|p1a: Amoonguss|405\/432|[from] item: Black Sludge
|turn|18
|
|move|p2a: Chansey|Seismic Toss|p1a: Amoonguss
|-damage|p1a: Amoonguss|305\/432
|move|p1a: Amoonguss|Spore|p2a: Chansey
|-status|p2a: Chansey|slp
|
|-heal|p1a: Amoonguss|332\/432|[from] item: Black Sludge
|turn|19
|
|switch|p2a: Amoonguss|Amoonguss, F|432\/432
|-damage|p2a: Amoonguss|378\/432|[from] Stealth Rock
|switch|p1a: Gardevoir|Gardevoir-Mega, F|226\/277
|-damage|p1a: Gardevoir|192\/277|[from] Stealth Rock
|
|-heal|p2a: Amoonguss|405\/432|[from] item: Black Sludge
|turn|20
|join|gyarad0site
|
|switch|p2a: Chansey|Chansey, F|642\/642
|-damage|p2a: Chansey|562\/642|[from] Stealth Rock
|move|p1a: Gardevoir|Psyshock|p2a: Chansey
|-damage|p2a: Chansey|321\/642
|
|turn|21
|
|move|p1a: Gardevoir|Taunt|p2a: Chansey
|-start|p2a: Chansey|move: Taunt
|cant|p2a: Chansey|move: Taunt|Soft-Boiled
|
|turn|22
|
|switch|p2a: Clefable|Clefable, F|393\/393
|-damage|p2a: Clefable|344\/393|[from] Stealth Rock
|move|p1a: Gardevoir|Psyshock|p2a: Clefable
|-crit|p2a: Clefable
|-damage|p2a: Clefable|103\/393
|
|-heal|p2a: Clefable|127\/393|[from] item: Leftovers
|turn|23
|
|move|p2a: Clefable|Protect|p2a: Clefable
|-singleturn|p2a: Clefable|Protect
|move|p1a: Gardevoir|Hyper Voice|p2a: Clefable
|-activate|p2a: Clefable|Protect
|
|-heal|p2a: Clefable|151\/393|[from] item: Leftovers
|turn|24
|
|move|p1a: Gardevoir|Hyper Voice|p2a: Clefable
|-damage|p2a: Clefable|0 fnt
|faint|p2a: Clefable
|
|join|Genesis7
|
|switch|p2a: Charizard|Charizard-Mega-Y, M|357\/357
|-damage|p2a: Charizard|179\/357|[from] Stealth Rock
|-weather|SunnyDay
|turn|25
|leave|Genesis7
|
|switch|p1a: Chansey|Chansey, F|703\/703
|-damage|p1a: Chansey|616\/703|[from] Stealth Rock
|move|p2a: Charizard|Roost|p2a: Charizard
|-heal|p2a: Charizard|357\/357
|
|-weather|SunnyDay|[upkeep]
|turn|26
|
|switch|p2a: Skarmory|Skarmory, M|269\/333
|-damage|p2a: Skarmory|228\/333|[from] Stealth Rock
|switch|p1a: Keldeo|Keldeo|243\/323
|-damage|p1a: Keldeo|223\/323|[from] Stealth Rock
|
|-weather|SunnyDay|[upkeep]
|-heal|p1a: Keldeo|243\/323|[from] item: Leftovers
|turn|27
|
|move|p1a: Keldeo|Scald|p2a: Skarmory
|-damage|p2a: Skarmory|138\/333
|move|p2a: Skarmory|Defog|p1a: Keldeo
|-unboost|p1a: Keldeo|evasion|1
|-sideend|p1: lil manaphy|Stealth Rock|[from] move: Defog|[of] p1a: Keldeo
|-sideend|p2: Hallucination|Stealth Rock|[from] move: Defog|[of] p2a: Skarmory
|
|-weather|SunnyDay|[upkeep]
|-heal|p1a: Keldeo|263\/323|[from] item: Leftovers
|turn|28
|
|move|p1a: Keldeo|Scald|p2a: Skarmory
|-damage|p2a: Skarmory|38\/333
|move|p2a: Skarmory|Roost|p2a: Skarmory
|-heal|p2a: Skarmory|205\/333
|
|-weather|SunnyDay|[upkeep]
|-heal|p1a: Keldeo|283\/323|[from] item: Leftovers
|turn|29
|join|oml it's too ez
|
|move|p1a: Keldeo|Scald|p2a: Skarmory
|-damage|p2a: Skarmory|105\/333
|-status|p2a: Skarmory|brn
|move|p2a: Skarmory|Brave Bird|p1a: Keldeo
|-supereffective|p1a: Keldeo
|-damage|p1a: Keldeo|167\/323
|-damage|p2a: Skarmory|67\/333 brn|[from] recoil|[of] p1a: Keldeo
|
|-weather|none
|-heal|p1a: Keldeo|187\/323|[from] item: Leftovers
|-damage|p2a: Skarmory|26\/333 brn|[from] brn
|turn|30
|
|switch|p2a: Charizard|Charizard-Mega-Y, M|357\/357
|-weather|SunnyDay
|move|p1a: Keldeo|Scald|p2a: Charizard
|-supereffective|p2a: Charizard
|-damage|p2a: Charizard|225\/357
|
|-weather|SunnyDay|[upkeep]
|-heal|p1a: Keldeo|207\/323|[from] item: Leftovers
|turn|31
|
|switch|p1a: Chansey|Chansey, F|616\/703
|move|p2a: Charizard|Roost|p2a: Charizard
|-heal|p2a: Charizard|357\/357
|
|-weather|SunnyDay|[upkeep]
|turn|32
|
|switch|p2a: Tyranitar|Tyranitar, F|404\/404
|-weather|Sandstorm
|move|p1a: Chansey|Seismic Toss|p2a: Tyranitar
|-damage|p2a: Tyranitar|304\/404
|
|-weather|Sandstorm|[upkeep]
|-damage|p1a: Chansey|573\/703|[from] sandstorm
|-heal|p2a: Tyranitar|329\/404|[from] item: Leftovers
|turn|33
|
|switch|p1a: Landorus-Therian|Landorus-Therian, M|77\/382
|-ability|p1a: Landorus-Therian|Intimidate|[of] p2a: Tyranitar
|-unboost|p2a: Tyranitar|atk|1
|move|p2a: Tyranitar|Stealth Rock|p1a: Landorus-Therian
|-sidestart|p1: lil manaphy|move: Stealth Rock
|
|-weather|Sandstorm|[upkeep]
|-heal|p1a: Landorus-Therian|100\/382|[from] item: Leftovers
|-heal|p2a: Tyranitar|354\/404|[from] item: Leftovers
|turn|34
|
|move|p1a: Landorus-Therian|Stealth Rock|p2a: Tyranitar
|-sidestart|p2: Hallucination|move: Stealth Rock
|move|p2a: Tyranitar|Ice Beam|p1a: Landorus-Therian
|-supereffective|p1a: Landorus-Therian
|-damage|p1a: Landorus-Therian|0 fnt
|faint|p1a: Landorus-Therian
|
|-weather|Sandstorm|[upkeep]
|-heal|p2a: Tyranitar|379\/404|[from] item: Leftovers
|
|switch|p1a: Keldeo|Keldeo|207\/323
|-damage|p1a: Keldeo|187\/323|[from] Stealth Rock
|turn|35
|
|switch|p2a: Amoonguss|Amoonguss, F|432\/432
|-damage|p2a: Amoonguss|378\/432|[from] Stealth Rock
|move|p1a: Keldeo|Secret Sword|p2a: Amoonguss
|-resisted|p2a: Amoonguss
|-damage|p2a: Amoonguss|314\/432
|
|-weather|Sandstorm|[upkeep]
|-damage|p1a: Keldeo|167\/323|[from] sandstorm
|-damage|p2a: Amoonguss|287\/432|[from] sandstorm
|-heal|p1a: Keldeo|187\/323|[from] item: Leftovers
|-heal|p2a: Amoonguss|314\/432|[from] item: Black Sludge
|turn|36
|
|switch|p1a: Chansey|Chansey, F|573\/703
|-damage|p1a: Chansey|486\/703|[from] Stealth Rock
|move|p2a: Amoonguss|Giga Drain|p1a: Chansey
|-damage|p1a: Chansey|441\/703
|-heal|p2a: Amoonguss|337\/432|[from] drain|[of] p1a: Chansey
|
|-weather|none
|-heal|p2a: Amoonguss|364\/432|[from] item: Black Sludge
|turn|37
|
|move|p1a: Chansey|Soft-Boiled|p1a: Chansey
|-heal|p1a: Chansey|703\/703
|move|p2a: Amoonguss|Spore|p1a: Chansey
|-status|p1a: Chansey|slp
|
|-heal|p2a: Amoonguss|391\/432|[from] item: Black Sludge
|turn|38
|
|switch|p1a: Gardevoir|Gardevoir-Mega, F|192\/277
|-damage|p1a: Gardevoir|158\/277|[from] Stealth Rock
|switch|p2a: Tyranitar|Tyranitar, F|379\/404
|-damage|p2a: Tyranitar|329\/404|[from] Stealth Rock
|-weather|Sandstorm
|
|-weather|Sandstorm|[upkeep]
|-damage|p1a: Gardevoir|141\/277|[from] sandstorm
|-heal|p2a: Tyranitar|354\/404|[from] item: Leftovers
|turn|39
|join|ltoi6
|
|move|p1a: Gardevoir|Hyper Voice|p2a: Tyranitar
|-supereffective|p2a: Tyranitar
|-damage|p2a: Tyranitar|70\/404
|move|p2a: Tyranitar|Stone Edge|p1a: Gardevoir
|-damage|p1a: Gardevoir|0 fnt
|faint|p1a: Gardevoir
|
|-weather|Sandstorm|[upkeep]
|-heal|p2a: Tyranitar|95\/404|[from] item: Leftovers
|
|switch|p1a: Keldeo|Keldeo|187\/323
|-damage|p1a: Keldeo|167\/323|[from] Stealth Rock
|turn|40
|
|switch|p2a: Amoonguss|Amoonguss, F|432\/432
|-damage|p2a: Amoonguss|378\/432|[from] Stealth Rock
|move|p1a: Keldeo|Scald|p2a: Amoonguss
|-resisted|p2a: Amoonguss
|-damage|p2a: Amoonguss|288\/432
|
|-weather|Sandstorm|[upkeep]
|-damage|p1a: Keldeo|147\/323|[from] sandstorm
|-damage|p2a: Amoonguss|261\/432|[from] sandstorm
|-heal|p1a: Keldeo|167\/323|[from] item: Leftovers
|-heal|p2a: Amoonguss|288\/432|[from] item: Black Sludge
|turn|41
|
|switch|p1a: Amoonguss|Amoonguss, F|432\/432
|-damage|p1a: Amoonguss|378\/432|[from] Stealth Rock
|move|p2a: Amoonguss|Giga Drain|p1a: Amoonguss
|-resisted|p1a: Amoonguss
|-damage|p1a: Amoonguss|357\/432
|-heal|p2a: Amoonguss|299\/432|[from] drain|[of] p1a: Amoonguss
|
|-weather|Sandstorm|[upkeep]
|-damage|p1a: Amoonguss|330\/432|[from] sandstorm
|-damage|p2a: Amoonguss|272\/432|[from] sandstorm
|-heal|p1a: Amoonguss|357\/432|[from] item: Black Sludge
|-heal|p2a: Amoonguss|299\/432|[from] item: Black Sludge
|turn|42
|leave|TTM Jolt
|join|TTM Jolt
|
|move|p1a: Amoonguss|Spore|p2a: Amoonguss
|-fail|p2a: Amoonguss
|move|p2a: Amoonguss|Hidden Power|p1a: Amoonguss
|-supereffective|p1a: Amoonguss
|-damage|p1a: Amoonguss|249\/432
|
|-weather|none
|-heal|p1a: Amoonguss|276\/432|[from] item: Black Sludge
|-heal|p2a: Amoonguss|326\/432|[from] item: Black Sludge
|turn|43
|
|switch|p1a: Mandibuzz|Mandibuzz, F|385\/423
|-damage|p1a: Mandibuzz|280\/423|[from] Stealth Rock
|move|p2a: Amoonguss|Spore|p1a: Mandibuzz
|-fail|p1a: Mandibuzz
|
|-heal|p2a: Amoonguss|353\/432|[from] item: Black Sludge
|turn|44
|c| reqs boii|let's go hallu
|
|switch|p2a: Chansey|Chansey, F|321\/642
|-damage|p2a: Chansey|241\/642|[from] Stealth Rock
|move|p1a: Mandibuzz|Roost|p1a: Mandibuzz
|-heal|p1a: Mandibuzz|423\/423
|
|turn|45
|
|switch|p2a: Tyranitar|Tyranitar, F|95\/404
|-damage|p2a: Tyranitar|45\/404|[from] Stealth Rock
|-weather|Sandstorm
|move|p1a: Mandibuzz|Taunt|p2a: Tyranitar
|-start|p2a: Tyranitar|move: Taunt
|
|-weather|Sandstorm|[upkeep]
|-heal|p2a: Tyranitar|70\/404|[from] item: Leftovers
|turn|46
|
|move|p1a: Mandibuzz|Foul Play|p2a: Tyranitar
|-resisted|p2a: Tyranitar
|-damage|p2a: Tyranitar|3\/404
|move|p2a: Tyranitar|Stone Edge|p1a: Mandibuzz
|-supereffective|p1a: Mandibuzz
|-damage|p1a: Mandibuzz|195\/423
|
|-weather|Sandstorm|[upkeep]
|-heal|p2a: Tyranitar|28\/404|[from] item: Leftovers
|turn|47
|
|move|p1a: Mandibuzz|Roost|p1a: Mandibuzz
|-heal|p1a: Mandibuzz|407\/423
|move|p2a: Tyranitar|Ice Beam|p1a: Mandibuzz
|-damage|p1a: Mandibuzz|330\/423
|
|-weather|Sandstorm|[upkeep]
|-heal|p2a: Tyranitar|53\/404|[from] item: Leftovers
|turn|48
|
|move|p1a: Mandibuzz|Foul Play|p2a: Tyranitar
|-resisted|p2a: Tyranitar
|-damage|p2a: Tyranitar|0 fnt
|faint|p2a: Tyranitar
|
|-weather|Sandstorm|[upkeep]
|
|switch|p2a: Charizard|Charizard-Mega-Y, M|357\/357
|-damage|p2a: Charizard|179\/357|[from] Stealth Rock
|-weather|SunnyDay
|turn|49
|
|switch|p1a: Chansey|Chansey, F|703\/703
|-damage|p1a: Chansey|616\/703|[from] Stealth Rock
|move|p2a: Charizard|Roost|p2a: Charizard
|-heal|p2a: Charizard|357\/357
|
|-weather|SunnyDay|[upkeep]
|turn|50
|
|move|p2a: Charizard|Will-O-Wisp|p1a: Chansey
|-status|p1a: Chansey|brn
|move|p1a: Chansey|Seismic Toss|p2a: Charizard
|-damage|p2a: Charizard|257\/357
|
|-weather|SunnyDay|[upkeep]
|-damage|p1a: Chansey|529\/703 brn|[from] brn
|turn|51
|
|move|p2a: Charizard|Focus Blast|p1a: Chansey
|-supereffective|p1a: Chansey
|-damage|p1a: Chansey|355\/703 brn
|move|p1a: Chansey|Soft-Boiled|p1a: Chansey
|-heal|p1a: Chansey|703\/703 brn
|
|-weather|SunnyDay|[upkeep]
|-damage|p1a: Chansey|616\/703 brn|[from] brn
|turn|52
|
|switch|p2a: Chansey|Chansey, F|241\/642
|-damage|p2a: Chansey|161\/642|[from] Stealth Rock
|move|p1a: Chansey|Wish|p1a: Chansey
|
|-weather|SunnyDay|[upkeep]
|-damage|p1a: Chansey|529\/703 brn|[from] brn
|turn|53
|
|switch|p1a: Keldeo|Keldeo|167\/323
|-damage|p1a: Keldeo|147\/323|[from] Stealth Rock
|move|p2a: Chansey|Toxic|p1a: Keldeo
|-status|p1a: Keldeo|tox
|
|-weather|none
|-heal|p1a: Keldeo|323\/323 tox|[from] move: Wish|[wisher] Chansey
|-damage|p1a: Keldeo|303\/323 tox|[from] psn
|turn|54
|
|move|p1a: Keldeo|Secret Sword|p2a: Chansey
|-supereffective|p2a: Chansey
|-damage|p2a: Chansey|0 fnt
|faint|p2a: Chansey
|
|-heal|p1a: Keldeo|323\/323 tox|[from] item: Leftovers
|-damage|p1a: Keldeo|283\/323 tox|[from] psn
|c|★Hallucination|gg
|-message|Hallucination forfeited.
|c|★lil manaphy|gg
|c|★lil manaphy|tense game
|
|switch|p2a: Amoonguss|Amoonguss, F|432\/432
|-damage|p2a: Amoonguss|378\/432|[from] Stealth Rock
|turn|55
|
|win|lil manaphy
|raw|Ladder updating...
|raw|lil manaphy's rating: 1749 &rarr; <strong>1760<\/strong><br \/>(+11 for winning)
|raw|Hallucination's rating: 1575 &rarr; <strong>1565<\/strong><br \/>(-10 for losing)