|join|dodmen
|join|namehtmas
|player|p1|dodmen|171
|player|p2|namehtmas|167
|gametype|singles
|gen|6
|tier|UU
|rule|Sleep Clause Mod: Limit one foe put to sleep
|rule|Species Clause: Limit one of each Pokémon
|rule|OHKO Clause: OHKO moves are banned
|rule|Moody Clause: Moody is banned
|rule|Evasion Moves Clause: Evasion moves are banned
|rule|Endless Battle Clause: Forcing endless battles is banned
|rule|HP Percentage Mod: HP is shown in percentages
|clearpoke
|poke|p1|Infernape, F
|poke|p1|Azelf
|poke|p1|Suicune
|poke|p1|Raikou
|poke|p1|Gallade, M
|poke|p1|Krookodile, M
|poke|p2|Crobat, F
|poke|p2|Zygarde
|poke|p2|Aerodactyl, M
|poke|p2|Empoleon, M
|poke|p2|Whimsicott, M
|poke|p2|Swampert, M
|rule|Swagger Clause: Swagger is banned
|rule|Baton Pass Clause: Limit one Pokémon knowing Baton Pass
|teampreview
|
|start
|switch|p1a: Suicune|Suicune|399\/399
|switch|p2a: Aerodactyl|Aerodactyl, M|302\/302
|-ability|p2a: Aerodactyl|Pressure
|-ability|p1a: Suicune|Pressure
|turn|1
|
|switch|p2a: Whimsicott|Whimsicott, M|261\/261
|move|p1a: Suicune|Scald|p2a: Whimsicott
|-resisted|p2a: Whimsicott
|-damage|p2a: Whimsicott|189\/261
|
|-heal|p2a: Whimsicott|205\/261|[from] item: Leftovers
|turn|2
|
|move|p2a: Whimsicott|Giga Drain|p1a: Suicune
|-supereffective|p1a: Suicune
|-damage|p1a: Suicune|219\/399
|-heal|p2a: Whimsicott|261\/261|[from] drain|[of] p1a: Suicune
|move|p1a: Suicune|Ice Beam|p2a: Whimsicott
|-supereffective|p2a: Whimsicott
|-damage|p2a: Whimsicott|35\/261
|
|-heal|p2a: Whimsicott|51\/261|[from] item: Leftovers
|-heal|p1a: Suicune|243\/399|[from] item: Leftovers
|turn|3
|
|switch|p1a: Infernape|Infernape, F|293\/293
|move|p2a: Whimsicott|Giga Drain|p1a: Infernape
|-resisted|p1a: Infernape
|-damage|p1a: Infernape|232\/293
|-heal|p2a: Whimsicott|82\/261|[from] drain|[of] p1a: Infernape
|
|-heal|p2a: Whimsicott|98\/261|[from] item: Leftovers
|turn|4
|
|switch|p2a: Crobat|Crobat, F|373\/373
|move|p1a: Infernape|Close Combat|p2a: Crobat
|-resisted|p2a: Crobat
|-damage|p2a: Crobat|305\/373
|-unboost|p1a: Infernape|def|1
|-unboost|p1a: Infernape|spd|1
|-damage|p1a: Infernape|203\/293|[from] item: Life Orb
|
|-heal|p2a: Crobat|328\/373|[from] item: Black Sludge
|turn|5
|
|switch|p1a: Krookodile|Krookodile, M|331\/331
|-ability|p1a: Krookodile|Intimidate|[of] p2a: Crobat
|-unboost|p2a: Crobat|atk|1
|move|p2a: Crobat|Brave Bird|p1a: Krookodile
|-damage|p1a: Krookodile|232\/331
|-damage|p2a: Crobat|295\/373|[from] recoil|[of] p1a: Krookodile
|
|-heal|p2a: Crobat|318\/373|[from] item: Black Sludge
|turn|6
|c|★dodmen|damn i'm whimsicott weak lol
|join|4FS
|
|move|p2a: Crobat|Toxic|p1a: Krookodile
|-status|p1a: Krookodile|tox
|move|p1a: Krookodile|Knock Off|p2a: Crobat
|-damage|p2a: Crobat|120\/373
|-enditem|p2a: Crobat|Black Sludge|[from] move: Knock Off|[of] p1a: Krookodile
|
|-damage|p1a: Krookodile|212\/331 tox|[from] psn
|turn|7
|
|move|p2a: Crobat|Roost|p2a: Crobat
|-heal|p2a: Crobat|307\/373
|move|p1a: Krookodile|Earthquake|p2a: Crobat
|-supereffective|p2a: Crobat
|-damage|p2a: Crobat|0 fnt
|faint|p2a: Crobat
|
|-damage|p1a: Krookodile|172\/331 tox|[from] psn
|
|switch|p2a: Whimsicott|Whimsicott, M|98\/261
|turn|8
|c|★namehtmas|nice
|
|move|p2a: Whimsicott|Giga Drain|p1a: Krookodile
|-supereffective|p1a: Krookodile
|-damage|p1a: Krookodile|0 fnt
|-heal|p2a: Whimsicott|184\/261|[from] drain|[of] p1a: Krookodile
|faint|p1a: Krookodile
|
|-heal|p2a: Whimsicott|200\/261|[from] item: Leftovers
|
|switch|p1a: Azelf|Azelf|291\/291
|turn|9
|
|switch|p2a: Empoleon|Empoleon, M|358\/358
|move|p1a: Azelf|Fire Blast|p2a: Empoleon
|-damage|p2a: Empoleon|223\/358
|
|-heal|p2a: Empoleon|245\/358|[from] item: Leftovers
|turn|10
|
|move|p1a: Azelf|Fire Blast|p2a: Empoleon
|-damage|p2a: Empoleon|115\/358
|move|p2a: Empoleon|Knock Off|p1a: Azelf
|-supereffective|p1a: Azelf
|-damage|p1a: Azelf|49\/291
|-enditem|p1a: Azelf|Focus Sash|[from] move: Knock Off|[of] p2a: Empoleon
|
|-heal|p2a: Empoleon|137\/358|[from] item: Leftovers
|turn|11
|
|move|p2a: Empoleon|Aqua Jet|p1a: Azelf
|-damage|p1a: Azelf|0 fnt
|faint|p1a: Azelf
|
|-heal|p2a: Empoleon|159\/358|[from] item: Leftovers
|
|switch|p1a: Infernape|Infernape, F|203\/293
|turn|12
|
|move|p2a: Empoleon|Aqua Jet|p1a: Infernape
|-supereffective|p1a: Infernape
|-damage|p1a: Infernape|53\/293
|move|p1a: Infernape|Close Combat|p2a: Empoleon
|-supereffective|p2a: Empoleon
|-damage|p2a: Empoleon|0 fnt
|-unboost|p1a: Infernape|def|1
|-unboost|p1a: Infernape|spd|1
|-damage|p1a: Infernape|24\/293|[from] item: Life Orb
|faint|p2a: Empoleon
|
|c|★dodmen|i literally forgot about aqua jet in the last 5 seconds
|
|switch|p2a: Aerodactyl|Aerodactyl, M|302\/302
|-ability|p2a: Aerodactyl|Pressure
|turn|13
|
|detailschange|p2a: Aerodactyl|Aerodactyl-Mega, M
|message|Aerodactyl has Mega Evolved into Mega Aerodactyl!
|move|p2a: Aerodactyl|Stealth Rock|p1a: Infernape
|-sidestart|p1: dodmen|move: Stealth Rock
|move|p1a: Infernape|Close Combat|p2a: Aerodactyl
|-damage|p2a: Aerodactyl|33\/302
|-unboost|p1a: Infernape|def|1
|-unboost|p1a: Infernape|spd|1
|-damage|p1a: Infernape|0 fnt|[from] item: Life Orb
|faint|p1a: Infernape
|
|
|switch|p1a: Gallade|Gallade, M|277\/277
|-damage|p1a: Gallade|260\/277|[from] Stealth Rock
|turn|14
|
|detailschange|p1a: Gallade|Gallade-Mega, M
|message|Gallade has Mega Evolved into Mega Gallade!
|move|p1a: Gallade|Shadow Sneak|p2a: Aerodactyl
|-damage|p2a: Aerodactyl|0 fnt
|faint|p2a: Aerodactyl
|
|
|switch|p2a: Whimsicott|Whimsicott, M|200\/261
|turn|15
|
|move|p2a: Whimsicott|Moonblast|p1a: Gallade
|-supereffective|p1a: Gallade
|-damage|p1a: Gallade|56\/277
|move|p1a: Gallade|Zen Headbutt|p2a: Whimsicott
|-damage|p2a: Whimsicott|4\/261
|
|-heal|p2a: Whimsicott|20\/261|[from] item: Leftovers
|turn|16
|
|move|p1a: Gallade|Shadow Sneak|p2a: Whimsicott
|-damage|p2a: Whimsicott|0 fnt
|faint|p2a: Whimsicott
|
|
|switch|p2a: Zygarde|Zygarde|358\/358
|-ability|p2a: Zygarde|Aura Break
|turn|17
|
|move|p1a: Gallade|Close Combat|p2a: Zygarde
|-damage|p2a: Zygarde|130\/358
|-unboost|p1a: Gallade|def|1
|-unboost|p1a: Gallade|spd|1
|move|p2a: Zygarde|Dragon Dance|p2a: Zygarde
|-boost|p2a: Zygarde|atk|1
|-boost|p2a: Zygarde|spe|1
|
|turn|18
|
|switch|p1a: Raikou|Raikou|321\/321
|-damage|p1a: Raikou|281\/321|[from] Stealth Rock
|-ability|p1a: Raikou|Pressure
|move|p2a: Zygarde|Extreme Speed|p1a: Raikou
|-damage|p1a: Raikou|122\/321
|
|-heal|p1a: Raikou|142\/321|[from] item: Leftovers
|turn|19
|
|move|p2a: Zygarde|Earthquake|p1a: Raikou
|-crit|p1a: Raikou
|-supereffective|p1a: Raikou
|-damage|p1a: Raikou|0 fnt
|faint|p1a: Raikou
|
|
|switch|p1a: Suicune|Suicune|243\/399
|-damage|p1a: Suicune|194\/399|[from] Stealth Rock
|-ability|p1a: Suicune|Pressure
|turn|20
|c|★dodmen|gg
|
|move|p2a: Zygarde|Outrage|p1a: Suicune
|-damage|p1a: Suicune|0 fnt
|faint|p1a: Suicune
|
|c|★namehtmas|gg
|
|switch|p1a: Gallade|Gallade-Mega, M|56\/277
|-damage|p1a: Gallade|39\/277|[from] Stealth Rock
|turn|21
|join|Tipsy Russian
|
|move|p2a: Zygarde|Outrage|p1a: Gallade
|-crit|p1a: Gallade
|-damage|p1a: Gallade|0 fnt
|faint|p1a: Gallade
|
|win|namehtmas
|leave|dodmen
|player|p1
|leave|Tipsy Russian