|join|dodmen
|join|JB's Mansion
|join|SketchyEcchi
|player|p1|dodmen|171
|player|p2|JB's Mansion|149
|gametype|singles
|gen|6
|tier|UU
|rated
|rule|Sleep Clause Mod: Limit one foe put to sleep
|rule|Species Clause: Limit one of each Pokémon
|rule|OHKO Clause: OHKO moves are banned
|rule|Moody Clause: Moody is banned
|rule|Evasion Moves Clause: Evasion moves are banned
|rule|Endless Battle Clause: Forcing endless battles is banned
|rule|HP Percentage Mod: HP is shown in percentages
|clearpoke
|poke|p1|Mienshao, F
|poke|p1|Empoleon, F
|poke|p1|Pidgeot, F
|poke|p1|Krookodile, M
|poke|p1|Florges, F
|poke|p1|Zygarde
|poke|p2|Beedrill, M
|poke|p2|Swampert, M
|poke|p2|Entei, shiny
|poke|p2|Noivern, M
|poke|p2|Forretress, M
|poke|p2|Raikou
|rule|Swagger Clause: Swagger is banned
|rule|Baton Pass Clause: Limit one Pokémon knowing Baton Pass
|teampreview
|
|start
|switch|p1a: Empoleon|Empoleon, F|361\/361
|switch|p2a: Swampert|Swampert, M|404\/404
|turn|1
|
|move|p1a: Empoleon|Grass Knot|p2a: Swampert
|-supereffective|p2a: Swampert
|-damage|p2a: Swampert|8\/404
|move|p2a: Swampert|Stealth Rock|p1a: Empoleon
|-sidestart|p1: dodmen|move: Stealth Rock
|
|-heal|p2a: Swampert|33\/404|[from] item: Leftovers
|turn|2
|
|move|p1a: Empoleon|Stealth Rock|p2a: Swampert
|-sidestart|p2: JB's Mansion|move: Stealth Rock
|move|p2a: Swampert|Earthquake|p1a: Empoleon
|-crit|p1a: Empoleon
|-supereffective|p1a: Empoleon
|-damage|p1a: Empoleon|0 fnt
|faint|p1a: Empoleon
|
|-heal|p2a: Swampert|58\/404|[from] item: Leftovers
|
|switch|p1a: Pidgeot|Pidgeot, F|307\/307
|-damage|p1a: Pidgeot|231\/307|[from] Stealth Rock
|turn|3
|join|THEiTodd
|c| SketchyEcchi|isnt mpidgeot
|c| SketchyEcchi|shitty
|
|detailschange|p1a: Pidgeot|Pidgeot-Mega, F
|-mega|p1a: Pidgeot|Pidgeot|Pidgeotite
|move|p1a: Pidgeot|Hurricane|p2a: Swampert
|-damage|p2a: Swampert|0 fnt
|faint|p2a: Swampert
|
|
|switch|p2a: Beedrill|Beedrill, M|271\/271
|-damage|p2a: Beedrill|204\/271|[from] Stealth Rock
|turn|4
|
|detailschange|p2a: Beedrill|Beedrill-Mega, M
|-mega|p2a: Beedrill|Beedrill|Beedrillite
|move|p2a: Beedrill|Protect|p2a: Beedrill
|-singleturn|p2a: Beedrill|Protect
|move|p1a: Pidgeot|Substitute|p1a: Pidgeot
|-start|p1a: Pidgeot|Substitute
|-damage|p1a: Pidgeot|155\/307
|
|turn|5
|
|move|p2a: Beedrill|U-turn|p1a: Pidgeot
|-resisted|p1a: Pidgeot
|-end|p1a: Pidgeot|Substitute
|
|switch|p2a: Forretress|Forretress, M|354\/354
|-damage|p2a: Forretress|310\/354|[from] Stealth Rock
|move|p1a: Pidgeot|Hurricane|p2a: Forretress
|-damage|p2a: Forretress|7\/354
|
|-heal|p2a: Forretress|29\/354|[from] item: Leftovers
|turn|6
|c| SketchyEcchi|u had
|c| SketchyEcchi|raikou
|
|move|p1a: Pidgeot|Hurricane|p2a: Forretress
|-damage|p2a: Forretress|0 fnt
|faint|p2a: Forretress
|
|
|switch|p2a: Noivern|Noivern, M|311\/311
|-damage|p2a: Noivern|234\/311|[from] Stealth Rock
|turn|7
|
|move|p2a: Noivern|Hurricane|p1a: Pidgeot
|-damage|p1a: Pidgeot|0 fnt
|-damage|p2a: Noivern|203\/311|[from] item: Life Orb
|faint|p1a: Pidgeot
|
|
|switch|p1a: Florges|Florges, F|357\/357
|-damage|p1a: Florges|313\/357|[from] Stealth Rock
|turn|8
|
|switch|p2a: Entei|Entei, shiny|371\/371
|-damage|p2a: Entei|279\/371|[from] Stealth Rock
|-ability|p2a: Entei|Pressure
|switch|p1a: Krookodile|Krookodile, M|331\/331
|-damage|p1a: Krookodile|311\/331|[from] Stealth Rock
|-ability|p1a: Krookodile|Intimidate|[of] p2a: Entei
|-unboost|p2a: Entei|atk|1
|
|turn|9
|join|DrReuniclus3
|
|switch|p2a: Noivern|Noivern, M|203\/311
|-damage|p2a: Noivern|126\/311|[from] Stealth Rock
|move|p1a: Krookodile|Earthquake|p2a: Noivern
|-immune|p2a: Noivern|[msg]
|
|turn|10
|
|move|p2a: Noivern|Draco Meteor|p1a: Krookodile
|-damage|p1a: Krookodile|0 fnt
|-unboost|p2a: Noivern|spa|2
|-damage|p2a: Noivern|95\/311|[from] item: Life Orb
|faint|p1a: Krookodile
|
|c| SketchyEcchi|sick plays Ron
|join|Over Under Used
|leave|Over Under Used
|c|★dodmen|shh
|
|switch|p1a: Florges|Florges, F|313\/357
|-damage|p1a: Florges|269\/357|[from] Stealth Rock
|turn|11
|
|move|p2a: Noivern|Hurricane|p1a: Florges|[miss]
|-miss|p2a: Noivern|p1a: Florges
|move|p1a: Florges|Moonblast|p2a: Noivern
|-supereffective|p2a: Noivern
|-damage|p2a: Noivern|0 fnt
|faint|p2a: Noivern
|
|-heal|p1a: Florges|291\/357|[from] item: Leftovers
|join|Over Under Used
|leave|Over Under Used
|
|switch|p2a: Entei|Entei, shiny|279\/371
|-damage|p2a: Entei|187\/371|[from] Stealth Rock
|-ability|p2a: Entei|Pressure
|turn|12
|join|namehtmas
|c| namehtmas|hi dodmen
|
|move|p2a: Entei|Flare Blitz|p1a: Florges
|-crit|p1a: Florges
|-damage|p1a: Florges|0 fnt
|-damage|p2a: Entei|91\/371|[from] recoil|[of] p1a: Florges
|faint|p1a: Florges
|
|c|★dodmen|ah
|c|★dodmen|hi sam
|
|switch|p1a: Zygarde|Zygarde|357\/357
|-damage|p1a: Zygarde|335\/357|[from] Stealth Rock
|-ability|p1a: Zygarde|Aura Break
|turn|13
|
|move|p2a: Entei|Flare Blitz|p1a: Zygarde
|-crit|p1a: Zygarde
|-resisted|p1a: Zygarde
|-damage|p1a: Zygarde|132\/357
|-damage|p2a: Entei|24\/371|[from] recoil|[of] p1a: Zygarde
|move|p1a: Zygarde|Dragon Dance|p1a: Zygarde
|-boost|p1a: Zygarde|atk|1
|-boost|p1a: Zygarde|spe|1
|
|turn|14
|c| SketchyEcchi|"RESIST"
|join|OGWanka
|
|move|p1a: Zygarde|Extreme Speed|p2a: Entei
|-damage|p2a: Entei|0 fnt
|-damage|p1a: Zygarde|97\/357|[from] item: Life Orb
|faint|p2a: Entei
|
|join|donfantastic
|leave|donfantastic
|
|switch|p2a: Raikou|Raikou|321\/321
|-damage|p2a: Raikou|281\/321|[from] Stealth Rock
|-ability|p2a: Raikou|Pressure
|turn|15
|c| namehtmas|it's scarf raikou
|c| SketchyEcchi|scarf
|c| SketchyEcchi|raikou
|c| SketchyEcchi|scarf
|
|move|p1a: Zygarde|Earthquake|p2a: Raikou
|-supereffective|p2a: Raikou
|-damage|p2a: Raikou|0 fnt
|-damage|p1a: Zygarde|62\/357|[from] item: Life Orb
|faint|p2a: Raikou
|
|c| SketchyEcchi|raikou
|c| SketchyEcchi|rip
|
|switch|p2a: Beedrill|Beedrill-Mega, M|204\/271
|-damage|p2a: Beedrill|137\/271|[from] Stealth Rock
|turn|16
|c| namehtmas|scarf mega bee
|
|move|p1a: Zygarde|Extreme Speed|p2a: Beedrill
|-damage|p2a: Beedrill|0 fnt
|-damage|p1a: Zygarde|27\/357|[from] item: Life Orb
|faint|p2a: Beedrill
|
|win|dodmen
|raw|Ladder updating...
|raw|dodmen's rating: 1604 &rarr; <strong>1613<\/strong><br \/>(+9 for winning)
|raw|JB&apos;s Mansion's rating: 1386 &rarr; <strong>1377<\/strong><br \/>(-9 for losing)
|c|★JB's Mansion|ah gg dodmen.
|c|★dodmen|gg
|leave|SketchyEcchi
|leave|namehtmas
|leave|OGWanka