|join|dodmen
|join|Mikey C
|player|p1|dodmen|171
|player|p2|Mikey C|12
|gametype|singles
|gen|6
|tier|UU
|rated
|rule|Sleep Clause Mod: Limit one foe put to sleep
|rule|Species Clause: Limit one of each Pokémon
|rule|OHKO Clause: OHKO moves are banned
|rule|Moody Clause: Moody is banned
|rule|Evasion Moves Clause: Evasion moves are banned
|rule|Endless Battle Clause: Forcing endless battles is banned
|rule|HP Percentage Mod: HP is shown in percentages
|clearpoke
|poke|p1|Mienshao, M
|poke|p1|Empoleon, F
|poke|p1|Pidgeot, M
|poke|p1|Krookodile, F
|poke|p1|Florges, F
|poke|p1|Zygarde
|poke|p2|Crobat, F, shiny
|poke|p2|Darmanitan, F
|poke|p2|Krookodile, F
|poke|p2|Blastoise, F, shiny
|poke|p2|Honchkrow, F
|poke|p2|Jirachi
|rule|Swagger Clause: Swagger is banned
|rule|Baton Pass Clause: Limit one Pokémon knowing Baton Pass
|teampreview
|
|start
|switch|p1a: Krookodile|Krookodile, F|331\/331
|switch|p2a: Krookodile|Krookodile, F|394\/394
|-ability|p1a: Krookodile|Intimidate|[of] p2a: Krookodile
|-unboost|p2a: Krookodile|atk|1
|-ability|p2a: Krookodile|Intimidate|[of] p1a: Krookodile
|-unboost|p1a: Krookodile|atk|1
|turn|1
|
|move|p1a: Krookodile|Taunt|p2a: Krookodile
|-start|p2a: Krookodile|move: Taunt
|cant|p2a: Krookodile|move: Taunt|Stealth Rock
|
|turn|2
|
|switch|p1a: Florges|Florges, F|357\/357
|move|p2a: Krookodile|Knock Off|p1a: Florges
|-resisted|p1a: Florges
|-damage|p1a: Florges|300\/357
|-enditem|p1a: Florges|Leftovers|[from] move: Knock Off|[of] p2a: Krookodile
|
|turn|3
|
|switch|p2a: Jirachi|Jirachi|342\/342
|switch|p1a: Krookodile|Krookodile, F|331\/331
|-ability|p1a: Krookodile|Intimidate|[of] p2a: Jirachi
|-unboost|p2a: Jirachi|atk|1
|
|turn|4
|
|move|p2a: Jirachi|U-turn|p1a: Krookodile
|-supereffective|p1a: Krookodile
|-damage|p1a: Krookodile|207\/331
|
|move|p1a: Krookodile|Pursuit|p2a: Jirachi|[from]Pursuit
|-crit|p2a: Jirachi
|-supereffective|p2a: Jirachi
|-damage|p2a: Jirachi|0 fnt
|faint|p2a: Jirachi
|
|
|switch|p2a: Blastoise|Blastoise, F, shiny|362\/362
|turn|5
|
|switch|p1a: Florges|Florges, F|300\/357
|detailschange|p2a: Blastoise|Blastoise-Mega, F, shiny
|-mega|p2a: Blastoise|Blastoise|Blastoisinite
|move|p2a: Blastoise|Water Pulse|p1a: Florges
|-damage|p1a: Florges|179\/357
|
|turn|6
|
|switch|p2a: Crobat|Crobat, F, shiny|312\/312
|move|p1a: Florges|Synthesis|p1a: Florges
|-heal|p1a: Florges|357\/357
|
|turn|7
|
|switch|p1a: Empoleon|Empoleon, F|361\/361
|move|p2a: Crobat|Brave Bird|p1a: Empoleon
|-resisted|p1a: Empoleon
|-damage|p1a: Empoleon|256\/361
|-damage|p2a: Crobat|277\/312|[from] recoil|[of] p1a: Empoleon
|
|-heal|p1a: Empoleon|278\/361|[from] item: Leftovers
|turn|8
|
|move|p2a: Crobat|U-turn|p1a: Empoleon
|-resisted|p1a: Empoleon
|-damage|p1a: Empoleon|244\/361
|
|switch|p2a: Blastoise|Blastoise-Mega, F, shiny|362\/362
|move|p1a: Empoleon|Stealth Rock|p2a: Blastoise
|-sidestart|p2: Mikey C|move: Stealth Rock
|
|-heal|p1a: Empoleon|266\/361|[from] item: Leftovers
|turn|9
|join|ANGER MANAGEMENT
|
|move|p2a: Blastoise|Water Pulse|p1a: Empoleon
|-resisted|p1a: Empoleon
|-damage|p1a: Empoleon|174\/361
|move|p1a: Empoleon|Grass Knot|p2a: Blastoise
|-supereffective|p2a: Blastoise
|-damage|p2a: Blastoise|168\/362
|
|-heal|p1a: Empoleon|196\/361|[from] item: Leftovers
|turn|10
|
|move|p2a: Blastoise|Dark Pulse|p1a: Empoleon
|-damage|p1a: Empoleon|39\/361
|cant|p1a: Empoleon|flinch
|
|-heal|p1a: Empoleon|61\/361|[from] item: Leftovers
|turn|11
|
|move|p2a: Blastoise|Dark Pulse|p1a: Empoleon
|-damage|p1a: Empoleon|0 fnt
|faint|p1a: Empoleon
|
|
|switch|p1a: Pidgeot|Pidgeot, M|307\/307
|turn|12
|
|detailschange|p1a: Pidgeot|Pidgeot-Mega, M
|-mega|p1a: Pidgeot|Pidgeot|Pidgeotite
|move|p1a: Pidgeot|Hurricane|p2a: Blastoise
|-damage|p2a: Blastoise|0 fnt
|faint|p2a: Blastoise
|
|
|switch|p2a: Darmanitan|Darmanitan, F|352\/352
|-damage|p2a: Darmanitan|264\/352|[from] Stealth Rock
|turn|13
|
|switch|p1a: Zygarde|Zygarde|357\/357
|-ability|p1a: Zygarde|Aura Break
|move|p2a: Darmanitan|Rock Slide|p1a: Zygarde
|-resisted|p1a: Zygarde
|-damage|p1a: Zygarde|299\/357
|
|turn|14
|
|switch|p2a: Krookodile|Krookodile, F|394\/394
|-damage|p2a: Krookodile|370\/394|[from] Stealth Rock
|-ability|p2a: Krookodile|Intimidate|[of] p1a: Zygarde
|-unboost|p1a: Zygarde|atk|1
|switch|p1a: Pidgeot|Pidgeot-Mega, M|307\/307
|
|turn|15
|
|move|p1a: Pidgeot|Hurricane|p2a: Krookodile
|-damage|p2a: Krookodile|171\/394
|move|p2a: Krookodile|Stealth Rock|p1a: Pidgeot
|-sidestart|p1: dodmen|move: Stealth Rock
|
|turn|16
|
|move|p1a: Pidgeot|Hurricane|p2a: Krookodile
|-damage|p2a: Krookodile|0 fnt
|faint|p2a: Krookodile
|
|
|switch|p2a: Darmanitan|Darmanitan, F|264\/352
|-damage|p2a: Darmanitan|176\/352|[from] Stealth Rock
|turn|17
|
|move|p2a: Darmanitan|Flare Blitz|p1a: Pidgeot
|-damage|p1a: Pidgeot|0 fnt
|-damage|p2a: Darmanitan|75\/352|[from] recoil|[of] p1a: Pidgeot
|faint|p1a: Pidgeot
|
|
|switch|p1a: Zygarde|Zygarde|299\/357
|-damage|p1a: Zygarde|277\/357|[from] Stealth Rock
|-ability|p1a: Zygarde|Aura Break
|turn|18
|
|move|p2a: Darmanitan|Flare Blitz|p1a: Zygarde
|-resisted|p1a: Zygarde
|-damage|p1a: Zygarde|143\/357
|-damage|p2a: Darmanitan|31\/352|[from] recoil|[of] p1a: Zygarde
|move|p1a: Zygarde|Dragon Dance|p1a: Zygarde
|-boost|p1a: Zygarde|atk|1
|-boost|p1a: Zygarde|spe|1
|
|turn|19
|
|move|p1a: Zygarde|Extreme Speed|p2a: Darmanitan
|-damage|p2a: Darmanitan|0 fnt
|-damage|p1a: Zygarde|108\/357|[from] item: Life Orb
|faint|p2a: Darmanitan
|
|
|switch|p2a: Honchkrow|Honchkrow, F|342\/342
|-damage|p2a: Honchkrow|257\/342|[from] Stealth Rock
|turn|20
|
|move|p1a: Zygarde|Extreme Speed|p2a: Honchkrow
|-damage|p2a: Honchkrow|0 fnt
|-damage|p1a: Zygarde|73\/357|[from] item: Life Orb
|faint|p2a: Honchkrow
|
|
|switch|p2a: Crobat|Crobat, F, shiny|277\/312
|-damage|p2a: Crobat|199\/312|[from] Stealth Rock
|turn|21
|
|move|p1a: Zygarde|Outrage|p2a: Crobat
|-damage|p2a: Crobat|0 fnt
|-damage|p1a: Zygarde|38\/357|[from] item: Life Orb
|faint|p2a: Crobat
|
|win|dodmen
|raw|Ladder updating...
|raw|dodmen's rating: 1595 &rarr; <strong>1606<\/strong><br \/>(+11 for winning)
|raw|Mikey C's rating: 1411 &rarr; <strong>1401<\/strong><br \/>(-10 for losing)
|leave|Mikey C
|c|★dodmen|gg
|c|★dodmen|o
|player|p2