|join|dodmen
|join|Roberto Esponja
|player|p1|dodmen|171
|player|p2|Roberto Esponja|242
|gametype|singles
|gen|6
|tier|UU
|rated
|rule|Sleep Clause Mod: Limit one foe put to sleep
|rule|Species Clause: Limit one of each Pokémon
|rule|OHKO Clause: OHKO moves are banned
|rule|Moody Clause: Moody is banned
|rule|Evasion Moves Clause: Evasion moves are banned
|rule|Endless Battle Clause: Forcing endless battles is banned
|rule|HP Percentage Mod: HP is shown in percentages
|clearpoke
|poke|p1|Mienshao, F
|poke|p1|Empoleon, F
|poke|p1|Pidgeot, M
|poke|p1|Krookodile, F
|poke|p1|Florges, F
|poke|p1|Zygarde
|poke|p2|Reuniclus, F
|poke|p2|Absol, F
|poke|p2|Vaporeon, M
|poke|p2|Forretress, M
|poke|p2|Arcanine, M
|poke|p2|Snorlax, F
|rule|Swagger Clause: Swagger is banned
|rule|Baton Pass Clause: Limit one Pokémon knowing Baton Pass
|teampreview
|
|start
|switch|p1a: Empoleon|Empoleon, F|361\/361
|switch|p2a: Reuniclus|Reuniclus, F|423\/423
|turn|1
|
|move|p1a: Empoleon|Hydro Pump|p2a: Reuniclus
|-damage|p2a: Reuniclus|207\/423
|move|p2a: Reuniclus|Calm Mind|p2a: Reuniclus
|-boost|p2a: Reuniclus|spa|1
|-boost|p2a: Reuniclus|spd|1
|
|-heal|p2a: Reuniclus|233\/423|[from] item: Leftovers
|turn|2
|
|switch|p1a: Krookodile|Krookodile, F|331\/331
|-ability|p1a: Krookodile|Intimidate|[of] p2a: Reuniclus
|-unboost|p2a: Reuniclus|atk|1
|move|p2a: Reuniclus|Recover|p2a: Reuniclus
|-heal|p2a: Reuniclus|423\/423
|
|turn|3
|
|move|p1a: Krookodile|Knock Off|p2a: Reuniclus
|-supereffective|p2a: Reuniclus
|-damage|p2a: Reuniclus|85\/423
|-enditem|p2a: Reuniclus|Leftovers|[from] move: Knock Off|[of] p1a: Krookodile
|move|p2a: Reuniclus|Recover|p2a: Reuniclus
|-heal|p2a: Reuniclus|297\/423
|
|turn|4
|
|move|p1a: Krookodile|Knock Off|p2a: Reuniclus
|-supereffective|p2a: Reuniclus
|-damage|p2a: Reuniclus|73\/423
|move|p2a: Reuniclus|Recover|p2a: Reuniclus
|-heal|p2a: Reuniclus|285\/423
|
|turn|5
|
|move|p1a: Krookodile|Knock Off|p2a: Reuniclus
|-supereffective|p2a: Reuniclus
|-damage|p2a: Reuniclus|57\/423
|move|p2a: Reuniclus|Focus Blast|p1a: Krookodile
|-supereffective|p1a: Krookodile
|-damage|p1a: Krookodile|0 fnt
|faint|p1a: Krookodile
|
|
|switch|p1a: Mienshao|Mienshao, F|271\/271
|turn|6
|
|move|p1a: Mienshao|U-turn|p2a: Reuniclus
|-supereffective|p2a: Reuniclus
|-damage|p2a: Reuniclus|0 fnt
|faint|p2a: Reuniclus
|
|switch|p1a: Pidgeot|Pidgeot, M|307\/307
|
|
|switch|p2a: Snorlax|Snorlax, F|461\/461
|turn|7
|
|switch|p1a: Mienshao|Mienshao, F|271\/271
|move|p2a: Snorlax|Body Slam|p1a: Mienshao
|-damage|p1a: Mienshao|63\/271
|-status|p1a: Mienshao|par
|
|turn|8
|
|switch|p2a: Arcanine|Arcanine, M|383\/383
|-ability|p2a: Arcanine|Intimidate|[of] p1a: Mienshao
|-unboost|p1a: Mienshao|atk|1
|cant|p1a: Mienshao|par
|
|turn|9
|
|switch|p1a: Empoleon|Empoleon, F|361\/361
|move|p2a: Arcanine|Flare Blitz|p1a: Empoleon
|-damage|p1a: Empoleon|202\/361
|-damage|p2a: Arcanine|331\/383|[from] recoil|[of] p1a: Empoleon
|
|-heal|p2a: Arcanine|354\/383|[from] item: Leftovers
|-heal|p1a: Empoleon|224\/361|[from] item: Leftovers
|turn|10
|
|switch|p2a: Snorlax|Snorlax, F|461\/461
|move|p1a: Empoleon|Stealth Rock|p2a: Snorlax
|-sidestart|p2: Roberto Esponja|move: Stealth Rock
|
|-heal|p1a: Empoleon|246\/361|[from] item: Leftovers
|turn|11
|
|switch|p1a: Mienshao|Mienshao, F|63\/271 par
|move|p2a: Snorlax|Earthquake|p1a: Mienshao
|-damage|p1a: Mienshao|0 fnt
|faint|p1a: Mienshao
|
|
|switch|p1a: Zygarde|Zygarde|357\/357
|-ability|p1a: Zygarde|Aura Break
|turn|12
|
|move|p1a: Zygarde|Earthquake|p2a: Snorlax
|-damage|p2a: Snorlax|243\/461
|-damage|p1a: Zygarde|322\/357|[from] item: Life Orb
|move|p2a: Snorlax|Body Slam|p1a: Zygarde
|-damage|p1a: Zygarde|187\/357
|
|turn|13
|
|switch|p1a: Empoleon|Empoleon, F|246\/361
|move|p2a: Snorlax|Body Slam|p1a: Empoleon
|-resisted|p1a: Empoleon
|-damage|p1a: Empoleon|169\/361
|-status|p1a: Empoleon|par
|
|-heal|p1a: Empoleon|191\/361 par|[from] item: Leftovers
|turn|14
|
|move|p2a: Snorlax|Earthquake|p1a: Empoleon
|-supereffective|p1a: Empoleon
|-damage|p1a: Empoleon|0 fnt
|faint|p1a: Empoleon
|
|
|switch|p1a: Pidgeot|Pidgeot, M|307\/307
|turn|15
|
|detailschange|p1a: Pidgeot|Pidgeot-Mega, M
|-mega|p1a: Pidgeot|Pidgeot|Pidgeotite
|move|p1a: Pidgeot|Hurricane|p2a: Snorlax
|-damage|p2a: Snorlax|111\/461
|-start|p2a: Snorlax|confusion
|-activate|p2a: Snorlax|confusion
|move|p2a: Snorlax|Body Slam|p1a: Pidgeot
|-damage|p1a: Pidgeot|124\/307
|-status|p1a: Pidgeot|par
|
|turn|16
|
|switch|p1a: Florges|Florges, F|357\/357
|-end|p2a: Snorlax|confusion
|move|p2a: Snorlax|Body Slam|p1a: Florges
|-damage|p1a: Florges|222\/357
|
|-heal|p1a: Florges|244\/357|[from] item: Leftovers
|turn|17
|
|switch|p2a: Forretress|Forretress, M|354\/354
|-damage|p2a: Forretress|310\/354|[from] Stealth Rock
|move|p1a: Florges|Moonblast|p2a: Forretress
|-resisted|p2a: Forretress
|-damage|p2a: Forretress|211\/354
|
|-heal|p1a: Florges|266\/357|[from] item: Leftovers
|-heal|p2a: Forretress|233\/354|[from] item: Leftovers
|turn|18
|
|move|p1a: Florges|Moonblast|p2a: Forretress
|-resisted|p2a: Forretress
|-damage|p2a: Forretress|137\/354
|move|p2a: Forretress|Rapid Spin|p1a: Florges
|-damage|p1a: Florges|253\/357
|-sideend|p2: Roberto Esponja|Stealth Rock|[from] move: Rapid Spin|[of] p2a: Forretress
|
|-heal|p1a: Florges|275\/357|[from] item: Leftovers
|-heal|p2a: Forretress|159\/354|[from] item: Leftovers
|turn|19
|
|move|p1a: Florges|Aromatherapy|p1a: Florges
|-cureteam|p1a: Florges|[from] move: Aromatherapy
|move|p2a: Forretress|Gyro Ball|p1a: Florges
|-supereffective|p1a: Florges
|-damage|p1a: Florges|147\/357
|
|-heal|p1a: Florges|169\/357|[from] item: Leftovers
|-heal|p2a: Forretress|181\/354|[from] item: Leftovers
|turn|20
|
|move|p1a: Florges|Synthesis|p1a: Florges
|-heal|p1a: Florges|347\/357
|move|p2a: Forretress|Volt Switch|p1a: Florges
|-damage|p1a: Florges|320\/357
|
|switch|p2a: Arcanine|Arcanine, M|354\/383
|-ability|p2a: Arcanine|Intimidate|[of] p1a: Florges
|-unboost|p1a: Florges|atk|1
|
|-heal|p2a: Arcanine|377\/383|[from] item: Leftovers
|-heal|p1a: Florges|342\/357|[from] item: Leftovers
|turn|21
|
|move|p2a: Arcanine|Flare Blitz|p1a: Florges
|-damage|p1a: Florges|213\/357
|-damage|p2a: Arcanine|334\/383|[from] recoil|[of] p1a: Florges
|move|p1a: Florges|Calm Mind|p1a: Florges
|-boost|p1a: Florges|spa|1
|-boost|p1a: Florges|spd|1
|
|-heal|p2a: Arcanine|357\/383|[from] item: Leftovers
|-heal|p1a: Florges|235\/357|[from] item: Leftovers
|turn|22
|
|move|p2a: Arcanine|Toxic|p1a: Florges
|-status|p1a: Florges|tox
|move|p1a: Florges|Synthesis|p1a: Florges
|-heal|p1a: Florges|357\/357 tox
|
|-heal|p2a: Arcanine|380\/383|[from] item: Leftovers
|-damage|p1a: Florges|335\/357 tox|[from] psn
|turn|23
|
|switch|p1a: Zygarde|Zygarde|187\/357
|-ability|p1a: Zygarde|Aura Break
|move|p2a: Arcanine|Flare Blitz|p1a: Zygarde
|-resisted|p1a: Zygarde
|-damage|p1a: Zygarde|121\/357
|-damage|p2a: Arcanine|358\/383|[from] recoil|[of] p1a: Zygarde
|
|-heal|p2a: Arcanine|381\/383|[from] item: Leftovers
|turn|24
|
|switch|p2a: Vaporeon|Vaporeon, M|451\/451
|move|p1a: Zygarde|Dragon Dance|p1a: Zygarde
|-boost|p1a: Zygarde|atk|1
|-boost|p1a: Zygarde|spe|1
|
|turn|25
|
|move|p1a: Zygarde|Earthquake|p2a: Vaporeon
|-damage|p2a: Vaporeon|108\/451
|-damage|p1a: Zygarde|86\/357|[from] item: Life Orb
|move|p2a: Vaporeon|Scald|p1a: Zygarde
|-damage|p1a: Zygarde|0 fnt
|faint|p1a: Zygarde
|
|-heal|p2a: Vaporeon|136\/451|[from] item: Leftovers
|
|switch|p1a: Pidgeot|Pidgeot-Mega, M|124\/307
|turn|26
|
|move|p1a: Pidgeot|Hurricane|p2a: Vaporeon
|-damage|p2a: Vaporeon|0 fnt
|faint|p2a: Vaporeon
|
|
|switch|p2a: Absol|Absol, F|271\/271
|turn|27
|
|detailschange|p2a: Absol|Absol-Mega, F
|-mega|p2a: Absol|Absol|Absolite
|move|p1a: Pidgeot|Substitute|p1a: Pidgeot
|-start|p1a: Pidgeot|Substitute
|-damage|p1a: Pidgeot|48\/307
|move|p2a: Absol|Play Rough|p1a: Pidgeot
|-end|p1a: Pidgeot|Substitute
|
|turn|28
|join|secret kekleon
|
|switch|p1a: Florges|Florges, F|335\/357 tox
|move|p2a: Absol|Sucker Punch|p1a: Florges
|-fail|p1a: Florges
|
|-heal|p1a: Florges|357\/357 tox|[from] item: Leftovers
|-damage|p1a: Florges|335\/357 tox|[from] psn
|turn|29
|leave|secret kekleon
|
|switch|p2a: Forretress|Forretress, M|181\/354
|move|p1a: Florges|Moonblast|p2a: Forretress
|-resisted|p2a: Forretress
|-damage|p2a: Forretress|88\/354
|
|-heal|p1a: Florges|357\/357 tox|[from] item: Leftovers
|-heal|p2a: Forretress|110\/354|[from] item: Leftovers
|-damage|p1a: Florges|313\/357 tox|[from] psn
|turn|30
|
|move|p1a: Florges|Aromatherapy|p1a: Florges
|-cureteam|p1a: Florges|[from] move: Aromatherapy
|move|p2a: Forretress|Stealth Rock|p1a: Florges
|-sidestart|p1: dodmen|move: Stealth Rock
|
|-heal|p1a: Florges|335\/357|[from] item: Leftovers
|-heal|p2a: Forretress|132\/354|[from] item: Leftovers
|turn|31
|
|move|p1a: Florges|Calm Mind|p1a: Florges
|-boost|p1a: Florges|spa|1
|-boost|p1a: Florges|spd|1
|move|p2a: Forretress|Volt Switch|p1a: Florges
|-damage|p1a: Florges|319\/357
|
|switch|p2a: Arcanine|Arcanine, M|381\/383
|-ability|p2a: Arcanine|Intimidate|[of] p1a: Florges
|-unboost|p1a: Florges|atk|1
|
|-heal|p2a: Arcanine|383\/383|[from] item: Leftovers
|-heal|p1a: Florges|341\/357|[from] item: Leftovers
|turn|32
|
|move|p1a: Florges|Calm Mind|p1a: Florges
|-boost|p1a: Florges|spa|1
|-boost|p1a: Florges|spd|1
|move|p2a: Arcanine|Roar|p1a: Florges
|drag|p1a: Pidgeot|Pidgeot-Mega, M|48\/307
|-damage|p1a: Pidgeot|0 fnt|[from] Stealth Rock
|faint|p1a: Pidgeot
|
|
|switch|p1a: Florges|Florges, F|341\/357
|-damage|p1a: Florges|297\/357|[from] Stealth Rock
|turn|33
|
|move|p2a: Arcanine|Toxic|p1a: Florges
|-status|p1a: Florges|tox
|move|p1a: Florges|Calm Mind|p1a: Florges
|-boost|p1a: Florges|spa|1
|-boost|p1a: Florges|spd|1
|
|-heal|p1a: Florges|319\/357 tox|[from] item: Leftovers
|-damage|p1a: Florges|297\/357 tox|[from] psn
|turn|34
|-message|dodmen forfeited.
|leave|dodmen
|
|win|Roberto Esponja
|raw|Ladder updating...
|player|p1
|raw|dodmen's rating: 1598 &rarr; <strong>1568<\/strong><br \/>(-30 for losing)
|raw|Roberto Esponja's rating: 1420 &rarr; <strong>1449<\/strong><br \/>(+29 for winning)