|join|dodmen
|join|Marry Jane
|c|★Marry Jane|sick
|player|p1|dodmen|171
|player|p2|Marry Jane|125
|gametype|singles
|gen|6
|tier|UU
|rule|Sleep Clause Mod: Limit one foe put to sleep
|rule|Species Clause: Limit one of each Pokémon
|rule|OHKO Clause: OHKO moves are banned
|rule|Moody Clause: Moody is banned
|rule|Evasion Moves Clause: Evasion moves are banned
|rule|Endless Battle Clause: Forcing endless battles is banned
|rule|HP Percentage Mod: HP is shown in percentages
|clearpoke
|poke|p1|Abomasnow, F
|poke|p1|Suicune
|poke|p1|Krookodile, M
|poke|p1|Goodra, M
|poke|p1|Crobat, M
|poke|p1|Chandelure, F
|poke|p2|Whimsicott, M
|poke|p2|Gligar, M
|poke|p2|Forretress, M
|poke|p2|Vaporeon, F
|poke|p2|Chandelure, F
|poke|p2|Raikou
|rule|Swagger Clause: Swagger is banned
|rule|Baton Pass Clause: Limit one Pokémon knowing Baton Pass
|teampreview
|join|Mighty Dagon
|join|ldnfldsblb
|c| ldnfldsblb|dodmen
|
|start
|switch|p1a: Chandelure|Chandelure, F|261\/261
|switch|p2a: Whimsicott|Whimsicott, M|261\/261
|turn|1
|
|move|p2a: Whimsicott|U-turn|p1a: Chandelure
|-resisted|p1a: Chandelure
|-damage|p1a: Chandelure|251\/261
|
|switch|p2a: Vaporeon|Vaporeon, F|451\/451
|move|p1a: Chandelure|Shadow Ball|p2a: Vaporeon
|-damage|p2a: Vaporeon|205\/451
|-unboost|p2a: Vaporeon|spd|1
|
|-heal|p2a: Vaporeon|233\/451|[from] item: Leftovers
|turn|2
|join|LiberalLucario
|c|★dodmen|ebin
|c|★Marry Jane|literally
|c| LiberalLucario|is that cb goodra
|c|★Marry Jane|hacking
|c|★Marry Jane|let me go
|c|★Marry Jane|to my ghost resist
|c|★dodmen|ghost is too good
|c|★dodmen|right now at least
|c|★Marry Jane|its
|
|switch|p2a: Raikou|Raikou|321\/321
|-ability|p2a: Raikou|Pressure
|move|p1a: Chandelure|Shadow Ball|p2a: Raikou
|-damage|p2a: Raikou|45\/321
|-unboost|p2a: Raikou|spd|1
|
|-heal|p2a: Raikou|65\/321|[from] item: Leftovers
|turn|3
|c|★Marry Jane|sp00ky
|c|★Marry Jane|oh
|c|★Marry Jane|that
|c|★Marry Jane|is
|c| LiberalLucario|damage.
|c|★Marry Jane|spec
|c|★Marry Jane|s
|c| LiberalLucario|wait
|c| LiberalLucario|did you not expect it to be after damage on vap?
|
|switch|p1a: Goodra|Goodra, M|335\/335
|move|p2a: Raikou|Thunderbolt|p1a: Goodra
|-resisted|p1a: Goodra
|-damage|p1a: Goodra|279\/335
|
|-heal|p2a: Raikou|85\/321|[from] item: Leftovers
|turn|4
|c|★Marry Jane|i thot it was balk
|
|switch|p1a: Chandelure|Chandelure, F|251\/261
|move|p2a: Raikou|Volt Switch|p1a: Chandelure
|-damage|p1a: Chandelure|133\/261
|c|★Marry Jane|fucking
|c|★Marry Jane|got them
|c|★dodmen|awkward
|c|★Marry Jane|coach
|c| LiberalLucario|ri
|c| LiberalLucario|rip
|
|switch|p2a: Gligar|Gligar, M|334\/334
|
|turn|5
|c| ldnfldsblb|dodmen are you gonna watch epic ladder
|c| ldnfldsblb|u fuker
|c|★dodmen|n
|c| ldnfldsblb|u
|
|move|p1a: Chandelure|Shadow Ball|p2a: Gligar
|-damage|p2a: Gligar|87\/334
|move|p2a: Gligar|Earthquake|p1a: Chandelure
|-supereffective|p1a: Chandelure
|-damage|p1a: Chandelure|0 fnt
|faint|p1a: Chandelure
|
|c| ldnfldsblb|told me
|c| ldnfldsblb|to ladder
|c| ldnfldsblb|ure fking impossible
|c|★dodmen|not ubers
|c|★Marry Jane|k3k
|
|switch|p1a: Abomasnow|Abomasnow, F|337\/337
|turn|6
|c| ldnfldsblb|where tf is datlatias
|c|★dodmen|idk
|c|★Marry Jane|idk
|c|★Marry Jane|he was a fag
|c| ldnfldsblb|idk
|c|★Marry Jane|anyways
|
|detailschange|p1a: Abomasnow|Abomasnow-Mega, F
|-mega|p1a: Abomasnow|Abomasnow|Abomasite
|-weather|Hail
|move|p1a: Abomasnow|Ice Shard|p2a: Gligar
|-crit|p2a: Gligar
|-supereffective|p2a: Gligar
|-damage|p2a: Gligar|0 fnt
|faint|p2a: Gligar
|
|-weather|Hail|[upkeep]
|c|★Marry Jane|o
|c|★Marry Jane|ur
|c|★Marry Jane|1
|c|★Marry Jane|cheeky
|c|★Marry Jane|kunt
|c| ldnfldsblb|,,,,,
|c|★Marry Jane|m8
|c| ldnfldsblb|,,,,,,,,,
|join|futurefusion
|
|switch|p2a: Chandelure|Chandelure, F|261\/261
|turn|7
|c|★Marry Jane|somethins gonna die
|
|switch|p1a: Goodra|Goodra, M|279\/335
|move|p2a: Chandelure|Fire Blast|p1a: Goodra
|-resisted|p1a: Goodra
|-damage|p1a: Goodra|166\/335
|
|-weather|Hail|[upkeep]
|-damage|p2a: Chandelure|245\/261|[from] hail
|-damage|p1a: Goodra|146\/335|[from] hail
|turn|8
|c|★Marry Jane|o
|c|★dodmen|>died
|c|★Marry Jane|awk
|c| Mighty Dagon|nb dmg
|join|Alldaalts
|c|★Marry Jane|is tht
|c|★Marry Jane|band
|c| ldnfldsblb|crt
|c|★Marry Jane|or av
|c| ldnfldsblb|its band
|c| ldnfldsblb|ure just week
|c| ldnfldsblb|af
|c|★Marry Jane|o
|
|switch|p2a: Forretress|Forretress, M|354\/354
|move|p1a: Goodra|Earthquake|p2a: Forretress
|-damage|p2a: Forretress|259\/354
|
|-weather|Hail|[upkeep]
|-damage|p1a: Goodra|126\/335|[from] hail
|-damage|p2a: Forretress|237\/354|[from] hail
|-heal|p2a: Forretress|259\/354|[from] item: Leftovers
|turn|9
|c| ldnfldsblb|where tf is datlatias
|c|★dodmen|damage
|c|★Marry Jane|xd
|c| Mighty Dagon|reveal fire blast rn
|
|switch|p2a: Chandelure|Chandelure, F|245\/261
|move|p1a: Goodra|Earthquake|p2a: Chandelure
|-supereffective|p2a: Chandelure
|-damage|p2a: Chandelure|0 fnt
|faint|p2a: Chandelure
|
|-weather|Hail|[upkeep]
|-damage|p1a: Goodra|106\/335|[from] hail
|c|★Marry Jane|o
|c| Mighty Dagon|lol
|c|★Marry Jane|thats
|c|★dodmen|!
|c|★Marry Jane|awkward
|c|★Marry Jane|that
|c|★Marry Jane|you
|c|★Marry Jane|did
|c|★Marry Jane|that
|
|switch|p2a: Whimsicott|Whimsicott, M|261\/261
|turn|10
|
|switch|p1a: Crobat|Crobat, M|343\/343
|move|p2a: Whimsicott|Psychic|p1a: Crobat
|-supereffective|p1a: Crobat
|-damage|p1a: Crobat|79\/343
|-unboost|p1a: Crobat|spd|1
|
|-weather|none
|-heal|p1a: Crobat|100\/343|[from] item: Black Sludge
|turn|11
|c|★Marry Jane|bonk
|c|★dodmen|nb
|c|+SmashBrosBrawl|gotcha
|c|★Marry Jane|bolk
|c| Mighty Dagon|o
|c|★Marry Jane|BONK
|c|+SmashBrosBrawl|got
|c|+SmashBrosBrawl|cha
|c|+SmashBrosBrawl|scarf whimsi
|
|move|p1a: Crobat|Brave Bird|p2a: Whimsicott
|-supereffective|p2a: Whimsicott
|-damage|p2a: Whimsicott|0 fnt
|-damage|p1a: Crobat|14\/343|[from] recoil|[of] p2a: Whimsicott
|faint|p2a: Whimsicott
|
|-heal|p1a: Crobat|35\/343|[from] item: Black Sludge
|c|+SmashBrosBrawl|inc
|c|★Marry Jane|SHIT
|c|★Marry Jane|shi
|c|★Marry Jane|rip
|c| LiberalLucario|gotem
|c|★dodmen|coach
|
|switch|p2a: Raikou|Raikou|85\/321
|-ability|p2a: Raikou|Pressure
|turn|12
|c|★dodmen|shit why did i mega
|join|yuvuj
|
|move|p1a: Crobat|Brave Bird|p2a: Raikou
|-resisted|p2a: Raikou
|-damage|p2a: Raikou|0 fnt
|-damage|p1a: Crobat|7\/343|[from] recoil|[of] p2a: Raikou
|faint|p2a: Raikou
|
|-heal|p1a: Crobat|28\/343|[from] item: Black Sludge
|c|★Marry Jane|were you
|c|★Marry Jane|sound prroof
|c|★Marry Jane|fuck
|c|★Marry Jane|rip
|c|★Marry Jane|u r
|c|★Marry Jane|1
|c|★Marry Jane|cheeky
|c|★Marry Jane|kunt
|c|★Marry Jane|mate
|c|★Marry Jane|i swer
|c| LiberalLucario|^spam
|c| Mighty Dagon|lel
|c|★dodmen|i can't outspeed vape lol
|c|★dodmen|anymore
|
|switch|p2a: Vaporeon|Vaporeon, F|233\/451
|turn|13
|c|★Marry Jane|o
|c|★Marry Jane|im just gonna
|c|★Marry Jane|burn
|c|★dodmen|it's
|c|★dodmen|fine
|c|★Marry Jane|nice and ez
|
|move|p1a: Crobat|Taunt|p2a: Vaporeon
|-start|p2a: Vaporeon|move: Taunt
|move|p2a: Vaporeon|Scald|p1a: Crobat
|-damage|p1a: Crobat|0 fnt
|faint|p1a: Crobat
|
|-heal|p2a: Vaporeon|261\/451|[from] item: Leftovers
|
|switch|p1a: Krookodile|Krookodile, M|331\/331
|-ability|p1a: Krookodile|Intimidate|[of] p2a: Vaporeon
|-unboost|p2a: Vaporeon|atk|1
|turn|14
|
|switch|p2a: Forretress|Forretress, M|259\/354
|move|p1a: Krookodile|Knock Off|p2a: Forretress
|-damage|p2a: Forretress|156\/354
|-enditem|p2a: Forretress|Leftovers|[from] move: Knock Off|[of] p1a: Krookodile
|
|turn|15
|c| Mighty Dagon|more obamasnow imo
|
|move|p1a: Krookodile|Earthquake|p2a: Forretress
|-damage|p2a: Forretress|63\/354
|move|p2a: Forretress|Gyro Ball|p1a: Krookodile
|-damage|p1a: Krookodile|208\/331
|
|turn|16
|
|move|p1a: Krookodile|Stealth Rock|p2a: Forretress
|-sidestart|p2: Marry Jane|move: Stealth Rock
|move|p2a: Forretress|Volt Switch|p1a: Krookodile
|-immune|p1a: Krookodile|[msg]
|
|turn|17
|c|★Marry Jane|oh
|c|★Marry Jane|awkward
|c| Mighty Dagon|nice predict
|
|move|p1a: Krookodile|Earthquake|p2a: Forretress
|-crit|p2a: Forretress
|-damage|p2a: Forretress|0 fnt
|faint|p2a: Forretress
|
|
|switch|p2a: Vaporeon|Vaporeon, F|261\/451
|-damage|p2a: Vaporeon|205\/451|[from] Stealth Rock
|turn|18
|
|move|p2a: Vaporeon|Protect|p2a: Vaporeon
|-singleturn|p2a: Vaporeon|Protect
|move|p1a: Krookodile|Knock Off|p2a: Vaporeon
|-activate|p2a: Vaporeon|Protect
|
|-heal|p2a: Vaporeon|233\/451|[from] item: Leftovers
|turn|19
|
|move|p1a: Krookodile|Knock Off|p2a: Vaporeon
|-damage|p2a: Vaporeon|13\/451
|-enditem|p2a: Vaporeon|Leftovers|[from] move: Knock Off|[of] p1a: Krookodile
|move|p2a: Vaporeon|Wish|p2a: Vaporeon
|
|turn|20
|c| Mighty Dagon|obamasnow rn
|
|move|p2a: Vaporeon|Protect|p2a: Vaporeon
|-singleturn|p2a: Vaporeon|Protect
|move|p1a: Krookodile|Earthquake|p2a: Vaporeon
|-activate|p2a: Vaporeon|Protect
|
|-heal|p2a: Vaporeon|238\/451|[from] move: Wish|[wisher] Vaporeon
|turn|21
|
|move|p1a: Krookodile|Earthquake|p2a: Vaporeon
|-damage|p2a: Vaporeon|60\/451
|move|p2a: Vaporeon|Scald|p1a: Krookodile
|-supereffective|p1a: Krookodile
|-damage|p1a: Krookodile|0 fnt
|faint|p1a: Krookodile
|
|c| Mighty Dagon|:(
|
|switch|p1a: Goodra|Goodra, M|106\/335
|turn|22
|
|move|p1a: Goodra|Outrage|p2a: Vaporeon
|-damage|p2a: Vaporeon|0 fnt
|faint|p2a: Vaporeon
|
|win|dodmen
|c|★Marry Jane|rip
|c|★dodmen|rip