|join|Rapidashite
|join|Mertesacker
|player|p1|Rapidashite|154
|player|p2|Mertesacker|169
|gametype|singles
|gen|6
|tier|OU
|rated
|clearpoke
|poke|p1|Sableye, F
|poke|p1|Excadrill, M
|poke|p1|Manaphy
|poke|p1|Gliscor, F
|poke|p1|Talonflame, F
|poke|p1|Clefable, F
|poke|p2|Sableye, F
|poke|p2|Azumarill, F
|poke|p2|Talonflame, F
|poke|p2|Landorus-Therian, M
|poke|p2|Mamoswine, F
|poke|p2|Rotom-Wash
|rule|Swagger Clause: Swagger is banned
|rule|Baton Pass Clause: Limit one Pokémon knowing Baton Pass
|rule|Sleep Clause Mod: Limit one foe put to sleep
|rule|Species Clause: Limit one of each Pokémon
|rule|OHKO Clause: OHKO moves are banned
|rule|Moody Clause: Moody is banned
|rule|Evasion Moves Clause: Evasion moves are banned
|rule|Endless Battle Clause: Forcing endless battles is banned
|rule|HP Percentage Mod: HP is shown in percentages
|teampreview
|
|start
|switch|p1a: Sebastian|Sableye, F|303\/303
|switch|p2a: Rotom-Wash|Rotom-Wash|303\/303
|turn|1
|
|detailschange|p1a: Sebastian|Sableye-Mega, F
|-mega|p1a: Sebastian|Sableye|Sablenite
|move|p1a: Sebastian|Will-O-Wisp|p2a: Rotom-Wash
|-status|p2a: Rotom-Wash|brn
|move|p2a: Rotom-Wash|Volt Switch|p1a: Sebastian
|-damage|p1a: Sebastian|245\/303
|
|switch|p2a: Talonflame|Talonflame, F|360\/360
|
|turn|2
|
|move|p2a: Talonflame|Swords Dance|p2a: Talonflame
|-boost|p2a: Talonflame|atk|2
|move|p1a: Sebastian|Foul Play|p2a: Talonflame
|-damage|p2a: Talonflame|30\/360
|
|-heal|p2a: Talonflame|52\/360|[from] item: Leftovers
|turn|3
|
|move|p2a: Talonflame|Brave Bird|p1a: Sebastian
|-crit|p1a: Sebastian
|-damage|p1a: Sebastian|0 fnt
|-damage|p2a: Talonflame|0 fnt|[from] recoil|[of] p1a: Sebastian
|faint|p1a: Sebastian
|faint|p2a: Talonflame
|
|
|switch|p1a: Maurice|Gliscor, F|353\/353
|switch|p2a: Rotom-Wash|Rotom-Wash|303\/303 brn
|turn|4
|
|switch|p1a: Gertrude|Manaphy|401\/401
|move|p2a: Rotom-Wash|Hydro Pump|p1a: Gertrude
|-resisted|p1a: Gertrude
|-damage|p1a: Gertrude|352\/401
|
|-heal|p1a: Gertrude|377\/401|[from] item: Leftovers
|-damage|p2a: Rotom-Wash|266\/303 brn|[from] brn
|turn|5
|
|move|p1a: Gertrude|Rain Dance|p1a: Gertrude
|-weather|RainDance
|move|p2a: Rotom-Wash|Volt Switch|p1a: Gertrude
|-supereffective|p1a: Gertrude
|-damage|p1a: Gertrude|255\/401
|
|switch|p2a: Azumarill|Azumarill, F|403\/403
|
|-weather|RainDance|[upkeep]
|-heal|p1a: Gertrude|280\/401|[from] item: Leftovers
|turn|6
|
|move|p1a: Gertrude|Scald|p2a: Azumarill
|-resisted|p2a: Azumarill
|-damage|p2a: Azumarill|347\/403
|-status|p2a: Azumarill|brn
|move|p2a: Azumarill|Play Rough|p1a: Gertrude
|-damage|p1a: Gertrude|174\/401
|
|-weather|RainDance|[upkeep]
|-heal|p1a: Gertrude|199\/401|[from] item: Leftovers
|-damage|p2a: Azumarill|297\/403 brn|[from] brn
|turn|7
|
|switch|p2a: Rotom-Wash|Rotom-Wash|266\/303 brn
|move|p1a: Gertrude|Rest|p1a: Gertrude
|-status|p1a: Gertrude|slp
|-heal|p1a: Gertrude|401\/401 slp|[silent]
|-status|p1a: Gertrude|slp|[from] move: Rest
|
|-weather|RainDance|[upkeep]
|-curestatus|p1a: Gertrude|slp
|-damage|p2a: Rotom-Wash|229\/303 brn|[from] brn
|turn|8
|
|move|p1a: Gertrude|U-turn|p2a: Rotom-Wash
|-crit|p2a: Rotom-Wash
|-damage|p2a: Rotom-Wash|160\/303 brn
|
|switch|p1a: Douglas|Excadrill, M|424\/424
|-ability|p1a: Douglas|Mold Breaker
|move|p2a: Rotom-Wash|Volt Switch|p1a: Douglas
|-immune|p1a: Douglas|[msg]
|
|-weather|RainDance|[upkeep]
|-damage|p2a: Rotom-Wash|123\/303 brn|[from] brn
|turn|9
|
|switch|p2a: Landorus-Therian|Landorus-Therian, M|319\/319
|-ability|p2a: Landorus-Therian|Intimidate|[of] p1a: Douglas
|-unboost|p1a: Douglas|atk|1
|move|p1a: Douglas|Toxic|p2a: Landorus-Therian
|-status|p2a: Landorus-Therian|tox
|
|-weather|none
|-damage|p2a: Landorus-Therian|300\/319 tox|[from] psn
|turn|10
|
|move|p2a: Landorus-Therian|Knock Off|p1a: Douglas
|-damage|p1a: Douglas|248\/424
|-enditem|p1a: Douglas|Leftovers|[from] move: Knock Off|[of] p2a: Landorus-Therian
|move|p1a: Douglas|Iron Head|p2a: Landorus-Therian
|-damage|p2a: Landorus-Therian|216\/319 tox
|
|-damage|p2a: Landorus-Therian|178\/319 tox|[from] psn
|turn|11
|
|switch|p2a: Azumarill|Azumarill, F|297\/403 brn
|switch|p1a: Maurice|Gliscor, F|353\/353
|
|-damage|p2a: Azumarill|247\/403 brn|[from] brn
|-status|p1a: Maurice|tox|[from] item: Toxic Orb
|turn|12
|
|move|p1a: Maurice|Taunt|p2a: Azumarill
|-start|p2a: Azumarill|move: Taunt
|move|p2a: Azumarill|Waterfall|p1a: Maurice
|-supereffective|p1a: Maurice
|-damage|p1a: Maurice|249\/353 tox
|
|-heal|p1a: Maurice|293\/353 tox|[from] ability: Poison Heal
|-damage|p2a: Azumarill|197\/403 brn|[from] brn
|turn|13
|
|move|p1a: Maurice|Earthquake|p2a: Azumarill
|-damage|p2a: Azumarill|56\/403 brn
|move|p2a: Azumarill|Waterfall|p1a: Maurice
|-crit|p1a: Maurice
|-supereffective|p1a: Maurice
|-damage|p1a: Maurice|123\/353 tox
|
|-heal|p1a: Maurice|167\/353 tox|[from] ability: Poison Heal
|-damage|p2a: Azumarill|6\/403 brn|[from] brn
|turn|14
|
|switch|p1a: Gertrude|Manaphy|401\/401
|move|p2a: Azumarill|Aqua Jet|p1a: Gertrude
|-resisted|p1a: Gertrude
|-damage|p1a: Gertrude|380\/401
|
|-heal|p1a: Gertrude|401\/401|[from] item: Leftovers
|-damage|p2a: Azumarill|0 fnt|[from] brn
|faint|p2a: Azumarill
|
|switch|p2a: Sableye|Sableye, F|304\/304
|turn|15
|
|detailschange|p2a: Sableye|Sableye-Mega, F
|-mega|p2a: Sableye|Sableye|Sablenite
|move|p2a: Sableye|Calm Mind|p2a: Sableye
|-boost|p2a: Sableye|spa|1
|-boost|p2a: Sableye|spd|1
|move|p1a: Gertrude|Rain Dance|p1a: Gertrude
|-weather|RainDance
|
|-weather|RainDance|[upkeep]
|turn|16
|
|move|p1a: Gertrude|U-turn|p2a: Sableye
|-damage|p2a: Sableye|274\/304
|
|switch|p1a: Clarence|Clefable, F|393\/393
|move|p2a: Sableye|Calm Mind|p2a: Sableye
|-boost|p2a: Sableye|spa|1
|-boost|p2a: Sableye|spd|1
|
|-weather|RainDance|[upkeep]
|turn|17
|c|★Rapidashite|shit
|
|move|p1a: Clarence|Moonblast|p2a: Sableye
|-supereffective|p2a: Sableye
|-damage|p2a: Sableye|88\/304
|-unboost|p2a: Sableye|spa|1
|move|p2a: Sableye|Will-O-Wisp|p1a: Clarence|[miss]
|-miss|p2a: Sableye|p1a: Clarence
|
|-weather|RainDance|[upkeep]
|turn|18
|
|switch|p2a: Rotom-Wash|Rotom-Wash|123\/303 brn
|move|p1a: Clarence|Moonblast|p2a: Rotom-Wash
|-damage|p2a: Rotom-Wash|47\/303 brn
|-unboost|p2a: Rotom-Wash|spa|1
|
|-weather|RainDance|[upkeep]
|-damage|p2a: Rotom-Wash|10\/303 brn|[from] brn
|turn|19
|
|move|p2a: Rotom-Wash|Rest|p2a: Rotom-Wash
|-status|p2a: Rotom-Wash|slp
|-heal|p2a: Rotom-Wash|303\/303 slp|[silent]
|-status|p2a: Rotom-Wash|slp|[from] move: Rest
|-enditem|p2a: Rotom-Wash|Chesto Berry|[eat]
|-curestatus|p2a: Rotom-Wash|slp
|move|p1a: Clarence|Moonblast|p2a: Rotom-Wash
|-damage|p2a: Rotom-Wash|224\/303
|
|-weather|none
|turn|20
|
|move|p2a: Rotom-Wash|Volt Switch|p1a: Clarence
|-damage|p1a: Clarence|309\/393
|
|switch|p2a: Mamoswine|Mamoswine, F|423\/423
|move|p1a: Clarence|Calm Mind|p1a: Clarence
|-boost|p1a: Clarence|spa|1
|-boost|p1a: Clarence|spd|1
|
|-heal|p1a: Clarence|333\/393|[from] item: Leftovers
|turn|21
|
|move|p2a: Mamoswine|Earthquake|p1a: Clarence
|-damage|p1a: Clarence|120\/393
|move|p1a: Clarence|Moonblast|p2a: Mamoswine
|-damage|p2a: Mamoswine|174\/423
|
|-heal|p1a: Clarence|144\/393|[from] item: Leftovers
|turn|22
|
|move|p2a: Mamoswine|Icicle Crash|p1a: Clarence
|-damage|p1a: Clarence|0 fnt
|faint|p1a: Clarence
|
|
|switch|p1a: Gertrude|Manaphy|401\/401
|turn|23
|
|move|p1a: Gertrude|Scald|p2a: Mamoswine
|-supereffective|p2a: Mamoswine
|-damage|p2a: Mamoswine|0 fnt
|faint|p2a: Mamoswine
|
|c|★Mertesacker|i already picked my move
|
|switch|p2a: Rotom-Wash|Rotom-Wash|224\/303
|turn|24
|
|move|p1a: Gertrude|Scald|p2a: Rotom-Wash
|-resisted|p2a: Rotom-Wash
|-damage|p2a: Rotom-Wash|193\/303
|-status|p2a: Rotom-Wash|brn
|move|p2a: Rotom-Wash|Volt Switch|p1a: Gertrude
|-supereffective|p1a: Gertrude
|-damage|p1a: Gertrude|267\/401
|
|switch|p2a: Landorus-Therian|Landorus-Therian, M|178\/319 tox
|-ability|p2a: Landorus-Therian|Intimidate|[of] p1a: Gertrude
|-unboost|p1a: Gertrude|atk|1
|
|-heal|p1a: Gertrude|292\/401|[from] item: Leftovers
|-damage|p2a: Landorus-Therian|159\/319 tox|[from] psn
|turn|25
|
|move|p2a: Landorus-Therian|Earthquake|p1a: Gertrude
|-damage|p1a: Gertrude|111\/401
|move|p1a: Gertrude|Scald|p2a: Landorus-Therian
|-supereffective|p2a: Landorus-Therian
|-damage|p2a: Landorus-Therian|0 fnt
|faint|p2a: Landorus-Therian
|
|-heal|p1a: Gertrude|136\/401|[from] item: Leftovers
|
|switch|p2a: Rotom-Wash|Rotom-Wash|193\/303 brn
|turn|26
|
|switch|p1a: Maurice|Gliscor, F|167\/353 tox
|move|p2a: Rotom-Wash|Volt Switch|p1a: Maurice
|-immune|p1a: Maurice|[msg]
|
|-heal|p1a: Maurice|211\/353 tox|[from] ability: Poison Heal
|-damage|p2a: Rotom-Wash|156\/303 brn|[from] brn
|turn|27
|
|switch|p2a: Sableye|Sableye-Mega, F|88\/304
|move|p1a: Maurice|Stealth Rock|p2a: Sableye
|move|p2a: Sableye|Stealth Rock|p1a: Maurice|[from]Magic Bounce
|-sidestart|p1: Rapidashite|move: Stealth Rock
|
|-heal|p1a: Maurice|255\/353 tox|[from] ability: Poison Heal
|turn|28
|
|move|p1a: Maurice|Earthquake|p2a: Sableye
|-damage|p2a: Sableye|12\/304
|move|p2a: Sableye|Recover|p2a: Sableye
|-heal|p2a: Sableye|164\/304
|
|-heal|p1a: Maurice|299\/353 tox|[from] ability: Poison Heal
|turn|29
|
|move|p1a: Maurice|U-turn|p2a: Sableye
|-damage|p2a: Sableye|131\/304
|
|switch|p1a: Douglas|Excadrill, M|248\/424
|-damage|p1a: Douglas|235\/424|[from] Stealth Rock
|-ability|p1a: Douglas|Mold Breaker
|move|p2a: Sableye|Recover|p2a: Sableye
|-heal|p2a: Sableye|283\/304
|
|turn|30
|
|move|p1a: Douglas|Iron Head|p2a: Sableye
|-damage|p2a: Sableye|211\/304
|move|p2a: Sableye|Will-O-Wisp|p1a: Douglas
|-status|p1a: Douglas|brn
|
|-damage|p1a: Douglas|182\/424 brn|[from] brn
|turn|31
|
|switch|p1a: Hubert|Talonflame, F|345\/345
|-damage|p1a: Hubert|173\/345|[from] Stealth Rock
|move|p2a: Sableye|Calm Mind|p2a: Sableye
|-boost|p2a: Sableye|spa|1
|-boost|p2a: Sableye|spd|1
|
|-heal|p1a: Hubert|194\/345|[from] item: Leftovers
|turn|32
|
|move|p1a: Hubert|Brave Bird|p2a: Sableye
|-damage|p2a: Sableye|100\/304
|-damage|p1a: Hubert|157\/345|[from] recoil|[of] p2a: Sableye
|move|p2a: Sableye|Recover|p2a: Sableye
|-heal|p2a: Sableye|252\/304
|
|-heal|p1a: Hubert|178\/345|[from] item: Leftovers
|turn|33
|
|move|p1a: Hubert|Brave Bird|p2a: Sableye
|-damage|p2a: Sableye|146\/304
|-damage|p1a: Hubert|143\/345|[from] recoil|[of] p2a: Sableye
|move|p2a: Sableye|Recover|p2a: Sableye
|-heal|p2a: Sableye|298\/304
|
|-heal|p1a: Hubert|164\/345|[from] item: Leftovers
|turn|34
|
|move|p1a: Hubert|Brave Bird|p2a: Sableye
|-damage|p2a: Sableye|183\/304
|-damage|p1a: Hubert|126\/345|[from] recoil|[of] p2a: Sableye
|move|p2a: Sableye|Calm Mind|p2a: Sableye
|-boost|p2a: Sableye|spa|1
|-boost|p2a: Sableye|spd|1
|
|-heal|p1a: Hubert|147\/345|[from] item: Leftovers
|turn|35
|
|move|p1a: Hubert|Brave Bird|p2a: Sableye
|-damage|p2a: Sableye|81\/304
|-damage|p1a: Hubert|113\/345|[from] recoil|[of] p2a: Sableye
|move|p2a: Sableye|Recover|p2a: Sableye
|-heal|p2a: Sableye|233\/304
|
|-heal|p1a: Hubert|134\/345|[from] item: Leftovers
|turn|36
|
|switch|p1a: Gertrude|Manaphy|136\/401
|-damage|p1a: Gertrude|86\/401|[from] Stealth Rock
|move|p2a: Sableye|Recover|p2a: Sableye
|-heal|p2a: Sableye|304\/304
|
|-heal|p1a: Gertrude|111\/401|[from] item: Leftovers
|turn|37
|
|move|p1a: Gertrude|Scald|p2a: Sableye
|-damage|p2a: Sableye|264\/304
|-status|p2a: Sableye|brn
|move|p2a: Sableye|Calm Mind|p2a: Sableye
|-boost|p2a: Sableye|spa|1
|-boost|p2a: Sableye|spd|1
|
|-heal|p1a: Gertrude|136\/401|[from] item: Leftovers
|-damage|p2a: Sableye|226\/304 brn|[from] brn
|turn|38
|
|move|p1a: Gertrude|Rain Dance|p1a: Gertrude
|-weather|RainDance
|move|p2a: Sableye|Calm Mind|p2a: Sableye
|-boost|p2a: Sableye|spa|1
|-boost|p2a: Sableye|spd|1
|
|-weather|RainDance|[upkeep]
|-heal|p1a: Gertrude|161\/401|[from] item: Leftovers
|-damage|p2a: Sableye|188\/304 brn|[from] brn
|turn|39
|
|move|p1a: Gertrude|Rest|p1a: Gertrude
|-status|p1a: Gertrude|slp
|-heal|p1a: Gertrude|401\/401 slp|[silent]
|-status|p1a: Gertrude|slp|[from] move: Rest
|move|p2a: Sableye|Recover|p2a: Sableye
|-heal|p2a: Sableye|304\/304 brn
|
|-weather|RainDance|[upkeep]
|-curestatus|p1a: Gertrude|slp
|-damage|p2a: Sableye|266\/304 brn|[from] brn
|turn|40
|
|switch|p1a: Maurice|Gliscor, F|299\/353 tox
|-damage|p1a: Maurice|255\/353 tox|[from] Stealth Rock
|move|p2a: Sableye|Dark Pulse|p1a: Maurice
|-crit|p1a: Maurice
|-damage|p1a: Maurice|0 fnt
|faint|p1a: Maurice
|
|-weather|RainDance|[upkeep]
|-damage|p2a: Sableye|228\/304 brn|[from] brn
|
|switch|p1a: Douglas|Excadrill, M|182\/424 brn
|-damage|p1a: Douglas|169\/424 brn|[from] Stealth Rock
|-ability|p1a: Douglas|Mold Breaker
|turn|41
|
|move|p1a: Douglas|Iron Head|p2a: Sableye
|-damage|p2a: Sableye|191\/304 brn
|move|p2a: Sableye|Recover|p2a: Sableye
|-heal|p2a: Sableye|304\/304 brn
|
|-weather|RainDance|[upkeep]
|-damage|p1a: Douglas|116\/424 brn|[from] brn
|-damage|p2a: Sableye|266\/304 brn|[from] brn
|turn|42
|c|★Rapidashite|why are you recovering, you twat?
|c|★Mertesacker|why don't you just forfeit
|
|move|p1a: Douglas|Rapid Spin|p2a: Sableye
|-immune|p2a: Sableye|[msg]
|move|p2a: Sableye|Dark Pulse|p1a: Douglas
|-damage|p1a: Douglas|0 fnt
|faint|p1a: Douglas
|
|-weather|none
|-damage|p2a: Sableye|228\/304 brn|[from] brn
|c|★Rapidashite|I'll make you wait
|c|★Rapidashite|have a nice one
|leave|Rapidashite
|player|p1
|-message|rapidashite lost due to inactivity.
|
|win|Mertesacker
|raw|Ladder updating...
|raw|Rapidashite's rating: 1484 &rarr; <strong>1457<\/strong><br \/>(-27 for losing)
|raw|Mertesacker's rating: 1365 &rarr; <strong>1392<\/strong><br \/>(+27 for winning)