|join|movie99
|join|Vrille
|player|p1|movie99|290
|player|p2|Vrille|285
|gametype|singles
|gen|6
|tier|OU
|rated
|clearpoke
|poke|p1|Pinsir, M
|poke|p1|Excadrill, M
|poke|p1|Heatran, F
|poke|p1|Azumarill, F
|poke|p1|Rotom-Wash
|poke|p1|Latios, M
|poke|p2|Excadrill, M
|poke|p2|Dragonite, M
|poke|p2|Landorus-Therian, M
|poke|p2|Charizard, M
|poke|p2|Ferrothorn, F
|poke|p2|Keldeo
|rule|Swagger Clause: Swagger is banned
|rule|Baton Pass Clause: Limit one Pokémon knowing Baton Pass
|rule|Sleep Clause Mod: Limit one foe put to sleep
|rule|Species Clause: Limit one of each Pokémon
|rule|OHKO Clause: OHKO moves are banned
|rule|Moody Clause: Moody is banned
|rule|Evasion Moves Clause: Evasion moves are banned
|rule|Endless Battle Clause: Forcing endless battles is banned
|rule|HP Percentage Mod: HP is reported as percentages
|teampreview
|
|start
|switch|p1a: Latios|Latios, M|302\/302
|switch|p2a: Warpaint|Landorus-Therian, M|381\/381
|-ability|p2a: Warpaint|Intimidate|[of] p1a: Latios
|-unboost|p1a: Latios|atk|1
|turn|1
|
|switch|p1a: plushie|Azumarill, F|404\/404
|switch|p2a: BullShit|Ferrothorn, F|352\/352
|
|turn|2
|
|switch|p1a: Heatran|Heatran, F|324\/324
|move|p2a: BullShit|Stealth Rock|p1a: Heatran
|-sidestart|p1: movie99|move: Stealth Rock
|
|turn|3
|
|switch|p2a: Keldeo|Keldeo|322\/322
|move|p1a: Heatran|Stealth Rock|p2a: Keldeo
|-sidestart|p2: Vrille|move: Stealth Rock
|
|turn|4
|
|switch|p1a: plushie|Azumarill, F|404\/404
|-damage|p1a: plushie|354\/404|[from] Stealth Rock
|move|p2a: Keldeo|Secret Sword|p1a: plushie
|-resisted|p1a: plushie
|-damage|p1a: plushie|215\/404
|
|turn|5
|
|switch|p1a: Latios|Latios, M|302\/302
|-damage|p1a: Latios|265\/302|[from] Stealth Rock
|move|p2a: Keldeo|Secret Sword|p1a: Latios
|-resisted|p1a: Latios
|-damage|p1a: Latios|126\/302
|
|turn|6
|
|switch|p2a: Excadrill|Excadrill, M|362\/362
|-damage|p2a: Excadrill|351\/362|[from] Stealth Rock
|-ability|p2a: Excadrill|Mold Breaker
|move|p1a: Latios|Psyshock|p2a: Excadrill
|-resisted|p2a: Excadrill
|-damage|p2a: Excadrill|215\/362
|-damage|p1a: Latios|96\/302|[from] item: Life Orb
|
|turn|7
|
|move|p2a: Excadrill|Earthquake|p1a: Latios
|-damage|p1a: Latios|0 fnt
|faint|p1a: Latios
|
|
|switch|p1a: Pinsir|Pinsir, M|271\/271
|-damage|p1a: Pinsir|204\/271|[from] Stealth Rock
|-ability|p1a: Pinsir|Mold Breaker
|turn|8
|
|switch|p2a: Warpaint|Landorus-Therian, M|381\/381
|-damage|p2a: Warpaint|334\/381|[from] Stealth Rock
|-ability|p2a: Warpaint|Intimidate|[of] p1a: Pinsir
|-unboost|p1a: Pinsir|atk|1
|detailschange|p1a: Pinsir|Pinsir-Mega, M
|message|Pinsir has Mega Evolved into Mega Pinsir!
|move|p1a: Pinsir|Swords Dance|p1a: Pinsir
|-boost|p1a: Pinsir|atk|2
|
|-heal|p2a: Warpaint|357\/381|[from] item: Leftovers
|turn|9
|
|switch|p2a: BullShit|Ferrothorn, F|352\/352
|-damage|p2a: BullShit|330\/352|[from] Stealth Rock
|move|p1a: Pinsir|Return|p2a: BullShit
|-damage|p2a: BullShit|74\/352
|-damage|p1a: Pinsir|171\/271|[from] ability: Iron Barbs|[of] p2a: BullShit
|
|-heal|p2a: BullShit|96\/352|[from] item: Leftovers
|turn|10
|
|move|p1a: Pinsir|Return|p2a: BullShit
|-damage|p2a: BullShit|0 fnt
|-damage|p1a: Pinsir|138\/271|[from] ability: Iron Barbs|[of] p2a: BullShit
|faint|p2a: BullShit
|
|
|switch|p2a: Excadrill|Excadrill, M|215\/362
|-damage|p2a: Excadrill|204\/362|[from] Stealth Rock
|-ability|p2a: Excadrill|Mold Breaker
|turn|11
|
|move|p1a: Pinsir|Quick Attack|p2a: Excadrill
|-resisted|p2a: Excadrill
|-damage|p2a: Excadrill|83\/362
|move|p2a: Excadrill|Rock Slide|p1a: Pinsir
|-supereffective|p1a: Pinsir
|-damage|p1a: Pinsir|0 fnt
|faint|p1a: Pinsir
|
|
|switch|p1a: Exca|Excadrill, M|361\/361
|-damage|p1a: Exca|350\/361|[from] Stealth Rock
|-ability|p1a: Exca|Mold Breaker
|-item|p1a: Exca|Air Balloon
|turn|12
|
|move|p2a: Excadrill|Rock Slide|p1a: Exca
|-resisted|p1a: Exca
|-damage|p1a: Exca|314\/361
|-enditem|p1a: Exca|Air Balloon
|cant|p1a: Exca|flinch
|
|turn|13
|
|switch|p2a: Warpaint|Landorus-Therian, M|357\/381
|-damage|p2a: Warpaint|310\/381|[from] Stealth Rock
|-ability|p2a: Warpaint|Intimidate|[of] p1a: Exca
|-unboost|p1a: Exca|atk|1
|move|p1a: Exca|Rapid Spin|p2a: Warpaint
|-damage|p2a: Warpaint|294\/381
|-sideend|p1: movie99|Stealth Rock|[from] move: Rapid Spin|[of] p1a: Exca
|
|-heal|p2a: Warpaint|317\/381|[from] item: Leftovers
|turn|14
|
|move|p1a: Exca|Rock Slide|p2a: Warpaint
|-damage|p2a: Warpaint|255\/381
|cant|p2a: Warpaint|flinch
|
|-heal|p2a: Warpaint|278\/381|[from] item: Leftovers
|turn|15
|
|move|p1a: Exca|Iron Head|p2a: Warpaint
|-damage|p2a: Warpaint|178\/381
|move|p2a: Warpaint|Rock Polish|p2a: Warpaint
|-boost|p2a: Warpaint|spe|2
|
|-heal|p2a: Warpaint|201\/381|[from] item: Leftovers
|turn|16
|
|switch|p1a: ou|Rotom-Wash|304\/304
|move|p2a: Warpaint|Swords Dance|p2a: Warpaint
|-boost|p2a: Warpaint|atk|2
|
|-heal|p2a: Warpaint|224\/381|[from] item: Leftovers
|turn|17
|
|move|p2a: Warpaint|Stone Edge|p1a: ou
|-damage|p1a: ou|123\/304
|move|p1a: ou|Hydro Pump|p2a: Warpaint
|-supereffective|p2a: Warpaint
|-damage|p2a: Warpaint|0 fnt
|faint|p2a: Warpaint
|
|-heal|p1a: ou|142\/304|[from] item: Leftovers
|
|switch|p2a: Excadrill|Excadrill, M|83\/362
|-damage|p2a: Excadrill|72\/362|[from] Stealth Rock
|-ability|p2a: Excadrill|Mold Breaker
|turn|18
|
|move|p2a: Excadrill|Earthquake|p1a: ou
|-supereffective|p1a: ou
|-damage|p1a: ou|0 fnt
|faint|p1a: ou
|
|
|switch|p1a: plushie|Azumarill, F|215\/404
|turn|19
|
|switch|p2a: Blazevictory|Charizard, M|359\/359
|-damage|p2a: Blazevictory|180\/359|[from] Stealth Rock
|move|p1a: plushie|Play Rough|p2a: Blazevictory
|-resisted|p2a: Blazevictory
|-damage|p2a: Blazevictory|68\/359
|
|turn|20
|
|move|p1a: plushie|Aqua Jet|p2a: Blazevictory
|-supereffective|p2a: Blazevictory
|-damage|p2a: Blazevictory|0 fnt
|faint|p2a: Blazevictory
|
|
|switch|p2a: Dragonite|Dragonite, M|323\/323
|-damage|p2a: Dragonite|243\/323|[from] Stealth Rock
|turn|21
|
|move|p2a: Dragonite|Earthquake|p1a: plushie
|-damage|p1a: plushie|0 fnt
|faint|p1a: plushie
|
|
|switch|p1a: Exca|Excadrill, M|314\/361
|-ability|p1a: Exca|Mold Breaker
|turn|22
|
|move|p1a: Exca|Rock Slide|p2a: Dragonite
|-supereffective|p2a: Dragonite
|-damage|p2a: Dragonite|43\/323
|cant|p2a: Dragonite|flinch
|
|turn|23
|
|move|p1a: Exca|Iron Head|p2a: Dragonite
|-damage|p2a: Dragonite|0 fnt
|faint|p2a: Dragonite
|
|
|switch|p2a: Excadrill|Excadrill, M|72\/362
|-damage|p2a: Excadrill|61\/362|[from] Stealth Rock
|-ability|p2a: Excadrill|Mold Breaker
|turn|24
|
|move|p2a: Excadrill|Earthquake|p1a: Exca
|-supereffective|p1a: Exca
|-damage|p1a: Exca|0 fnt
|faint|p1a: Exca
|
|chat|movie99|gg
|
|switch|p1a: Heatran|Heatran, F|324\/324
|turn|25
|
|move|p2a: Excadrill|Earthquake|p1a: Heatran
|-supereffective|p1a: Heatran
|-damage|p1a: Heatran|0 fnt
|faint|p1a: Heatran
|
|win|Vrille
|raw|Ladder updating...
|raw|movie99's rating: 1599 &rarr; <strong>1581<\/strong><br \/>(-18 for losing)
|raw|Vrille's rating: 1615 &rarr; <strong>1634<\/strong><br \/>(+19 for winning)
|leave|movie99
|player|p1