|join|Vrille
|join|gogeta478
|player|p1|Vrille|268
|player|p2|gogeta478|148
|gametype|singles
|gen|6
|tier|OU
|rated
|clearpoke
|poke|p1|Mew
|poke|p1|Keldeo-Resolute
|poke|p1|Diancie
|poke|p1|Talonflame, F
|poke|p1|Ferrothorn, M
|poke|p1|Landorus-Therian, M
|poke|p2|Gliscor, F, shiny
|poke|p2|Lopunny, F, shiny
|poke|p2|Azumarill, M
|poke|p2|Bisharp, M, shiny
|poke|p2|Magnezone
|poke|p2|Crobat, M
|rule|Swagger Clause: Swagger is banned
|rule|Baton Pass Clause: Limit one Pokémon knowing Baton Pass
|rule|Sleep Clause Mod: Limit one foe put to sleep
|rule|Species Clause: Limit one of each Pokémon
|rule|OHKO Clause: OHKO moves are banned
|rule|Moody Clause: Moody is banned
|rule|Evasion Moves Clause: Evasion moves are banned
|rule|Endless Battle Clause: Forcing endless battles is banned
|rule|HP Percentage Mod: HP is shown in percentages
|teampreview
|
|start
|switch|p1a: Landorus-Therian|Landorus-Therian, M|382\/382
|switch|p2a: y u no blue|Crobat, M|311\/311
|-ability|p1a: Landorus-Therian|Intimidate|[of] p2a: y u no blue
|-unboost|p2a: y u no blue|atk|1
|turn|1
|
|move|p2a: y u no blue|U-turn|p1a: Landorus-Therian
|-resisted|p1a: Landorus-Therian
|-damage|p1a: Landorus-Therian|359\/382
|-damage|p2a: y u no blue|280\/311|[from] item: Life Orb
|
|switch|p2a: Lopunny|Lopunny, F, shiny|271\/271
|move|p1a: Landorus-Therian|Stealth Rock|p2a: Lopunny
|-sidestart|p2: gogeta478|move: Stealth Rock
|
|-heal|p1a: Landorus-Therian|382\/382|[from] item: Leftovers
|turn|2
|
|switch|p1a: Mew|Mew|404\/404
|detailschange|p2a: Lopunny|Lopunny-Mega, F, shiny
|message|Lopunny has Mega Evolved into Mega Lopunny!
|move|p2a: Lopunny|Power-Up Punch|p1a: Mew
|-resisted|p1a: Mew
|-damage|p1a: Mew|368\/404
|-boost|p2a: Lopunny|atk|1
|
|-heal|p1a: Mew|393\/404|[from] item: Leftovers
|turn|3
|
|move|p2a: Lopunny|Return|p1a: Mew
|-damage|p1a: Mew|93\/404
|move|p1a: Mew|Will-O-Wisp|p2a: Lopunny|[miss]
|-miss|p1a: Mew|p2a: Lopunny
|
|-heal|p1a: Mew|118\/404|[from] item: Leftovers
|turn|4
|c|★Vrille|^^
|c|★gogeta478|XD
|
|switch|p1a: Landorus-Therian|Landorus-Therian, M|382\/382
|-ability|p1a: Landorus-Therian|Intimidate|[of] p2a: Lopunny
|-unboost|p2a: Lopunny|atk|1
|move|p2a: Lopunny|Return|p1a: Landorus-Therian
|-damage|p1a: Landorus-Therian|228\/382
|
|-heal|p1a: Landorus-Therian|251\/382|[from] item: Leftovers
|turn|5
|
|move|p2a: Lopunny|Power-Up Punch|p1a: Landorus-Therian
|-resisted|p1a: Landorus-Therian
|-damage|p1a: Landorus-Therian|218\/382
|-boost|p2a: Lopunny|atk|1
|move|p1a: Landorus-Therian|Earthquake|p2a: Lopunny
|-damage|p2a: Lopunny|106\/271
|
|-heal|p1a: Landorus-Therian|241\/382|[from] item: Leftovers
|turn|6
|
|move|p2a: Lopunny|Return|p1a: Landorus-Therian
|-crit|p1a: Landorus-Therian
|-damage|p1a: Landorus-Therian|0 fnt
|faint|p1a: Landorus-Therian
|
|
|switch|p1a: Talonflame|Talonflame, F|359\/359
|turn|7
|
|switch|p2a: magnet blue|Magnezone|281\/281
|-damage|p2a: magnet blue|264\/281|[from] Stealth Rock
|move|p1a: Talonflame|Will-O-Wisp|p2a: magnet blue
|-status|p2a: magnet blue|brn
|
|-heal|p2a: magnet blue|281\/281 brn|[from] item: Leftovers
|-damage|p2a: magnet blue|246\/281 brn|[from] brn
|turn|8
|
|switch|p1a: Diancie|Diancie|275\/275
|move|p2a: magnet blue|Volt Switch|p1a: Diancie
|-crit|p1a: Diancie
|-damage|p1a: Diancie|148\/275
|
|switch|p2a: blue|Gliscor, F, shiny|292\/292
|-damage|p2a: blue|256\/292|[from] Stealth Rock
|
|-status|p2a: blue|tox|[from] item: Toxic Orb
|turn|9
|
|switch|p1a: Mew|Mew|118\/404
|move|p2a: blue|Stealth Rock|p1a: Mew
|-sidestart|p1: Vrille|move: Stealth Rock
|
|-heal|p1a: Mew|143\/404|[from] item: Leftovers
|-heal|p2a: blue|292\/292 tox|[from] ability: Poison Heal
|turn|10
|
|move|p2a: blue|Earthquake|p1a: Mew
|-damage|p1a: Mew|25\/404
|move|p1a: Mew|Soft-Boiled|p1a: Mew
|-heal|p1a: Mew|227\/404
|
|-heal|p1a: Mew|252\/404|[from] item: Leftovers
|turn|11
|
|move|p2a: blue|Earthquake|p1a: Mew
|-crit|p1a: Mew
|-damage|p1a: Mew|80\/404
|move|p1a: Mew|Soft-Boiled|p1a: Mew
|-heal|p1a: Mew|282\/404
|
|-heal|p1a: Mew|307\/404|[from] item: Leftovers
|turn|12
|
|move|p2a: blue|Substitute|p2a: blue
|-start|p2a: blue|Substitute
|-damage|p2a: blue|219\/292 tox
|move|p1a: Mew|Defog|p2a: blue
|-sideend|p2: gogeta478|Stealth Rock|[from] move: Defog|[of] p2a: blue
|-sideend|p1: Vrille|Stealth Rock|[from] move: Defog|[of] p1a: Mew
|
|-heal|p1a: Mew|332\/404|[from] item: Leftovers
|-heal|p2a: blue|255\/292 tox|[from] ability: Poison Heal
|turn|13
|
|move|p2a: blue|Stealth Rock|p1a: Mew
|-sidestart|p1: Vrille|move: Stealth Rock
|move|p1a: Mew|Psychic|p2a: blue
|-end|p2a: blue|Substitute
|
|-heal|p1a: Mew|357\/404|[from] item: Leftovers
|-heal|p2a: blue|291\/292 tox|[from] ability: Poison Heal
|turn|14
|
|switch|p2a: badass blue|Bisharp, M, shiny|271\/271
|move|p1a: Mew|Defog|p2a: badass blue
|-unboost|p2a: badass blue|evasion|1
|-boost|p2a: badass blue|atk|2|[from] ability: Defiant
|-sideend|p1: Vrille|Stealth Rock|[from] move: Defog|[of] p1a: Mew
|
|-heal|p1a: Mew|382\/404|[from] item: Leftovers
|turn|15
|
|move|p1a: Mew|Will-O-Wisp|p2a: badass blue
|-status|p2a: badass blue|brn
|-enditem|p2a: badass blue|Lum Berry|[eat]
|-curestatus|p2a: badass blue|brn
|move|p2a: badass blue|Knock Off|p1a: Mew
|-crit|p1a: Mew
|-supereffective|p1a: Mew
|-damage|p1a: Mew|0 fnt
|-enditem|p1a: Mew|Leftovers|[from] move: Knock Off|[of] p2a: badass blue
|faint|p1a: Mew
|
|
|switch|p1a: Keldeo-Resolute|Keldeo-Resolute|323\/323
|turn|16
|
|switch|p2a: blue|Gliscor, F, shiny|291\/292 tox
|move|p1a: Keldeo-Resolute|Scald|p2a: blue
|-supereffective|p2a: blue
|-damage|p2a: blue|0 fnt
|faint|p2a: blue
|
|
|switch|p2a: bluie|Azumarill, M|404\/404
|turn|17
|
|switch|p2a: magnet blue|Magnezone|246\/281 brn
|move|p1a: Keldeo-Resolute|Scald|p2a: magnet blue
|-damage|p2a: magnet blue|15\/281 brn
|
|-heal|p2a: magnet blue|32\/281 brn|[from] item: Leftovers
|-damage|p2a: magnet blue|0 fnt|[from] brn
|faint|p2a: magnet blue
|
|switch|p2a: y u no blue|Crobat, M|280\/311
|turn|18
|
|switch|p1a: Ferrothorn|Ferrothorn, M|352\/352
|move|p2a: y u no blue|Brave Bird|p1a: Ferrothorn
|-damage|p1a: Ferrothorn|171\/352
|-damage|p2a: y u no blue|242\/311|[from] ability: Iron Barbs|[of] p1a: Ferrothorn
|-damage|p2a: y u no blue|182\/311|[from] recoil|[of] p1a: Ferrothorn
|-damage|p2a: y u no blue|151\/311|[from] item: Life Orb
|
|-heal|p1a: Ferrothorn|193\/352|[from] item: Leftovers
|turn|19
|
|switch|p1a: Diancie|Diancie|148\/275
|move|p2a: y u no blue|Roost|p2a: y u no blue
|-heal|p2a: y u no blue|307\/311
|
|turn|20
|
|detailschange|p1a: Diancie|Diancie-Mega
|message|Diancie has Mega Evolved into Mega Diancie!
|move|p2a: y u no blue|Cross Poison|p1a: Diancie
|-crit|p1a: Diancie
|-damage|p1a: Diancie|0 fnt
|-damage|p2a: y u no blue|276\/311|[from] item: Life Orb
|faint|p1a: Diancie
|
|c|★Vrille|xd
|c|★gogeta478|hehe
|
|switch|p1a: Keldeo-Resolute|Keldeo-Resolute|323\/323
|turn|21
|
|move|p2a: y u no blue|Brave Bird|p1a: Keldeo-Resolute
|-crit|p1a: Keldeo-Resolute
|-supereffective|p1a: Keldeo-Resolute
|-damage|p1a: Keldeo-Resolute|0 fnt
|-damage|p2a: y u no blue|169\/311|[from] recoil|[of] p1a: Keldeo-Resolute
|-damage|p2a: y u no blue|138\/311|[from] item: Life Orb
|faint|p1a: Keldeo-Resolute
|
|
|switch|p1a: Talonflame|Talonflame, F|359\/359
|turn|22
|
|move|p1a: Talonflame|Brave Bird|p2a: y u no blue
|-damage|p2a: y u no blue|0 fnt
|-damage|p1a: Talonflame|313\/359|[from] recoil|[of] p2a: y u no blue
|faint|p2a: y u no blue
|
|
|switch|p2a: bluie|Azumarill, M|404\/404
|turn|23
|
|switch|p2a: Lopunny|Lopunny-Mega, F, shiny|106\/271
|move|p1a: Talonflame|Will-O-Wisp|p2a: Lopunny
|-status|p2a: Lopunny|brn
|
|-damage|p2a: Lopunny|73\/271 brn|[from] brn
|turn|24
|
|move|p2a: Lopunny|High Jump Kick|p1a: Talonflame
|-resisted|p1a: Talonflame
|-damage|p1a: Talonflame|231\/359
|move|p1a: Talonflame|Swords Dance|p1a: Talonflame
|-boost|p1a: Talonflame|atk|2
|
|-damage|p2a: Lopunny|40\/271 brn|[from] brn
|turn|25
|
|move|p2a: Lopunny|Return|p1a: Talonflame
|-damage|p1a: Talonflame|116\/359
|move|p1a: Talonflame|Swords Dance|p1a: Talonflame
|-boost|p1a: Talonflame|atk|2
|
|-damage|p2a: Lopunny|7\/271 brn|[from] brn
|turn|26
|
|move|p1a: Talonflame|Roost|p1a: Talonflame
|-heal|p1a: Talonflame|296\/359
|move|p2a: Lopunny|Return|p1a: Talonflame
|-damage|p1a: Talonflame|163\/359
|
|-damage|p2a: Lopunny|0 fnt|[from] brn
|faint|p2a: Lopunny
|
|switch|p2a: bluie|Azumarill, M|404\/404
|turn|27
|
|move|p1a: Talonflame|Brave Bird|p2a: bluie
|-damage|p2a: bluie|0 fnt
|-damage|p1a: Talonflame|30\/359|[from] recoil|[of] p2a: bluie
|faint|p2a: bluie
|
|
|switch|p2a: badass blue|Bisharp, M, shiny|271\/271
|turn|28
|
|move|p2a: badass blue|Sucker Punch|p1a: Talonflame
|-fail|p1a: Talonflame
|move|p1a: Talonflame|Will-O-Wisp|p2a: badass blue|[miss]
|-miss|p1a: Talonflame|p2a: badass blue
|
|turn|29
|c|★Vrille|-_-
|c|★gogeta478|ikr
|
|move|p1a: Talonflame|Will-O-Wisp|p2a: badass blue
|-status|p2a: badass blue|brn
|move|p2a: badass blue|Knock Off|p1a: Talonflame
|-damage|p1a: Talonflame|0 fnt
|-enditem|p1a: Talonflame|Sharp Beak|[from] move: Knock Off|[of] p2a: badass blue
|faint|p1a: Talonflame
|
|-damage|p2a: badass blue|238\/271 brn|[from] brn
|
|switch|p1a: Ferrothorn|Ferrothorn, M|193\/352
|turn|30
|
|move|p2a: badass blue|Swords Dance|p2a: badass blue
|-boost|p2a: badass blue|atk|2
|move|p1a: Ferrothorn|Leech Seed|p2a: badass blue
|-start|p2a: badass blue|move: Leech Seed
|
|-heal|p1a: Ferrothorn|215\/352|[from] item: Leftovers
|-damage|p2a: badass blue|205\/271 brn|[from] Leech Seed|[of] p1a: Ferrothorn
|-heal|p1a: Ferrothorn|248\/352|[silent]
|-damage|p2a: badass blue|172\/271 brn|[from] brn
|turn|31
|
|move|p2a: badass blue|Swords Dance|p2a: badass blue
|-boost|p2a: badass blue|atk|2
|move|p1a: Ferrothorn|Power Whip|p2a: badass blue
|-resisted|p2a: badass blue
|-damage|p2a: badass blue|103\/271 brn
|
|-heal|p1a: Ferrothorn|270\/352|[from] item: Leftovers
|-damage|p2a: badass blue|70\/271 brn|[from] Leech Seed|[of] p1a: Ferrothorn
|-heal|p1a: Ferrothorn|303\/352|[silent]
|-damage|p2a: badass blue|37\/271 brn|[from] brn
|turn|32
|
|move|p2a: badass blue|Swords Dance|p2a: badass blue
|-boost|p2a: badass blue|atk|2
|move|p1a: Ferrothorn|Gyro Ball|p2a: badass blue
|-resisted|p2a: badass blue
|-damage|p2a: badass blue|0 fnt
|faint|p2a: badass blue
|
|win|Vrille
|raw|Ladder updating...
|c|★gogeta478|damn it
|leave|gogeta478
|player|p2
|raw|Vrille's rating: 1553 &rarr; <strong>1570<\/strong><br \/>(+17 for winning)
|raw|gogeta478's rating: 1501 &rarr; <strong>1484<\/strong><br \/>(-17 for losing)