|join|pyromaniac 963
|join|beardy man
|c|★beardy man|lolol
|c|★pyromaniac 963|lol nb
|player|p1|pyromaniac 963|265
|player|p2|beardy man|1
|gametype|singles
|gen|6
|tier|OU
|rated
|clearpoke
|poke|p1|Talonflame, F
|poke|p1|Mamoswine, F
|poke|p1|Gyarados, M
|poke|p1|Latias, F
|poke|p1|Bisharp, M
|poke|p1|Gengar, F
|poke|p2|Metagross
|poke|p2|Keldeo
|poke|p2|Talonflame, M
|poke|p2|Rotom-Wash
|poke|p2|Landorus-Therian, M
|poke|p2|Latias, F
|rule|Swagger Clause: Swagger is banned
|rule|Baton Pass Clause: Limit one Pokémon knowing Baton Pass
|rule|Sleep Clause Mod: Limit one foe put to sleep
|rule|Species Clause: Limit one of each Pokémon
|rule|OHKO Clause: OHKO moves are banned
|rule|Moody Clause: Moody is banned
|rule|Evasion Moves Clause: Evasion moves are banned
|rule|Endless Battle Clause: Forcing endless battles is banned
|rule|HP Percentage Mod: HP is shown in percentages
|teampreview
|
|start
|switch|p1a: ZadeSwine|Mamoswine, F|361\/361
|switch|p2a: Keldeo|Keldeo|323\/323
|turn|1
|
|move|p2a: Keldeo|Substitute|p2a: Keldeo
|-start|p2a: Keldeo|Substitute
|-damage|p2a: Keldeo|243\/323
|move|p1a: ZadeSwine|Endeavor|p2a: Keldeo
|-immune|p2a: Keldeo|[msg]
|
|-heal|p2a: Keldeo|263\/323|[from] item: Leftovers
|turn|2
|c|★beardy man|endeavor THIS
|
|move|p2a: Keldeo|Scald|p1a: ZadeSwine
|-crit|p1a: ZadeSwine
|-supereffective|p1a: ZadeSwine
|-enditem|p1a: ZadeSwine|Focus Sash
|-damage|p1a: ZadeSwine|1\/361
|move|p1a: ZadeSwine|Stealth Rock|p2a: Keldeo
|-sidestart|p2: beardy man|move: Stealth Rock
|
|-heal|p2a: Keldeo|283\/323|[from] item: Leftovers
|turn|3
|
|switch|p1a: choicescarfebola|Latias, F|299\/299
|move|p2a: Keldeo|Scald|p1a: choicescarfebola
|-resisted|p1a: choicescarfebola
|-damage|p1a: choicescarfebola|238\/299
|
|-heal|p2a: Keldeo|303\/323|[from] item: Leftovers
|turn|4
|
|switch|p2a: Metagross|Metagross|301\/301
|-damage|p2a: Metagross|283\/301|[from] Stealth Rock
|move|p1a: choicescarfebola|Psyshock|p2a: Metagross
|-resisted|p2a: Metagross
|-damage|p2a: Metagross|253\/301
|-damage|p1a: choicescarfebola|209\/299|[from] item: Life Orb
|
|turn|5
|
|detailschange|p2a: Metagross|Metagross-Mega
|-mega|p2a: Metagross|Metagross|Metagrossite
|move|p1a: choicescarfebola|Healing Wish|p1a: choicescarfebola
|faint|p1a: choicescarfebola
|move|p2a: Metagross|Meteor Mash|p1: choicescarfebola|[notarget]
|-notarget
|
|
|switch|p1a: ZadeSwine|Mamoswine, F|1\/361
|-heal|p1a: ZadeSwine|361\/361|[from] move: Healing Wish
|turn|6
|
|switch|p2a: Rotom-Wash|Rotom-Wash|304\/304
|-damage|p2a: Rotom-Wash|266\/304|[from] Stealth Rock
|switch|p1a: KaleCole|Gengar, F|262\/262
|
|-heal|p2a: Rotom-Wash|285\/304|[from] item: Leftovers
|turn|7
|
|move|p1a: KaleCole|Shadow Ball|p2a: Rotom-Wash
|-damage|p2a: Rotom-Wash|143\/304
|move|p2a: Rotom-Wash|Volt Switch|p1a: KaleCole
|-damage|p1a: KaleCole|160\/262
|
|switch|p2a: Talonflame|Talonflame, M|297\/297
|-damage|p2a: Talonflame|149\/297|[from] Stealth Rock
|
|turn|8
|
|move|p2a: Talonflame|Flare Blitz|p1a: KaleCole
|-damage|p1a: KaleCole|0 fnt
|-damage|p2a: Talonflame|96\/297|[from] recoil|[of] p1a: KaleCole
|faint|p1a: KaleCole
|
|
|switch|p1a: Dsupreme1|Gyarados, M|333\/333
|-ability|p1a: Dsupreme1|Intimidate|[of] p2a: Talonflame
|-unboost|p2a: Talonflame|atk|1
|turn|9
|
|switch|p2a: Keldeo|Keldeo|303\/323
|-damage|p2a: Keldeo|283\/323|[from] Stealth Rock
|move|p1a: Dsupreme1|Dragon Dance|p1a: Dsupreme1
|-boost|p1a: Dsupreme1|atk|1
|-boost|p1a: Dsupreme1|spe|1
|
|-heal|p2a: Keldeo|303\/323|[from] item: Leftovers
|turn|10
|
|move|p1a: Dsupreme1|Substitute|p1a: Dsupreme1
|-start|p1a: Dsupreme1|Substitute
|-damage|p1a: Dsupreme1|250\/333
|move|p2a: Keldeo|Scald|p1a: Dsupreme1
|-resisted|p1a: Dsupreme1
|-activate|p1a: Dsupreme1|Substitute|[damage]
|
|-heal|p2a: Keldeo|323\/323|[from] item: Leftovers
|turn|11
|
|move|p1a: Dsupreme1|Waterfall|p2a: Keldeo
|-resisted|p2a: Keldeo
|-damage|p2a: Keldeo|214\/323
|move|p2a: Keldeo|Calm Mind|p2a: Keldeo
|-boost|p2a: Keldeo|spa|1
|-boost|p2a: Keldeo|spd|1
|
|-heal|p2a: Keldeo|234\/323|[from] item: Leftovers
|turn|12
|c|★beardy man|the gets-walled-by-every-other-water-type-in-OU set i see
|
|move|p1a: Dsupreme1|Waterfall|p2a: Keldeo
|-resisted|p2a: Keldeo
|-damage|p2a: Keldeo|119\/323
|move|p2a: Keldeo|Secret Sword|p1a: Dsupreme1
|-resisted|p1a: Dsupreme1
|-end|p1a: Dsupreme1|Substitute
|
|-heal|p2a: Keldeo|139\/323|[from] item: Leftovers
|turn|13
|c|★pyromaniac 963|mega bro :]
|
|move|p1a: Dsupreme1|Waterfall|p2a: Keldeo
|-resisted|p2a: Keldeo
|-damage|p2a: Keldeo|24\/323
|move|p2a: Keldeo|Scald|p1a: Dsupreme1
|-resisted|p1a: Dsupreme1
|-damage|p1a: Dsupreme1|138\/333
|
|-heal|p2a: Keldeo|44\/323|[from] item: Leftovers
|turn|14
|
|move|p1a: Dsupreme1|Waterfall|p2a: Keldeo
|-resisted|p2a: Keldeo
|-damage|p2a: Keldeo|0 fnt
|faint|p2a: Keldeo
|
|
|switch|p2a: Rotom-Wash|Rotom-Wash|143\/304
|-damage|p2a: Rotom-Wash|105\/304|[from] Stealth Rock
|turn|15
|
|detailschange|p1a: Dsupreme1|Gyarados-Mega, M
|-mega|p1a: Dsupreme1|Gyarados|Gyaradosite
|-ability|p1a: Dsupreme1|Mold Breaker
|move|p1a: Dsupreme1|Crunch|p2a: Rotom-Wash
|-crit|p2a: Rotom-Wash
|-damage|p2a: Rotom-Wash|0 fnt
|faint|p2a: Rotom-Wash
|
|c|★beardy man|...
|c|★pyromaniac 963|it didn't matter lol
|
|switch|p2a: Metagross|Metagross-Mega|253\/301
|-damage|p2a: Metagross|235\/301|[from] Stealth Rock
|turn|16
|
|move|p1a: Dsupreme1|Crunch|p2a: Metagross
|-supereffective|p2a: Metagross
|-damage|p2a: Metagross|0 fnt
|faint|p2a: Metagross
|
|
|switch|p2a: Latias|Latias, F|301\/301
|-damage|p2a: Latias|264\/301|[from] Stealth Rock
|turn|17
|
|move|p1a: Dsupreme1|Crunch|p2a: Latias
|-supereffective|p2a: Latias
|-damage|p2a: Latias|0 fnt
|faint|p2a: Latias
|
|
|switch|p2a: Landorus-Therian|Landorus-Therian, M|381\/381
|-damage|p2a: Landorus-Therian|334\/381|[from] Stealth Rock
|-ability|p2a: Landorus-Therian|Intimidate|[of] p1a: Dsupreme1
|-unboost|p1a: Dsupreme1|atk|1
|turn|18
|
|move|p1a: Dsupreme1|Waterfall|p2a: Landorus-Therian
|-supereffective|p2a: Landorus-Therian
|-damage|p2a: Landorus-Therian|64\/381
|move|p2a: Landorus-Therian|Earthquake|p1a: Dsupreme1
|-damage|p1a: Dsupreme1|0 fnt
|faint|p1a: Dsupreme1
|
|-heal|p2a: Landorus-Therian|87\/381|[from] item: Leftovers
|c|★beardy man|why didnt i do this shit earlier
|c|★beardy man|lol
|c|★pyromaniac 963|lol
|
|switch|p1a: ZadeSwine|Mamoswine, F|361\/361
|turn|19
|
|move|p1a: ZadeSwine|Ice Shard|p2a: Landorus-Therian
|-supereffective|p2a: Landorus-Therian
|-damage|p2a: Landorus-Therian|0 fnt
|faint|p2a: Landorus-Therian
|
|
|switch|p2a: Talonflame|Talonflame, M|96\/297
|-damage|p2a: Talonflame|0 fnt|[from] Stealth Rock
|faint|p2a: Talonflame
|
|win|pyromaniac 963
|raw|Ladder updating...
|raw|pyromaniac 963's rating: 1594 &rarr; <strong>1609<\/strong><br \/>(+15 for winning)
|raw|beardy man's rating: 1510 &rarr; <strong>1495<\/strong><br \/>(-15 for losing)
|c|★pyromaniac 963|gg