|join|Nuevotonton123
|join|jerry85
|player|p1|Nuevotonton123|169
|player|p2|jerry85|267
|gametype|singles
|gen|6
|tier|OU
|clearpoke
|poke|p1|Talonflame, M
|poke|p1|Sableye, F
|poke|p1|Scizor, F
|poke|p1|Ferrothorn, M
|poke|p1|Greninja, M
|poke|p1|Espeon, M
|poke|p2|Thundurus, M, shiny
|poke|p2|Bisharp, F, shiny
|poke|p2|Dragonite, F
|poke|p2|Infernape, F
|poke|p2|Metagross, shiny
|poke|p2|Keldeo-Resolute
|rule|Swagger Clause: Swagger is banned
|rule|Baton Pass Clause: Limit one Pokémon knowing Baton Pass
|rule|Sleep Clause Mod: Limit one foe put to sleep
|rule|Species Clause: Limit one of each Pokémon
|rule|OHKO Clause: OHKO moves are banned
|rule|Moody Clause: Moody is banned
|rule|Evasion Moves Clause: Evasion moves are banned
|rule|Endless Battle Clause: Forcing endless battles is banned
|rule|HP Percentage Mod: HP is shown in percentages
|teampreview
|
|start
|switch|p1a: Talonflame|Talonflame, M|298\/298
|switch|p2a: Infernape|Infernape, F|293\/293
|turn|1
|c|★Nuevotonton123|lagazo
|
|move|p1a: Talonflame|Brave Bird|p2a: Infernape
|-supereffective|p2a: Infernape
|-enditem|p2a: Infernape|Focus Sash
|-damage|p2a: Infernape|1\/293
|-damage|p1a: Talonflame|202\/298|[from] recoil|[of] p2a: Infernape
|move|p2a: Infernape|Endeavor|p1a: Talonflame
|-damage|p1a: Talonflame|1\/298
|
|turn|2
|
|move|p1a: Talonflame|Brave Bird|p2a: Infernape
|-supereffective|p2a: Infernape
|-damage|p2a: Infernape|0 fnt
|-damage|p1a: Talonflame|0 fnt|[from] recoil|[of] p2a: Infernape
|faint|p2a: Infernape
|faint|p1a: Talonflame
|
|c|★Nuevotonton123|GG
|c|★jerry85|xd?
|
|switch|p2a: Metagross|Metagross, shiny|301\/301
|switch|p1a: Sableye|Sableye, F|241\/241
|turn|3
|c|★Nuevotonton123|buen turno quiero decir
|c|★jerry85|ah vale
|
|switch|p2a: Keldeo-Resolute|Keldeo-Resolute|323\/323
|move|p1a: Sableye|Will-O-Wisp|p2a: Keldeo-Resolute
|-status|p2a: Keldeo-Resolute|brn
|
|-damage|p2a: Keldeo-Resolute|283\/323 brn|[from] brn
|turn|4
|
|move|p1a: Sableye|Taunt|p2a: Keldeo-Resolute
|-start|p2a: Keldeo-Resolute|move: Taunt
|move|p2a: Keldeo-Resolute|Hydro Pump|p1a: Sableye
|-damage|p1a: Sableye|0 fnt
|faint|p1a: Sableye
|
|-damage|p2a: Keldeo-Resolute|243\/323 brn|[from] brn
|
|switch|p1a: Greninja|Greninja, M|285\/285
|turn|5
|
|move|p1a: Greninja|Grass Knot|p2a: Keldeo-Resolute
|-start|p1a: Greninja|typechange|Grass|[from] Protean
|-supereffective|p2a: Keldeo-Resolute
|-damage|p2a: Keldeo-Resolute|0 fnt
|-damage|p1a: Greninja|257\/285|[from] item: Life Orb
|faint|p2a: Keldeo-Resolute
|
|
|switch|p2a: Dragonite|Dragonite, F|344\/344
|turn|6
|
|move|p1a: Greninja|Ice Beam|p2a: Dragonite
|-start|p1a: Greninja|typechange|Ice|[from] Protean
|-supereffective|p2a: Dragonite
|-damage|p2a: Dragonite|102\/344
|-status|p2a: Dragonite|frz
|-damage|p1a: Greninja|229\/285|[from] item: Life Orb
|cant|p2a: Dragonite|frz
|
|-heal|p2a: Dragonite|123\/344 frz|[from] item: Leftovers
|turn|7
|c|★jerry85|... que hax
|
|cant|p2a: Dragonite|frz
|move|p1a: Greninja|Ice Beam|p2a: Dragonite
|-supereffective|p2a: Dragonite
|-damage|p2a: Dragonite|0 fnt
|-damage|p1a: Greninja|201\/285|[from] item: Life Orb
|faint|p2a: Dragonite
|
|
|switch|p2a: Bisharp|Bisharp, F, shiny|271\/271
|turn|8
|c|★Nuevotonton123|creo que es la primera vez que consigo congelar a alguien con eso xD
|
|switch|p1a: Ferrothorn|Ferrothorn, M|289\/289
|move|p2a: Bisharp|Sucker Punch|p1a: Ferrothorn
|-fail|p1a: Ferrothorn
|
|turn|9
|
|switch|p2a: Metagross|Metagross, shiny|301\/301
|move|p1a: Ferrothorn|Leech Seed|p2a: Metagross|[miss]
|-miss|p1a: Ferrothorn|p2a: Metagross
|
|turn|10
|
|detailschange|p2a: Metagross|Metagross-Mega, shiny
|-mega|p2a: Metagross|Metagross|Metagrossite
|move|p2a: Metagross|Hammer Arm|p1a: Ferrothorn
|-supereffective|p1a: Ferrothorn
|-damage|p1a: Ferrothorn|71\/289
|-damage|p2a: Metagross|264\/301|[from] ability: Iron Barbs|[of] p1a: Ferrothorn
|-damage|p2a: Metagross|214\/301|[from] item: Rocky Helmet|[of] p1a: Ferrothorn
|-unboost|p2a: Metagross|spe|1
|move|p1a: Ferrothorn|Thunder Wave|p2a: Metagross
|-status|p2a: Metagross|par
|
|turn|11
|
|switch|p2a: Bisharp|Bisharp, F, shiny|271\/271
|move|p1a: Ferrothorn|Leech Seed|p2a: Bisharp
|-start|p2a: Bisharp|move: Leech Seed
|
|-damage|p2a: Bisharp|238\/271|[from] Leech Seed|[of] p1a: Ferrothorn
|-heal|p1a: Ferrothorn|104\/289|[silent]
|turn|12
|
|switch|p2a: Thundurus|Thundurus, M, shiny|301\/301
|move|p1a: Ferrothorn|Protect|p1a: Ferrothorn
|-fail|p1a: Ferrothorn
|
|turn|13
|
|move|p2a: Thundurus|Superpower|p1a: Ferrothorn
|-supereffective|p1a: Ferrothorn
|-damage|p1a: Ferrothorn|0 fnt
|-damage|p2a: Thundurus|264\/301|[from] ability: Iron Barbs|[of] p1a: Ferrothorn
|-damage|p2a: Thundurus|214\/301|[from] item: Rocky Helmet|[of] p1a: Ferrothorn
|-unboost|p2a: Thundurus|atk|1
|-unboost|p2a: Thundurus|def|1
|-damage|p2a: Thundurus|184\/301|[from] item: Life Orb
|faint|p1a: Ferrothorn
|
|c|★Nuevotonton123|lag
|
|switch|p1a: Espeon|Espeon, M|271\/271
|turn|14
|
|move|p2a: Thundurus|Thunderbolt|p1a: Espeon
|-damage|p1a: Espeon|118\/271
|-damage|p2a: Thundurus|154\/301|[from] item: Life Orb
|move|p1a: Espeon|Calm Mind|p1a: Espeon
|-boost|p1a: Espeon|spa|1
|-boost|p1a: Espeon|spd|1
|
|turn|15
|
|move|p2a: Thundurus|Thunderbolt|p1a: Espeon
|-damage|p1a: Espeon|11\/271
|-damage|p2a: Thundurus|124\/301|[from] item: Life Orb
|move|p1a: Espeon|Wish|p1a: Espeon
|
|turn|16
|
|move|p2a: Thundurus|Thunderbolt|p1a: Espeon
|-damage|p1a: Espeon|0 fnt
|-damage|p2a: Thundurus|94\/301|[from] item: Life Orb
|faint|p1a: Espeon
|
|
|switch|p1a: Scizor|Scizor, F|281\/281
|turn|17
|
|detailschange|p1a: Scizor|Scizor-Mega, F
|-mega|p1a: Scizor|Scizor|Scizorite
|move|p2a: Thundurus|Thunder Wave|p1a: Scizor
|-status|p1a: Scizor|par
|cant|p1a: Scizor|par
|
|turn|18
|
|move|p2a: Thundurus|Thunderbolt|p1a: Scizor
|-damage|p1a: Scizor|77\/281 par
|-damage|p2a: Thundurus|64\/301|[from] item: Life Orb
|move|p1a: Scizor|Swords Dance|p1a: Scizor
|-boost|p1a: Scizor|atk|2
|
|turn|19
|
|cant|p1a: Scizor|par
|move|p2a: Thundurus|Thunderbolt|p1a: Scizor
|-damage|p1a: Scizor|0 fnt
|-damage|p2a: Thundurus|34\/301|[from] item: Life Orb
|faint|p1a: Scizor
|
|c|★jerry85|hax
|c|★jerry85|sorry xd
|c|★Nuevotonton123|puto hax
|c|★Nuevotonton123|xd
|
|switch|p1a: Greninja|Greninja, M|201\/285
|turn|20
|
|move|p2a: Thundurus|Thunder Wave|p1a: Greninja
|-status|p1a: Greninja|par
|move|p1a: Greninja|Extrasensory|p2a: Thundurus
|-start|p1a: Greninja|typechange|Psychic|[from] Protean
|-damage|p2a: Thundurus|0 fnt
|-damage|p1a: Greninja|173\/285 par|[from] item: Life Orb
|faint|p2a: Thundurus
|
|
|switch|p2a: Bisharp|Bisharp, F, shiny|238\/271
|turn|21
|c|★Nuevotonton123|a  la mierda xd
|c|★jerry85|ggs
|
|move|p2a: Bisharp|Iron Head|p1a: Greninja
|-damage|p1a: Greninja|0 fnt
|-damage|p2a: Bisharp|211\/271|[from] item: Life Orb
|faint|p1a: Greninja
|
|win|jerry85
|leave|Nuevotonton123