|join|jerry85
|join|AnybodyAgrees
|player|p1|jerry85|135
|player|p2|AnybodyAgrees|109
|gametype|singles
|gen|6
|tier|OU
|rated
|clearpoke
|poke|p1|Sableye, M
|poke|p1|Excadrill, M
|poke|p1|Manaphy
|poke|p1|Gliscor, F
|poke|p1|Talonflame, M
|poke|p1|Clefable, M
|poke|p2|Politoed, F
|poke|p2|Swampert, F
|poke|p2|Thundurus, M
|poke|p2|Kingdra, M
|poke|p2|Ferrothorn, M
|poke|p2|Latios, M
|rule|Swagger Clause: Swagger is banned
|rule|Baton Pass Clause: Limit one Pokémon knowing Baton Pass
|rule|Sleep Clause Mod: Limit one foe put to sleep
|rule|Species Clause: Limit one of each Pokémon
|rule|OHKO Clause: OHKO moves are banned
|rule|Moody Clause: Moody is banned
|rule|Evasion Moves Clause: Evasion moves are banned
|rule|Endless Battle Clause: Forcing endless battles is banned
|rule|HP Percentage Mod: HP is shown in percentages
|teampreview
|c|★AnybodyAgrees|never heard of threatstacking stallbreakers...
|leave|jerry85
|player|p1
|join|jerry85
|player|p1|jerry85|135
|teampreview
|
|start
|switch|p1a: Sableye|Sableye, M|303\/303
|switch|p2a: Latios|Latios, M|301\/301
|turn|1
|
|detailschange|p1a: Sableye|Sableye-Mega, M
|-mega|p1a: Sableye|Sableye|Sablenite
|move|p2a: Latios|Psyshock|p1a: Sableye
|-immune|p1a: Sableye|[msg]
|move|p1a: Sableye|Knock Off|p2a: Latios
|-supereffective|p2a: Latios
|-damage|p2a: Latios|61\/301
|-enditem|p2a: Latios|Life Orb|[from] move: Knock Off|[of] p1a: Sableye
|
|turn|2
|
|move|p2a: Latios|Draco Meteor|p1a: Sableye
|-damage|p1a: Sableye|143\/303
|-unboost|p2a: Latios|spa|2
|move|p1a: Sableye|Knock Off|p2a: Latios
|-supereffective|p2a: Latios
|-damage|p2a: Latios|0 fnt
|faint|p2a: Latios
|
|
|switch|p2a: Thundurus|Thundurus, M|299\/299
|turn|3
|
|switch|p1a: Excadrill|Excadrill, M|424\/424
|-ability|p1a: Excadrill|Mold Breaker
|move|p2a: Thundurus|Volt Switch|p1a: Excadrill
|-immune|p1a: Excadrill|[msg]
|
|turn|4
|
|switch|p2a: Politoed|Politoed, F|383\/383
|-weather|RainDance
|switch|p1a: Sableye|Sableye-Mega, M|143\/303
|
|-weather|RainDance|[upkeep]
|turn|5
|
|switch|p2a: Thundurus|Thundurus, M|299\/299
|move|p1a: Sableye|Recover|p1a: Sableye
|-heal|p1a: Sableye|295\/303
|
|-weather|RainDance|[upkeep]
|turn|6
|
|switch|p2a: Swampert|Swampert, F|349\/349
|move|p1a: Sableye|Knock Off|p2a: Swampert
|-damage|p2a: Swampert|280\/349
|
|-weather|RainDance|[upkeep]
|turn|7
|
|detailschange|p2a: Swampert|Swampert-Mega, F
|-mega|p2a: Swampert|Swampert|Swampertite
|move|p2a: Swampert|Waterfall|p1a: Sableye
|-damage|p1a: Sableye|78\/303
|move|p1a: Sableye|Will-O-Wisp|p2a: Swampert
|-status|p2a: Swampert|brn
|
|-weather|RainDance|[upkeep]
|-damage|p2a: Swampert|237\/349 brn|[from] brn
|turn|8
|
|switch|p1a: Manaphy|Manaphy|401\/401
|move|p2a: Swampert|Earthquake|p1a: Manaphy
|-damage|p1a: Manaphy|301\/401
|
|-weather|RainDance|[upkeep]
|-heal|p1a: Manaphy|326\/401|[from] item: Leftovers
|-damage|p2a: Swampert|194\/349 brn|[from] brn
|turn|9
|
|switch|p2a: Thundurus|Thundurus, M|299\/299
|move|p1a: Manaphy|U-turn|p2a: Thundurus
|-resisted|p2a: Thundurus
|-damage|p2a: Thundurus|263\/299
|
|switch|p1a: Sableye|Sableye-Mega, M|78\/303
|
|-weather|RainDance|[upkeep]
|turn|10
|
|move|p2a: Thundurus|Hidden Power|p1a: Sableye
|-damage|p1a: Sableye|23\/303
|-damage|p2a: Thundurus|234\/299|[from] item: Life Orb
|move|p1a: Sableye|Recover|p1a: Sableye
|-heal|p1a: Sableye|175\/303
|
|-weather|RainDance|[upkeep]
|turn|11
|c|★AnybodyAgrees|specially defensive what
|
|move|p2a: Thundurus|Thunder|p1a: Sableye
|-damage|p1a: Sableye|18\/303
|-damage|p2a: Thundurus|205\/299|[from] item: Life Orb
|move|p1a: Sableye|Recover|p1a: Sableye
|-heal|p1a: Sableye|170\/303
|
|-weather|none
|turn|12
|
|switch|p2a: Politoed|Politoed, F|383\/383
|-weather|RainDance
|move|p1a: Sableye|Recover|p1a: Sableye
|-heal|p1a: Sableye|303\/303
|
|-weather|RainDance|[upkeep]
|turn|13
|
|move|p2a: Politoed|Scald|p1a: Sableye
|-damage|p1a: Sableye|215\/303
|move|p1a: Sableye|Will-O-Wisp|p2a: Politoed
|-status|p2a: Politoed|brn
|
|-weather|RainDance|[upkeep]
|-damage|p2a: Politoed|336\/383 brn|[from] brn
|turn|14
|
|switch|p2a: Swampert|Swampert-Mega, F|194\/349 brn
|move|p1a: Sableye|Recover|p1a: Sableye
|-heal|p1a: Sableye|303\/303
|
|-weather|RainDance|[upkeep]
|-damage|p2a: Swampert|151\/349 brn|[from] brn
|turn|15
|
|switch|p1a: Manaphy|Manaphy|326\/401
|move|p2a: Swampert|Waterfall|p1a: Manaphy
|-resisted|p1a: Manaphy
|-damage|p1a: Manaphy|266\/401
|
|-weather|RainDance|[upkeep]
|-heal|p1a: Manaphy|291\/401|[from] item: Leftovers
|-damage|p2a: Swampert|108\/349 brn|[from] brn
|turn|16
|
|move|p2a: Swampert|Waterfall|p1a: Manaphy
|-resisted|p1a: Manaphy
|-damage|p1a: Manaphy|228\/401
|move|p1a: Manaphy|Rest|p1a: Manaphy
|-status|p1a: Manaphy|slp
|-heal|p1a: Manaphy|401\/401 slp|[silent]
|-status|p1a: Manaphy|slp|[from] move: Rest
|
|-weather|RainDance|[upkeep]
|-curestatus|p1a: Manaphy|slp
|-damage|p2a: Swampert|65\/349 brn|[from] brn
|turn|17
|
|move|p2a: Swampert|Earthquake|p1a: Manaphy
|-damage|p1a: Manaphy|289\/401
|move|p1a: Manaphy|Scald|p2a: Swampert
|-damage|p2a: Swampert|0 fnt
|faint|p2a: Swampert
|
|-weather|RainDance|[upkeep]
|-heal|p1a: Manaphy|314\/401|[from] item: Leftovers
|
|switch|p2a: Thundurus|Thundurus, M|205\/299
|turn|18
|
|switch|p2a: Kingdra|Kingdra, M|298\/298
|switch|p1a: Excadrill|Excadrill, M|424\/424
|-ability|p1a: Excadrill|Mold Breaker
|
|-weather|RainDance|[upkeep]
|turn|19
|
|switch|p1a: Manaphy|Manaphy|314\/401
|move|p2a: Kingdra|Hydro Pump|p1a: Manaphy|[miss]
|-miss|p2a: Kingdra|p1a: Manaphy
|
|-weather|none
|-heal|p1a: Manaphy|339\/401|[from] item: Leftovers
|turn|20
|
|switch|p2a: Thundurus|Thundurus, M|205\/299
|move|p1a: Manaphy|Scald|p2a: Thundurus
|-damage|p2a: Thundurus|87\/299
|
|-heal|p1a: Manaphy|364\/401|[from] item: Leftovers
|turn|21
|
|move|p2a: Thundurus|Volt Switch|p1a: Manaphy
|-supereffective|p1a: Manaphy
|-damage|p1a: Manaphy|143\/401
|-damage|p2a: Thundurus|58\/299|[from] item: Life Orb
|
|switch|p2a: Kingdra|Kingdra, M|298\/298
|move|p1a: Manaphy|Scald|p2a: Kingdra
|-resisted|p2a: Kingdra
|-damage|p2a: Kingdra|276\/298
|
|-heal|p1a: Manaphy|168\/401|[from] item: Leftovers
|turn|22
|
|switch|p1a: Clefable|Clefable, M|393\/393
|move|p2a: Kingdra|Draco Meteor|p1a: Clefable
|-immune|p1a: Clefable|[msg]
|
|turn|23
|
|switch|p2a: Politoed|Politoed, F|336\/383 brn
|-weather|RainDance
|move|p1a: Clefable|Moonblast|p2a: Politoed
|-damage|p2a: Politoed|248\/383 brn
|-unboost|p2a: Politoed|spa|1
|
|-weather|RainDance|[upkeep]
|-damage|p2a: Politoed|201\/383 brn|[from] brn
|turn|24
|
|switch|p2a: Kingdra|Kingdra, M|276\/298
|switch|p1a: Manaphy|Manaphy|168\/401
|
|-weather|RainDance|[upkeep]
|-heal|p1a: Manaphy|193\/401|[from] item: Leftovers
|turn|25
|
|move|p2a: Kingdra|Hydro Pump|p1a: Manaphy|[miss]
|-miss|p2a: Kingdra|p1a: Manaphy
|move|p1a: Manaphy|Rest|p1a: Manaphy
|-status|p1a: Manaphy|slp
|-heal|p1a: Manaphy|401\/401 slp|[silent]
|-status|p1a: Manaphy|slp|[from] move: Rest
|
|-weather|RainDance|[upkeep]
|-curestatus|p1a: Manaphy|slp
|turn|26
|-message|AnybodyAgrees forfeited.
|leave|AnybodyAgrees
|
|win|jerry85
|raw|Ladder updating...
|player|p2
|raw|jerry85's rating: 1643 &rarr; <strong>1663<\/strong><br \/>(+20 for winning)
|raw|AnybodyAgrees's rating: 1634 &rarr; <strong>1614<\/strong><br \/>(-20 for losing)