|join|AdiratcuzNegat
|join|Jerry85
|player|p1|AdiratcuzNegat|254
|player|p2|Jerry85|1
|gametype|singles
|gen|6
|tier|OU
|rated
|clearpoke
|poke|p1|Victini
|poke|p1|Landorus-Therian, M
|poke|p1|Clefable, M
|poke|p1|Rotom-Wash
|poke|p1|Metagross
|poke|p1|Latias, F
|poke|p2|Sableye, F
|poke|p2|Chansey, F
|poke|p2|Cresselia, F
|poke|p2|Gothitelle, F
|poke|p2|Skarmory, F
|poke|p2|Quagsire, M
|rule|Swagger Clause: Swagger is banned
|rule|Baton Pass Clause: Limit one Pokémon knowing Baton Pass
|rule|Sleep Clause Mod: Limit one foe put to sleep
|rule|Species Clause: Limit one of each Pokémon
|rule|OHKO Clause: OHKO moves are banned
|rule|Moody Clause: Moody is banned
|rule|Evasion Moves Clause: Evasion moves are banned
|rule|Endless Battle Clause: Forcing endless battles is banned
|rule|HP Percentage Mod: HP is shown in percentages
|teampreview
|
|start
|switch|p1a: Victini|Victini|341\/341
|switch|p2a: Sableye|Sableye, F|303\/303
|turn|1
|
|switch|p2a: Quagsire|Quagsire, M|393\/393
|move|p1a: Victini|V-create|p2a: Quagsire
|-resisted|p2a: Quagsire
|-damage|p2a: Quagsire|232\/393
|-unboost|p1a: Victini|def|1
|-unboost|p1a: Victini|spd|1
|-unboost|p1a: Victini|spe|1
|
|-heal|p2a: Quagsire|256\/393|[from] item: Leftovers
|turn|2
|
|switch|p1a: Landorus-Therian|Landorus-Therian, M|382\/382
|-ability|p1a: Landorus-Therian|Intimidate|[of] p2a: Quagsire
|-unboost|p2a: Quagsire|atk|1
|move|p2a: Quagsire|Recover|p2a: Quagsire
|-heal|p2a: Quagsire|393\/393
|
|turn|3
|
|move|p1a: Landorus-Therian|Stealth Rock|p2a: Quagsire
|-sidestart|p2: Jerry85|move: Stealth Rock
|move|p2a: Quagsire|Scald|p1a: Landorus-Therian
|-supereffective|p1a: Landorus-Therian
|-damage|p1a: Landorus-Therian|212\/382
|
|-heal|p1a: Landorus-Therian|235\/382|[from] item: Leftovers
|turn|4
|
|move|p1a: Landorus-Therian|Knock Off|p2a: Quagsire
|-damage|p2a: Quagsire|308\/393
|-enditem|p2a: Quagsire|Leftovers|[from] move: Knock Off|[of] p1a: Landorus-Therian
|move|p2a: Quagsire|Toxic|p1a: Landorus-Therian
|-status|p1a: Landorus-Therian|tox
|
|-heal|p1a: Landorus-Therian|258\/382 tox|[from] item: Leftovers
|-damage|p1a: Landorus-Therian|235\/382 tox|[from] psn
|turn|5
|
|move|p1a: Landorus-Therian|U-turn|p2a: Quagsire
|-damage|p2a: Quagsire|241\/393
|
|switch|p1a: Rotom-Wash|Rotom-Wash|304\/304
|move|p2a: Quagsire|Toxic|p1a: Rotom-Wash
|-status|p1a: Rotom-Wash|tox
|
|-damage|p1a: Rotom-Wash|285\/304 tox|[from] psn
|turn|6
|
|switch|p2a: Chansey|Chansey, F|703\/703
|-damage|p2a: Chansey|616\/703|[from] Stealth Rock
|move|p1a: Rotom-Wash|Will-O-Wisp|p2a: Chansey|[miss]
|-miss|p1a: Rotom-Wash|p2a: Chansey
|
|-heal|p1a: Rotom-Wash|304\/304 tox|[from] item: Leftovers
|-damage|p1a: Rotom-Wash|266\/304 tox|[from] psn
|turn|7
|
|move|p1a: Rotom-Wash|Volt Switch|p2a: Chansey
|-damage|p2a: Chansey|561\/703
|
|switch|p1a: Metagross|Metagross|357\/357
|move|p2a: Chansey|Seismic Toss|p1a: Metagross
|-damage|p1a: Metagross|257\/357
|
|turn|8
|
|switch|p2a: Skarmory|Skarmory, F|333\/333
|-damage|p2a: Skarmory|292\/333|[from] Stealth Rock
|detailschange|p1a: Metagross|Metagross-Mega
|-mega|p1a: Metagross|Metagross|Metagrossite
|move|p1a: Metagross|Meteor Mash|p2a: Skarmory
|-resisted|p2a: Skarmory
|-damage|p2a: Skarmory|221\/333
|
|turn|9
|
|switch|p1a: Victini|Victini|341\/341
|move|p2a: Skarmory|Defog|p1a: Victini
|-unboost|p1a: Victini|evasion|1
|-sideend|p2: Jerry85|Stealth Rock|[from] move: Defog|[of] p2a: Skarmory
|
|turn|10
|
|switch|p2a: Quagsire|Quagsire, M|241\/393
|move|p1a: Victini|V-create|p2a: Quagsire
|-resisted|p2a: Quagsire
|-damage|p2a: Quagsire|82\/393
|-unboost|p1a: Victini|def|1
|-unboost|p1a: Victini|spd|1
|-unboost|p1a: Victini|spe|1
|
|turn|11
|
|move|p1a: Victini|V-create|p2a: Quagsire
|-resisted|p2a: Quagsire
|-damage|p2a: Quagsire|0 fnt
|-unboost|p1a: Victini|def|1
|-unboost|p1a: Victini|spd|1
|-unboost|p1a: Victini|spe|1
|faint|p2a: Quagsire
|
|
|switch|p2a: Sableye|Sableye, F|303\/303
|turn|12
|
|switch|p1a: Clefable|Clefable, M|394\/394
|detailschange|p2a: Sableye|Sableye-Mega, F
|-mega|p2a: Sableye|Sableye|Sablenite
|move|p2a: Sableye|Snarl|p1a: Clefable
|-resisted|p1a: Clefable
|-damage|p1a: Clefable|361\/394
|-unboost|p1a: Clefable|spa|1
|
|-heal|p1a: Clefable|385\/394|[from] item: Leftovers
|turn|13
|
|switch|p2a: Gothitelle|Gothitelle, F|300\/300
|move|p1a: Clefable|Calm Mind|p1a: Clefable
|-boost|p1a: Clefable|spa|1
|-boost|p1a: Clefable|spd|1
|
|-heal|p1a: Clefable|394\/394|[from] item: Leftovers
|turn|14
|
|move|p2a: Gothitelle|Trick|p1a: Clefable
|-activate|p2a: Gothitelle|move: Trick|[of] p1a: Clefable
|-item|p1a: Clefable|Choice Scarf|[from] move: Trick
|-item|p2a: Gothitelle|Leftovers|[from] move: Trick
|move|p1a: Clefable|Moonblast|p2a: Gothitelle
|-damage|p2a: Gothitelle|194\/300
|
|-heal|p2a: Gothitelle|212\/300|[from] item: Leftovers
|turn|15
|c|★AdiratcuzNegat|i clicked for the switch
|
|move|p2a: Gothitelle|Calm Mind|p2a: Gothitelle
|-boost|p2a: Gothitelle|spa|1
|-boost|p2a: Gothitelle|spd|1
|move|p1a: Clefable|Moonblast|p2a: Gothitelle
|-damage|p2a: Gothitelle|145\/300
|
|-heal|p2a: Gothitelle|163\/300|[from] item: Leftovers
|turn|16
|c|★AdiratcuzNegat|that's awful
|
|move|p2a: Gothitelle|Calm Mind|p2a: Gothitelle
|-boost|p2a: Gothitelle|spa|1
|-boost|p2a: Gothitelle|spd|1
|move|p1a: Clefable|Moonblast|p2a: Gothitelle
|-damage|p2a: Gothitelle|117\/300
|-unboost|p2a: Gothitelle|spa|1
|
|-heal|p2a: Gothitelle|135\/300|[from] item: Leftovers
|turn|17
|
|move|p2a: Gothitelle|Calm Mind|p2a: Gothitelle
|-boost|p2a: Gothitelle|spa|1
|-boost|p2a: Gothitelle|spd|1
|move|p1a: Clefable|Moonblast|p2a: Gothitelle
|-damage|p2a: Gothitelle|95\/300
|-unboost|p2a: Gothitelle|spa|1
|
|-heal|p2a: Gothitelle|113\/300|[from] item: Leftovers
|turn|18
|
|move|p2a: Gothitelle|Rest|p2a: Gothitelle
|-status|p2a: Gothitelle|slp
|-heal|p2a: Gothitelle|300\/300 slp|[silent]
|-status|p2a: Gothitelle|slp|[from] move: Rest
|move|p1a: Clefable|Moonblast|p2a: Gothitelle
|-crit|p2a: Gothitelle
|-damage|p2a: Gothitelle|144\/300 slp
|-unboost|p2a: Gothitelle|spa|1
|
|-heal|p2a: Gothitelle|162\/300 slp|[from] item: Leftovers
|turn|19
|
|cant|p2a: Gothitelle|slp
|move|p1a: Clefable|Moonblast|p2a: Gothitelle
|-damage|p2a: Gothitelle|119\/300 slp
|
|-heal|p2a: Gothitelle|137\/300 slp|[from] item: Leftovers
|turn|20
|
|cant|p2a: Gothitelle|slp
|move|p1a: Clefable|Moonblast|p2a: Gothitelle
|-damage|p2a: Gothitelle|95\/300 slp
|
|-heal|p2a: Gothitelle|113\/300 slp|[from] item: Leftovers
|turn|21
|
|-curestatus|p2a: Gothitelle|slp
|move|p2a: Gothitelle|Rest|p2a: Gothitelle
|-status|p2a: Gothitelle|slp
|-heal|p2a: Gothitelle|300\/300 slp|[silent]
|-status|p2a: Gothitelle|slp|[from] move: Rest
|move|p1a: Clefable|Moonblast|p2a: Gothitelle
|-damage|p2a: Gothitelle|257\/300 slp
|-unboost|p2a: Gothitelle|spa|1
|
|-heal|p2a: Gothitelle|275\/300 slp|[from] item: Leftovers
|turn|22
|
|cant|p2a: Gothitelle|slp
|move|p1a: Clefable|Moonblast|p2a: Gothitelle
|-damage|p2a: Gothitelle|230\/300 slp
|
|-heal|p2a: Gothitelle|248\/300 slp|[from] item: Leftovers
|turn|23
|
|cant|p2a: Gothitelle|slp
|move|p1a: Clefable|Moonblast|p2a: Gothitelle
|-damage|p2a: Gothitelle|205\/300 slp
|
|-heal|p2a: Gothitelle|223\/300 slp|[from] item: Leftovers
|turn|24
|
|-curestatus|p2a: Gothitelle|slp
|move|p2a: Gothitelle|Calm Mind|p2a: Gothitelle
|-boost|p2a: Gothitelle|spa|1
|-boost|p2a: Gothitelle|spd|1
|move|p1a: Clefable|Moonblast|p2a: Gothitelle
|-damage|p2a: Gothitelle|190\/300
|
|-heal|p2a: Gothitelle|208\/300|[from] item: Leftovers
|turn|25
|
|move|p2a: Gothitelle|Calm Mind|p2a: Gothitelle
|-boost|p2a: Gothitelle|spa|1
|-boost|p2a: Gothitelle|spd|1
|move|p1a: Clefable|Moonblast|p2a: Gothitelle
|-damage|p2a: Gothitelle|178\/300
|
|-heal|p2a: Gothitelle|196\/300|[from] item: Leftovers
|turn|26
|
|move|p2a: Gothitelle|Calm Mind|p2a: Gothitelle
|-boost|p2a: Gothitelle|spa|1
|-boost|p2a: Gothitelle|spd|1
|move|p1a: Clefable|Moonblast|p2a: Gothitelle
|-damage|p2a: Gothitelle|169\/300
|-unboost|p2a: Gothitelle|spa|1
|
|-heal|p2a: Gothitelle|187\/300|[from] item: Leftovers
|turn|27
|
|move|p2a: Gothitelle|Psyshock|p1a: Clefable
|-damage|p1a: Clefable|243\/394
|move|p1a: Clefable|Moonblast|p2a: Gothitelle
|-damage|p2a: Gothitelle|163\/300
|
|-heal|p2a: Gothitelle|181\/300|[from] item: Leftovers
|turn|28
|
|move|p2a: Gothitelle|Psyshock|p1a: Clefable
|-damage|p1a: Clefable|113\/394
|move|p1a: Clefable|Moonblast|p2a: Gothitelle
|-damage|p2a: Gothitelle|154\/300
|
|-heal|p2a: Gothitelle|172\/300|[from] item: Leftovers
|turn|29
|
|move|p2a: Gothitelle|Rest|p2a: Gothitelle
|-status|p2a: Gothitelle|slp
|-heal|p2a: Gothitelle|300\/300 slp|[silent]
|-status|p2a: Gothitelle|slp|[from] move: Rest
|move|p1a: Clefable|Moonblast|p2a: Gothitelle
|-damage|p2a: Gothitelle|275\/300 slp
|-unboost|p2a: Gothitelle|spa|1
|
|-heal|p2a: Gothitelle|293\/300 slp|[from] item: Leftovers
|turn|30
|
|cant|p2a: Gothitelle|slp
|move|p1a: Clefable|Moonblast|p2a: Gothitelle
|-damage|p2a: Gothitelle|269\/300 slp
|
|-heal|p2a: Gothitelle|287\/300 slp|[from] item: Leftovers
|turn|31
|
|cant|p2a: Gothitelle|slp
|move|p1a: Clefable|Moonblast|p2a: Gothitelle
|-damage|p2a: Gothitelle|262\/300 slp
|-unboost|p2a: Gothitelle|spa|1
|
|-heal|p2a: Gothitelle|280\/300 slp|[from] item: Leftovers
|turn|32
|
|-curestatus|p2a: Gothitelle|slp
|move|p2a: Gothitelle|Calm Mind|p2a: Gothitelle
|-boost|p2a: Gothitelle|spa|1
|move|p1a: Clefable|Moonblast|p2a: Gothitelle
|-damage|p2a: Gothitelle|256\/300
|
|-heal|p2a: Gothitelle|274\/300|[from] item: Leftovers
|turn|33
|
|move|p2a: Gothitelle|Calm Mind|p2a: Gothitelle
|-boost|p2a: Gothitelle|spa|1
|move|p1a: Clefable|Moonblast|p2a: Gothitelle
|-damage|p2a: Gothitelle|249\/300
|-unboost|p2a: Gothitelle|spa|1
|
|-heal|p2a: Gothitelle|267\/300|[from] item: Leftovers
|turn|34
|
|move|p2a: Gothitelle|Calm Mind|p2a: Gothitelle
|-boost|p2a: Gothitelle|spa|1
|move|p1a: Clefable|Moonblast|p2a: Gothitelle
|-damage|p2a: Gothitelle|243\/300
|
|-heal|p2a: Gothitelle|261\/300|[from] item: Leftovers
|turn|35
|
|move|p2a: Gothitelle|Calm Mind|p2a: Gothitelle
|-boost|p2a: Gothitelle|spa|1
|move|p1a: Clefable|Moonblast|p2a: Gothitelle
|-damage|p2a: Gothitelle|233\/300
|
|-heal|p2a: Gothitelle|251\/300|[from] item: Leftovers
|turn|36
|
|move|p2a: Gothitelle|Calm Mind|p2a: Gothitelle
|-boost|p2a: Gothitelle|spa|1
|move|p1a: Clefable|Moonblast|p2a: Gothitelle
|-damage|p2a: Gothitelle|223\/300
|
|-heal|p2a: Gothitelle|241\/300|[from] item: Leftovers
|turn|37
|
|move|p2a: Gothitelle|Trick|p1a: Clefable
|-activate|p2a: Gothitelle|move: Trick|[of] p1a: Clefable
|-item|p1a: Clefable|Leftovers|[from] move: Trick
|-item|p2a: Gothitelle|Choice Scarf|[from] move: Trick
|move|p1a: Clefable|Moonblast|p2a: Gothitelle
|-damage|p2a: Gothitelle|216\/300
|
|-heal|p1a: Clefable|137\/394|[from] item: Leftovers
|turn|38
|
|move|p2a: Gothitelle|Psyshock|p1a: Clefable
|-damage|p1a: Clefable|0 fnt
|faint|p1a: Clefable
|
|
|switch|p1a: Victini|Victini|341\/341
|turn|39
|
|move|p2a: Gothitelle|Psyshock|p1a: Victini
|-resisted|p1a: Victini
|-damage|p1a: Victini|202\/341
|move|p1a: Victini|V-create|p2a: Gothitelle
|-damage|p2a: Gothitelle|0 fnt
|-unboost|p1a: Victini|def|1
|-unboost|p1a: Victini|spd|1
|-unboost|p1a: Victini|spe|1
|faint|p2a: Gothitelle
|
|
|switch|p2a: Cresselia|Cresselia, F|441\/441
|turn|40
|
|switch|p1a: Latias|Latias, F|321\/321
|move|p2a: Cresselia|Moonlight|p2a: Cresselia
|
|turn|41
|
|move|p1a: Latias|Draco Meteor|p2a: Cresselia|[miss]
|-miss|p1a: Latias|p2a: Cresselia
|move|p2a: Cresselia|Toxic|p1a: Latias
|-status|p1a: Latias|tox
|
|-damage|p1a: Latias|301\/321 tox|[from] psn
|turn|42
|
|move|p1a: Latias|Healing Wish|p1a: Latias
|faint|p1a: Latias
|move|p2a: Cresselia|Skill Swap|p1: Latias|[notarget]
|-notarget
|
|
|switch|p1a: Landorus-Therian|Landorus-Therian, M|235\/382 tox
|-heal|p1a: Landorus-Therian|382\/382|[from] move: Healing Wish
|-ability|p1a: Landorus-Therian|Intimidate|[of] p2a: Cresselia
|-unboost|p2a: Cresselia|atk|1
|turn|43
|
|switch|p2a: Skarmory|Skarmory, F|221\/333
|move|p1a: Landorus-Therian|Knock Off|p2a: Skarmory
|-damage|p2a: Skarmory|163\/333
|-enditem|p2a: Skarmory|Shed Shell|[from] move: Knock Off|[of] p1a: Landorus-Therian
|
|turn|44
|
|move|p1a: Landorus-Therian|U-turn|p2a: Skarmory
|-resisted|p2a: Skarmory
|-damage|p2a: Skarmory|152\/333
|
|switch|p1a: Victini|Victini|202\/341
|move|p2a: Skarmory|Roost|p2a: Skarmory
|-heal|p2a: Skarmory|319\/333
|
|turn|45
|
|move|p1a: Victini|V-create|p2a: Skarmory
|-supereffective|p2a: Skarmory
|-damage|p2a: Skarmory|0 fnt
|-unboost|p1a: Victini|def|1
|-unboost|p1a: Victini|spd|1
|-unboost|p1a: Victini|spe|1
|faint|p2a: Skarmory
|
|-message|Jerry85 forfeited.
|leave|Jerry85
|
|win|AdiratcuzNegat
|raw|Ladder updating...
|player|p2
|raw|AdiratcuzNegat's rating: 1563 &rarr; <strong>1586<\/strong><br \/>(+23 for winning)
|raw|Jerry85's rating: 1618 &rarr; <strong>1595<\/strong><br \/>(-23 for losing)