|join|B-LOPUNNY
|join|jerry85
|player|p1|B-LOPUNNY|76
|player|p2|jerry85|135
|gametype|singles
|gen|6
|tier|OU
|clearpoke
|poke|p1|Altaria, M, shiny
|poke|p1|Breloom, M, shiny
|poke|p1|Slaking, M, shiny
|poke|p1|Exploud, F, shiny
|poke|p1|Swampert, M, shiny
|poke|p1|Weavile, M, shiny
|poke|p2|Sableye, M
|poke|p2|Excadrill, F
|poke|p2|Manaphy
|poke|p2|Gliscor, M
|poke|p2|Talonflame, F
|poke|p2|Clefable, F
|rule|Swagger Clause: Swagger is banned
|rule|Baton Pass Clause: Limit one Pokémon knowing Baton Pass
|rule|Sleep Clause Mod: Limit one foe put to sleep
|rule|Species Clause: Limit one of each Pokémon
|rule|OHKO Clause: OHKO moves are banned
|rule|Moody Clause: Moody is banned
|rule|Evasion Moves Clause: Evasion moves are banned
|rule|Endless Battle Clause: Forcing endless battles is banned
|rule|HP Percentage Mod: HP is shown in percentages
|teampreview
|c|★jerry85|exploud :S
|
|start
|switch|p1a: Slaking|Slaking, M, shiny|504\/504
|switch|p2a: Sableye|Sableye, M|303\/303
|turn|1
|c|★B-LOPUNNY|tu habla espanol
|c|★jerry85|Yeah
|
|detailschange|p2a: Sableye|Sableye-Mega, M
|-mega|p2a: Sableye|Sableye|Sablenite
|move|p1a: Slaking|Sucker Punch|p2a: Sableye
|-fail|p2a: Sableye
|move|p2a: Sableye|Will-O-Wisp|p1a: Slaking
|-status|p1a: Slaking|brn
|
|-damage|p1a: Slaking|441\/504 brn|[from] brn
|turn|2
|
|cant|p1a: Slaking|ability: Truant|Sucker Punch
|move|p2a: Sableye|Knock Off|p1a: Slaking
|-damage|p1a: Slaking|342\/504 brn
|-enditem|p1a: Slaking|Leftovers|[from] move: Knock Off|[of] p2a: Sableye
|
|-damage|p1a: Slaking|279\/504 brn|[from] brn
|turn|3
|c|★B-LOPUNNY|y ingles?
|c|★jerry85|también
|
|switch|p1a: Altaria|Altaria, M, shiny|353\/353
|move|p2a: Sableye|Foul Play|p1a: Altaria
|-damage|p1a: Altaria|275\/353
|
|turn|4
|
|switch|p2a: Clefable|Clefable, F|393\/393
|detailschange|p1a: Altaria|Altaria-Mega, M, shiny
|-mega|p1a: Altaria|Altaria|Altarianite
|move|p1a: Altaria|Hyper Voice|p2a: Clefable
|-damage|p2a: Clefable|231\/393
|
|-heal|p2a: Clefable|255\/393|[from] item: Leftovers
|turn|5
|
|move|p1a: Altaria|Hyper Voice|p2a: Clefable
|-damage|p2a: Clefable|75\/393
|move|p2a: Clefable|Moonlight|p2a: Clefable
|-heal|p2a: Clefable|271\/393
|
|-heal|p2a: Clefable|295\/393|[from] item: Leftovers
|turn|6
|c|★B-LOPUNNY|tu eres bueno
|
|move|p1a: Altaria|Hyper Voice|p2a: Clefable
|-damage|p2a: Clefable|130\/393
|move|p2a: Clefable|Moonblast|p1a: Altaria
|-supereffective|p1a: Altaria
|-damage|p1a: Altaria|63\/353
|
|-heal|p2a: Clefable|154\/393|[from] item: Leftovers
|turn|7
|
|switch|p2a: Excadrill|Excadrill, F|424\/424
|-ability|p2a: Excadrill|Mold Breaker
|move|p1a: Altaria|Hyper Voice|p2a: Excadrill
|-resisted|p2a: Excadrill
|-damage|p2a: Excadrill|331\/424
|
|-heal|p2a: Excadrill|357\/424|[from] item: Leftovers
|turn|8
|
|switch|p2a: Talonflame|Talonflame, F|345\/345
|move|p1a: Altaria|Fire Blast|p2a: Talonflame
|-resisted|p2a: Talonflame
|-damage|p2a: Talonflame|266\/345
|
|-heal|p2a: Talonflame|287\/345|[from] item: Leftovers
|turn|9
|
|switch|p1a: Swampert|Swampert, M, shiny|369\/369
|move|p2a: Talonflame|Brave Bird|p1a: Swampert
|-damage|p1a: Swampert|195\/369
|-damage|p2a: Talonflame|230\/345|[from] recoil|[of] p1a: Swampert
|
|-heal|p2a: Talonflame|251\/345|[from] item: Leftovers
|turn|10
|
|switch|p2a: Manaphy|Manaphy|401\/401
|move|p1a: Swampert|Stealth Rock|p2a: Manaphy
|-sidestart|p2: jerry85|move: Stealth Rock
|
|turn|11
|
|move|p2a: Manaphy|U-turn|p1a: Swampert
|-damage|p1a: Swampert|136\/369
|
|switch|p2a: Gliscor|Gliscor, M|353\/353
|-damage|p2a: Gliscor|309\/353|[from] Stealth Rock
|move|p1a: Swampert|Earthquake|p2a: Gliscor
|-immune|p2a: Gliscor|[msg]
|
|-status|p2a: Gliscor|tox|[from] item: Toxic Orb
|turn|12
|
|move|p2a: Gliscor|Earthquake|p1a: Swampert
|-damage|p1a: Swampert|7\/369
|move|p1a: Swampert|Waterfall|p2a: Gliscor
|-supereffective|p2a: Gliscor
|-damage|p2a: Gliscor|27\/353 tox
|
|-heal|p2a: Gliscor|71\/353 tox|[from] ability: Poison Heal
|turn|13
|
|move|p2a: Gliscor|Earthquake|p1a: Swampert
|-damage|p1a: Swampert|0 fnt
|faint|p1a: Swampert
|
|-heal|p2a: Gliscor|115\/353 tox|[from] ability: Poison Heal
|
|switch|p1a: Weavile|Weavile, M, shiny|282\/282
|-ability|p1a: Weavile|Pressure
|turn|14
|
|switch|p2a: Excadrill|Excadrill, F|357\/424
|-damage|p2a: Excadrill|344\/424|[from] Stealth Rock
|-ability|p2a: Excadrill|Mold Breaker
|move|p1a: Weavile|Ice Shard|p2a: Excadrill
|-damage|p2a: Excadrill|223\/424
|
|-heal|p2a: Excadrill|249\/424|[from] item: Leftovers
|turn|15
|
|move|p1a: Weavile|Ice Punch|p2a: Excadrill
|-damage|p2a: Excadrill|21\/424
|move|p2a: Excadrill|Rapid Spin|p1a: Weavile
|-damage|p1a: Weavile|251\/282
|-sideend|p2: jerry85|Stealth Rock|[from] move: Rapid Spin|[of] p2a: Excadrill
|
|-heal|p2a: Excadrill|47\/424|[from] item: Leftovers
|turn|16
|
|switch|p2a: Manaphy|Manaphy|401\/401
|move|p1a: Weavile|Ice Shard|p2a: Manaphy
|-resisted|p2a: Manaphy
|-damage|p2a: Manaphy|361\/401
|
|-heal|p2a: Manaphy|386\/401|[from] item: Leftovers
|turn|17
|
|move|p1a: Weavile|Knock Off|p2a: Manaphy
|-damage|p2a: Manaphy|181\/401
|-enditem|p2a: Manaphy|Leftovers|[from] move: Knock Off|[of] p1a: Weavile
|move|p2a: Manaphy|Scald|p1a: Weavile
|-damage|p1a: Weavile|142\/282
|-status|p1a: Weavile|brn
|
|-damage|p1a: Weavile|107\/282 brn|[from] brn
|turn|18
|c|★B-LOPUNNY|claro que si
|
|move|p1a: Weavile|Night Slash|p2a: Manaphy
|-damage|p2a: Manaphy|111\/401
|move|p2a: Manaphy|Rain Dance|p2a: Manaphy
|-weather|RainDance
|
|-weather|RainDance|[upkeep]
|-damage|p1a: Weavile|72\/282 brn|[from] brn
|turn|19
|c|★jerry85|sorry xd
|c|★B-LOPUNNY|lol
|
|move|p1a: Weavile|Night Slash|p2a: Manaphy
|-damage|p2a: Manaphy|41\/401
|move|p2a: Manaphy|Rest|p2a: Manaphy
|-status|p2a: Manaphy|slp
|-heal|p2a: Manaphy|401\/401 slp|[silent]
|-status|p2a: Manaphy|slp|[from] move: Rest
|
|-weather|RainDance|[upkeep]
|-curestatus|p2a: Manaphy|slp
|-damage|p1a: Weavile|37\/282 brn|[from] brn
|turn|20
|c|★B-LOPUNNY|I always get hax
|
|switch|p1a: Breloom|Breloom, M, shiny|324\/324
|move|p2a: Manaphy|U-turn|p1a: Breloom
|-damage|p1a: Breloom|261\/324
|
|switch|p2a: Talonflame|Talonflame, F|251\/345
|
|-weather|RainDance|[upkeep]
|-heal|p2a: Talonflame|272\/345|[from] item: Leftovers
|turn|21
|
|move|p2a: Talonflame|Brave Bird|p1a: Breloom
|-supereffective|p1a: Breloom
|-damage|p1a: Breloom|0 fnt
|-damage|p2a: Talonflame|186\/345|[from] recoil|[of] p1a: Breloom
|faint|p1a: Breloom
|
|-weather|RainDance|[upkeep]
|-heal|p2a: Talonflame|207\/345|[from] item: Leftovers
|
|switch|p1a: Exploud|Exploud, F, shiny|412\/412
|turn|22
|
|switch|p2a: Sableye|Sableye-Mega, M|303\/303
|move|p1a: Exploud|Boomburst|p2a: Sableye
|-crit|p2a: Sableye
|-damage|p2a: Sableye|0 fnt
|faint|p2a: Sableye
|
|-weather|none
|
|switch|p2a: Manaphy|Manaphy|401\/401
|turn|23
|
|move|p2a: Manaphy|Scald|p1a: Exploud
|-crit|p1a: Exploud
|-damage|p1a: Exploud|231\/412
|move|p1a: Exploud|Boomburst|p2a: Manaphy
|-damage|p2a: Manaphy|167\/401
|
|turn|24
|c|★B-LOPUNNY|scrappy comin through
|
|move|p2a: Manaphy|Scald|p1a: Exploud
|-damage|p1a: Exploud|119\/412
|move|p1a: Exploud|Boomburst|p2a: Manaphy
|-damage|p2a: Manaphy|0 fnt
|faint|p2a: Manaphy
|
|c|★jerry85|yes
|c|★jerry85|uff
|
|switch|p2a: Talonflame|Talonflame, F|207\/345
|turn|25
|
|move|p2a: Talonflame|Brave Bird|p1a: Exploud
|-damage|p1a: Exploud|0 fnt
|-damage|p2a: Talonflame|168\/345|[from] recoil|[of] p1a: Exploud
|faint|p1a: Exploud
|
|-heal|p2a: Talonflame|189\/345|[from] item: Leftovers
|
|switch|p1a: Slaking|Slaking, M, shiny|279\/504 brn
|turn|26
|
|move|p2a: Talonflame|Roost|p2a: Talonflame
|-heal|p2a: Talonflame|345\/345
|move|p1a: Slaking|Giga Impact|p2a: Talonflame
|-damage|p2a: Talonflame|116\/345
|
|-heal|p2a: Talonflame|137\/345|[from] item: Leftovers
|-damage|p1a: Slaking|216\/504 brn|[from] brn
|turn|27
|
|move|p2a: Talonflame|Roost|p2a: Talonflame
|-heal|p2a: Talonflame|310\/345
|cant|p1a: Slaking|recharge
|
|-heal|p2a: Talonflame|331\/345|[from] item: Leftovers
|-damage|p1a: Slaking|153\/504 brn|[from] brn
|turn|28
|c|★B-LOPUNNY|gg
|c|★jerry85|ggs :)
|
|move|p2a: Talonflame|Brave Bird|p1a: Slaking
|-damage|p1a: Slaking|0 fnt
|-damage|p2a: Talonflame|281\/345|[from] recoil|[of] p1a: Slaking
|faint|p1a: Slaking
|
|-heal|p2a: Talonflame|302\/345|[from] item: Leftovers
|
|switch|p1a: Weavile|Weavile, M, shiny|37\/282 brn
|-ability|p1a: Weavile|Pressure
|turn|29
|
|move|p1a: Weavile|Ice Shard|p2a: Talonflame
|-damage|p2a: Talonflame|248\/345
|move|p2a: Talonflame|Brave Bird|p1a: Weavile
|-damage|p1a: Weavile|0 fnt
|-damage|p2a: Talonflame|236\/345|[from] recoil|[of] p1a: Weavile
|faint|p1a: Weavile
|
|-heal|p2a: Talonflame|257\/345|[from] item: Leftovers
|
|switch|p1a: Altaria|Altaria-Mega, M, shiny|63\/353
|turn|30
|
|move|p2a: Talonflame|Brave Bird|p1a: Altaria
|-crit|p1a: Altaria
|-damage|p1a: Altaria|0 fnt
|-damage|p2a: Talonflame|236\/345|[from] recoil|[of] p1a: Altaria
|faint|p1a: Altaria
|
|win|jerry85