|join|jerry85
|join|ericoporygon
|player|p1|jerry85|267
|player|p2|ericoporygon|50
|gametype|singles
|gen|6
|tier|OU
|rated
|clearpoke
|poke|p1|Thundurus, M, shiny
|poke|p1|Bisharp, F, shiny
|poke|p1|Dragonite, F
|poke|p1|Infernape, F
|poke|p1|Metagross, shiny
|poke|p1|Keldeo-Resolute
|poke|p2|Mightyena, F
|poke|p2|Gourgeist-*, M
|poke|p2|Starmie
|poke|p2|Mamoswine, M
|poke|p2|Charizard, M
|poke|p2|Smeargle, M
|rule|Swagger Clause: Swagger is banned
|rule|Baton Pass Clause: Limit one Pokémon knowing Baton Pass
|rule|Sleep Clause Mod: Limit one foe put to sleep
|rule|Species Clause: Limit one of each Pokémon
|rule|OHKO Clause: OHKO moves are banned
|rule|Moody Clause: Moody is banned
|rule|Evasion Moves Clause: Evasion moves are banned
|rule|Endless Battle Clause: Forcing endless battles is banned
|rule|HP Percentage Mod: HP is shown in percentages
|teampreview
|
|start
|switch|p1a: Infernape|Infernape, F|293\/293
|switch|p2a: Mamoswine|Mamoswine, M|423\/423
|turn|1
|
|move|p1a: Infernape|Stealth Rock|p2a: Mamoswine
|-sidestart|p2: ericoporygon|move: Stealth Rock
|move|p2a: Mamoswine|Earthquake|p1a: Infernape
|-crit|p1a: Infernape
|-supereffective|p1a: Infernape
|-enditem|p1a: Infernape|Focus Sash
|-damage|p1a: Infernape|1\/293
|
|turn|2
|
|move|p2a: Mamoswine|Ice Shard|p1a: Infernape
|-resisted|p1a: Infernape
|-damage|p1a: Infernape|0 fnt
|faint|p1a: Infernape
|
|
|switch|p1a: Keldeo-Resolute|Keldeo-Resolute|323\/323
|turn|3
|
|switch|p2a: Starmie|Starmie|261\/261
|-damage|p2a: Starmie|229\/261|[from] Stealth Rock
|move|p1a: Keldeo-Resolute|Secret Sword|p2a: Starmie
|-resisted|p2a: Starmie
|-damage|p2a: Starmie|109\/261
|
|-heal|p2a: Starmie|125\/261|[from] item: Leftovers
|turn|4
|
|switch|p1a: Bisharp|Bisharp, F, shiny|271\/271
|move|p2a: Starmie|Rapid Spin|p1a: Bisharp
|-resisted|p1a: Bisharp
|-damage|p1a: Bisharp|265\/271
|-sideend|p2: ericoporygon|Stealth Rock|[from] move: Rapid Spin|[of] p2a: Starmie
|
|-heal|p2a: Starmie|141\/261|[from] item: Leftovers
|turn|5
|
|move|p1a: Bisharp|Pursuit|p2a: Starmie|[from]Pursuit
|-supereffective|p2a: Starmie
|-damage|p2a: Starmie|0 fnt
|-damage|p1a: Bisharp|238\/271|[from] item: Life Orb
|faint|p2a: Starmie
|
|
|switch|p2a: Charizard|Charizard, M|359\/359
|turn|6
|
|detailschange|p2a: Charizard|Charizard-Mega-X, M
|-mega|p2a: Charizard|Charizard|Charizardite X
|move|p1a: Bisharp|Sucker Punch|p2a: Charizard
|-damage|p2a: Charizard|206\/359
|-damage|p1a: Bisharp|211\/271|[from] item: Life Orb
|move|p2a: Charizard|Flame Charge|p1a: Bisharp
|-supereffective|p1a: Bisharp
|-damage|p1a: Bisharp|0 fnt
|-boost|p2a: Charizard|spe|1
|faint|p1a: Bisharp
|
|
|switch|p1a: Keldeo-Resolute|Keldeo-Resolute|323\/323
|turn|7
|
|switch|p2a: Gourgeist-Super|Gourgeist-Super, M|374\/374
|-item|p1a: Keldeo-Resolute|Choice Specs|[from] ability: Frisk|[of] p2a: Gourgeist-Super|[identify]
|move|p1a: Keldeo-Resolute|Hydro Pump|p2a: Gourgeist-Super
|-resisted|p2a: Gourgeist-Super
|-damage|p2a: Gourgeist-Super|205\/374
|
|-heal|p2a: Gourgeist-Super|228\/374|[from] item: Leftovers
|turn|8
|
|switch|p1a: Dragonite|Dragonite, F|385\/385
|move|p2a: Gourgeist-Super|Will-O-Wisp|p1a: Dragonite
|-status|p1a: Dragonite|brn
|
|-heal|p2a: Gourgeist-Super|251\/374|[from] item: Leftovers
|-damage|p1a: Dragonite|337\/385 brn|[from] brn
|turn|9
|
|move|p1a: Dragonite|Fire Punch|p2a: Gourgeist-Super
|-supereffective|p2a: Gourgeist-Super
|-damage|p2a: Gourgeist-Super|155\/374
|move|p2a: Gourgeist-Super|Leech Seed|p1a: Dragonite
|-start|p1a: Dragonite|move: Leech Seed
|
|-heal|p2a: Gourgeist-Super|178\/374|[from] item: Leftovers
|-damage|p1a: Dragonite|289\/385 brn|[from] Leech Seed|[of] p2a: Gourgeist-Super
|-heal|p2a: Gourgeist-Super|226\/374|[silent]
|-damage|p1a: Dragonite|241\/385 brn|[from] brn
|turn|10
|
|switch|p1a: Keldeo-Resolute|Keldeo-Resolute|323\/323
|move|p2a: Gourgeist-Super|Will-O-Wisp|p1a: Keldeo-Resolute
|-status|p1a: Keldeo-Resolute|brn
|
|-heal|p2a: Gourgeist-Super|249\/374|[from] item: Leftovers
|-damage|p1a: Keldeo-Resolute|283\/323 brn|[from] brn
|turn|11
|
|switch|p2a: Smeargle|Smeargle, M|251\/251
|move|p1a: Keldeo-Resolute|Hidden Power|p2a: Smeargle
|-damage|p2a: Smeargle|51\/251
|
|-damage|p1a: Keldeo-Resolute|243\/323 brn|[from] brn
|turn|12
|
|switch|p1a: Dragonite|Dragonite, F|241\/385 brn
|move|p2a: Smeargle|King's Shield|p2a: Smeargle
|-fail|p2a: Smeargle
|
|-damage|p1a: Dragonite|193\/385 brn|[from] brn
|turn|13
|
|move|p2a: Smeargle|King's Shield|p2a: Smeargle
|-singleturn|p2a: Smeargle|Protect
|move|p1a: Dragonite|Extreme Speed|p2a: Smeargle
|-activate|p2a: Smeargle|Protect
|-unboost|p1a: Dragonite|atk|2
|
|-damage|p1a: Dragonite|145\/385 brn|[from] brn
|turn|14
|
|switch|p2a: Gourgeist-Super|Gourgeist-Super, M|249\/374
|-item|p1a: Dragonite|Choice Band|[from] ability: Frisk|[of] p2a: Gourgeist-Super|[identify]
|move|p1a: Dragonite|Extreme Speed|p2a: Gourgeist-Super
|-immune|p2a: Gourgeist-Super|[msg]
|
|-heal|p2a: Gourgeist-Super|272\/374|[from] item: Leftovers
|-damage|p1a: Dragonite|97\/385 brn|[from] brn
|turn|15
|
|move|p1a: Dragonite|Extreme Speed|p2a: Gourgeist-Super
|-immune|p2a: Gourgeist-Super|[msg]
|move|p2a: Gourgeist-Super|Leech Seed|p1a: Dragonite
|-start|p1a: Dragonite|move: Leech Seed
|
|-heal|p2a: Gourgeist-Super|295\/374|[from] item: Leftovers
|-damage|p1a: Dragonite|49\/385 brn|[from] Leech Seed|[of] p2a: Gourgeist-Super
|-heal|p2a: Gourgeist-Super|343\/374|[silent]
|-damage|p1a: Dragonite|1\/385 brn|[from] brn
|turn|16
|
|move|p1a: Dragonite|Extreme Speed|p2a: Gourgeist-Super
|-immune|p2a: Gourgeist-Super|[msg]
|move|p2a: Gourgeist-Super|Leech Seed|p1a: Dragonite
|-fail|p1a: Dragonite
|
|-heal|p2a: Gourgeist-Super|366\/374|[from] item: Leftovers
|-damage|p1a: Dragonite|0 fnt|[from] Leech Seed|[of] p2a: Gourgeist-Super
|-heal|p2a: Gourgeist-Super|367\/374|[silent]
|faint|p1a: Dragonite
|
|switch|p1a: Metagross|Metagross, shiny|301\/301
|turn|17
|
|switch|p1a: Keldeo-Resolute|Keldeo-Resolute|243\/323 brn
|move|p2a: Gourgeist-Super|Will-O-Wisp|p1a: Keldeo-Resolute
|-fail|p1a: Keldeo-Resolute|brn
|
|-heal|p2a: Gourgeist-Super|374\/374|[from] item: Leftovers
|-damage|p1a: Keldeo-Resolute|203\/323 brn|[from] brn
|turn|18
|
|switch|p2a: Smeargle|Smeargle, M|51\/251
|move|p1a: Keldeo-Resolute|Hidden Power|p2a: Smeargle
|-damage|p2a: Smeargle|0 fnt
|faint|p2a: Smeargle
|
|-damage|p1a: Keldeo-Resolute|163\/323 brn|[from] brn
|
|switch|p2a: Charizard|Charizard-Mega-X, M|206\/359
|turn|19
|
|switch|p1a: Metagross|Metagross, shiny|301\/301
|move|p2a: Charizard|Dragon Claw|p1a: Metagross
|-resisted|p1a: Metagross
|-damage|p1a: Metagross|220\/301
|
|turn|20
|
|switch|p2a: Gourgeist-Super|Gourgeist-Super, M|374\/374
|-item|p1a: Metagross|Metagrossite|[from] ability: Frisk|[of] p2a: Gourgeist-Super|[identify]
|detailschange|p1a: Metagross|Metagross-Mega, shiny
|-mega|p1a: Metagross|Metagross|Metagrossite
|move|p1a: Metagross|Earthquake|p2a: Gourgeist-Super
|-resisted|p2a: Gourgeist-Super
|-damage|p2a: Gourgeist-Super|334\/374
|
|-heal|p2a: Gourgeist-Super|357\/374|[from] item: Leftovers
|turn|21
|
|switch|p1a: Thundurus|Thundurus, M, shiny|299\/299
|move|p2a: Gourgeist-Super|Leech Seed|p1a: Thundurus
|-start|p1a: Thundurus|move: Leech Seed
|
|-heal|p2a: Gourgeist-Super|374\/374|[from] item: Leftovers
|-damage|p1a: Thundurus|262\/299|[from] Leech Seed|[of] p2a: Gourgeist-Super
|turn|22
|
|move|p1a: Thundurus|Thunder Wave|p2a: Gourgeist-Super
|-status|p2a: Gourgeist-Super|par
|cant|p2a: Gourgeist-Super|par
|
|-damage|p1a: Thundurus|225\/299|[from] Leech Seed|[of] p2a: Gourgeist-Super
|turn|23
|
|move|p1a: Thundurus|Volt Switch|p2a: Gourgeist-Super
|-crit|p2a: Gourgeist-Super
|-resisted|p2a: Gourgeist-Super
|-damage|p2a: Gourgeist-Super|218\/374 par
|-damage|p1a: Thundurus|196\/299|[from] item: Life Orb
|
|switch|p1a: Keldeo-Resolute|Keldeo-Resolute|163\/323 brn
|cant|p2a: Gourgeist-Super|par
|
|-heal|p2a: Gourgeist-Super|241\/374 par|[from] item: Leftovers
|-damage|p1a: Keldeo-Resolute|123\/323 brn|[from] brn
|turn|24
|
|switch|p2a: Mightyena|Mightyena, F|282\/282
|move|p1a: Keldeo-Resolute|Icy Wind|p2a: Mightyena
|-crit|p2a: Mightyena
|-damage|p2a: Mightyena|59\/282
|-unboost|p2a: Mightyena|spe|1
|
|-damage|p1a: Keldeo-Resolute|83\/323 brn|[from] brn
|turn|25
|
|move|p1a: Keldeo-Resolute|Icy Wind|p2a: Mightyena
|-damage|p2a: Mightyena|0 fnt
|faint|p2a: Mightyena
|
|-damage|p1a: Keldeo-Resolute|43\/323 brn|[from] brn
|
|switch|p2a: Charizard|Charizard-Mega-X, M|206\/359
|turn|26
|
|switch|p1a: Thundurus|Thundurus, M, shiny|196\/299
|move|p2a: Charizard|Roost|p2a: Charizard
|-heal|p2a: Charizard|359\/359
|
|turn|27
|
|move|p1a: Thundurus|Thunder Wave|p2a: Charizard
|-status|p2a: Charizard|par
|move|p2a: Charizard|Flame Charge|p1a: Thundurus
|-damage|p1a: Thundurus|1\/299
|-boost|p2a: Charizard|spe|1
|
|turn|28
|
|move|p1a: Thundurus|Superpower|p2a: Charizard
|-damage|p2a: Charizard|238\/359 par
|-unboost|p1a: Thundurus|atk|1
|-unboost|p1a: Thundurus|def|1
|-damage|p1a: Thundurus|0 fnt|[from] item: Life Orb
|faint|p1a: Thundurus
|move|p2a: Charizard|Flame Charge|p1: Thundurus|[notarget]
|-notarget
|
|
|switch|p1a: Metagross|Metagross-Mega, shiny|220\/301
|turn|29
|
|move|p1a: Metagross|Zen Headbutt|p2a: Charizard|[miss]
|-miss|p1a: Metagross|p2a: Charizard
|move|p2a: Charizard|Flame Charge|p1a: Metagross
|-supereffective|p1a: Metagross
|-damage|p1a: Metagross|34\/301
|-boost|p2a: Charizard|spe|1
|
|turn|30
|
|switch|p2a: Gourgeist-Super|Gourgeist-Super, M|241\/374 par
|-item|p1a: Metagross|Metagrossite|[from] ability: Frisk|[of] p2a: Gourgeist-Super|[identify]
|move|p1a: Metagross|Zen Headbutt|p2a: Gourgeist-Super
|-crit|p2a: Gourgeist-Super
|-damage|p2a: Gourgeist-Super|40\/374 par
|
|-heal|p2a: Gourgeist-Super|63\/374 par|[from] item: Leftovers
|turn|31
|
|move|p1a: Metagross|Bullet Punch|p2a: Gourgeist-Super
|-damage|p2a: Gourgeist-Super|0 fnt
|faint|p2a: Gourgeist-Super
|
|
|switch|p2a: Charizard|Charizard-Mega-X, M|238\/359 par
|turn|32
|
|move|p1a: Metagross|Earthquake|p2a: Charizard
|-supereffective|p2a: Charizard
|-damage|p2a: Charizard|0 fnt
|faint|p2a: Charizard
|
|c|★ericoporygon|no :(
|
|switch|p2a: Mamoswine|Mamoswine, M|423\/423
|turn|33
|
|move|p1a: Metagross|Bullet Punch|p2a: Mamoswine
|-supereffective|p2a: Mamoswine
|-damage|p2a: Mamoswine|163\/423
|move|p2a: Mamoswine|Ice Shard|p1a: Metagross
|-resisted|p1a: Metagross
|-damage|p1a: Metagross|9\/301
|
|turn|34
|
|move|p1a: Metagross|Bullet Punch|p2a: Mamoswine
|-supereffective|p2a: Mamoswine
|-damage|p2a: Mamoswine|0 fnt
|faint|p2a: Mamoswine
|
|win|jerry85
|raw|Ladder updating...
|raw|jerry85's rating: 1246 &rarr; <strong>1272<\/strong><br \/>(+26 for winning)
|raw|ericoporygon's rating: 1253 &rarr; <strong>1227<\/strong><br \/>(-26 for losing)
|c|★jerry85|gg
|leave|jerry85
|player|p1