|join|jerry85
|join|pyromaniac 963
|player|p1|jerry85|267
|player|p2|pyromaniac 963|148
|gametype|singles
|gen|6
|tier|OU
|rated
|clearpoke
|poke|p1|Sableye, F
|poke|p1|Excadrill, M
|poke|p1|Manaphy
|poke|p1|Gliscor, F
|poke|p1|Talonflame, F
|poke|p1|Clefable, F
|poke|p2|Rotom-Wash
|poke|p2|Ferrothorn, M
|poke|p2|Altaria, F
|poke|p2|Latios, M
|poke|p2|Heatran, M
|poke|p2|Landorus-Therian, M
|rule|Swagger Clause: Swagger is banned
|rule|Baton Pass Clause: Limit one Pokémon knowing Baton Pass
|rule|Sleep Clause Mod: Limit one foe put to sleep
|rule|Species Clause: Limit one of each Pokémon
|rule|OHKO Clause: OHKO moves are banned
|rule|Moody Clause: Moody is banned
|rule|Evasion Moves Clause: Evasion moves are banned
|rule|Endless Battle Clause: Forcing endless battles is banned
|rule|HP Percentage Mod: HP is shown in percentages
|teampreview
|
|start
|switch|p1a: Sableye|Sableye, F|303\/303
|switch|p2a: Heatran|Heatran, M|326\/326
|turn|1
|join|TheDude813
|join|comedorderapadura
|
|detailschange|p1a: Sableye|Sableye-Mega, F
|-mega|p1a: Sableye|Sableye|Sablenite
|move|p2a: Heatran|Fire Blast|p1a: Sableye|[miss]
|-miss|p2a: Heatran|p1a: Sableye
|move|p1a: Sableye|Knock Off|p2a: Heatran
|-damage|p2a: Heatran|238\/326
|-enditem|p2a: Heatran|Leftovers|[from] move: Knock Off|[of] p1a: Sableye
|
|turn|2
|
|switch|p2a: Altaria|Altaria, F|353\/353
|move|p1a: Sableye|Will-O-Wisp|p2a: Altaria
|-status|p2a: Altaria|brn
|
|-damage|p2a: Altaria|309\/353 brn|[from] brn
|turn|3
|
|switch|p2a: Heatran|Heatran, M|238\/326
|move|p1a: Sableye|Recover|p1a: Sableye
|-fail|p1a: Sableye
|
|turn|4
|
|move|p2a: Heatran|Fire Blast|p1a: Sableye
|-damage|p1a: Sableye|167\/303
|move|p1a: Sableye|Foul Play|p2a: Heatran
|-damage|p2a: Heatran|156\/326
|
|turn|5
|
|switch|p2a: Altaria|Altaria, F|309\/353
|move|p1a: Sableye|Recover|p1a: Sableye
|-heal|p1a: Sableye|303\/303
|
|turn|6
|
|switch|p2a: Rotom-Wash|Rotom-Wash|304\/304
|switch|p1a: Gliscor|Gliscor, F|353\/353
|
|-status|p1a: Gliscor|tox|[from] item: Toxic Orb
|turn|7
|
|switch|p1a: Sableye|Sableye-Mega, F|303\/303
|move|p2a: Rotom-Wash|Hydro Pump|p1a: Sableye
|-crit|p1a: Sableye
|-damage|p1a: Sableye|170\/303
|
|turn|8
|
|move|p2a: Rotom-Wash|Volt Switch|p1a: Sableye
|-damage|p1a: Sableye|113\/303
|
|switch|p2a: Altaria|Altaria, F|309\/353
|move|p1a: Sableye|Will-O-Wisp|p2a: Altaria
|-status|p2a: Altaria|brn
|
|-damage|p2a: Altaria|265\/353 brn|[from] brn
|turn|9
|
|switch|p2a: Rotom-Wash|Rotom-Wash|304\/304
|switch|p1a: Excadrill|Excadrill, M|424\/424
|-ability|p1a: Excadrill|Mold Breaker
|
|turn|10
|
|switch|p2a: Landorus-Therian|Landorus-Therian, M|319\/319
|-ability|p2a: Landorus-Therian|Intimidate|[of] p1a: Excadrill
|-unboost|p1a: Excadrill|atk|1
|move|p1a: Excadrill|Toxic|p2a: Landorus-Therian
|-status|p2a: Landorus-Therian|tox
|
|-damage|p2a: Landorus-Therian|300\/319 tox|[from] psn
|turn|11
|
|switch|p1a: Gliscor|Gliscor, F|353\/353 tox
|move|p2a: Landorus-Therian|U-turn|p1a: Gliscor
|-resisted|p1a: Gliscor
|-damage|p1a: Gliscor|327\/353 tox
|
|switch|p2a: Rotom-Wash|Rotom-Wash|304\/304
|
|-heal|p1a: Gliscor|353\/353 tox|[from] ability: Poison Heal
|turn|12
|
|move|p1a: Gliscor|U-turn|p2a: Rotom-Wash
|-damage|p2a: Rotom-Wash|265\/304
|
|switch|p1a: Manaphy|Manaphy|401\/401
|move|p2a: Rotom-Wash|Hydro Pump|p1a: Manaphy
|-resisted|p1a: Manaphy
|-damage|p1a: Manaphy|348\/401
|
|-heal|p1a: Manaphy|373\/401|[from] item: Leftovers
|-heal|p2a: Rotom-Wash|284\/304|[from] item: Leftovers
|turn|13
|
|move|p1a: Manaphy|U-turn|p2a: Rotom-Wash
|-damage|p2a: Rotom-Wash|247\/304
|
|switch|p1a: Clefable|Clefable, F|393\/393
|move|p2a: Rotom-Wash|Will-O-Wisp|p1a: Clefable
|-status|p1a: Clefable|brn
|
|-heal|p2a: Rotom-Wash|266\/304|[from] item: Leftovers
|-damage|p1a: Clefable|344\/393 brn|[from] brn
|turn|14
|
|move|p2a: Rotom-Wash|Volt Switch|p1a: Clefable
|-crit|p1a: Clefable
|-damage|p1a: Clefable|221\/393 brn
|
|switch|p2a: Heatran|Heatran, M|156\/326
|move|p1a: Clefable|Aromatherapy|p1a: Clefable
|-cureteam|p1a: Clefable|[from] move: Aromatherapy
|
|-heal|p1a: Clefable|245\/393|[from] item: Leftovers
|turn|15
|
|switch|p1a: Sableye|Sableye-Mega, F|113\/303
|move|p2a: Heatran|Fire Blast|p1a: Sableye|[miss]
|-miss|p2a: Heatran|p1a: Sableye
|
|turn|16
|
|move|p2a: Heatran|Fire Blast|p1a: Sableye
|-damage|p1a: Sableye|0 fnt
|faint|p1a: Sableye
|
|
|switch|p1a: Manaphy|Manaphy|373\/401
|turn|17
|
|switch|p2a: Rotom-Wash|Rotom-Wash|266\/304
|move|p1a: Manaphy|Scald|p2a: Rotom-Wash
|-resisted|p2a: Rotom-Wash
|-damage|p2a: Rotom-Wash|222\/304
|
|-heal|p1a: Manaphy|398\/401|[from] item: Leftovers
|-heal|p2a: Rotom-Wash|241\/304|[from] item: Leftovers
|turn|18
|
|move|p1a: Manaphy|Rain Dance|p1a: Manaphy
|-weather|RainDance
|move|p2a: Rotom-Wash|Volt Switch|p1a: Manaphy
|-supereffective|p1a: Manaphy
|-damage|p1a: Manaphy|278\/401
|
|switch|p2a: Ferrothorn|Ferrothorn, M|352\/352
|
|-weather|RainDance|[upkeep]
|-heal|p1a: Manaphy|303\/401|[from] item: Leftovers
|turn|19
|
|move|p1a: Manaphy|Scald|p2a: Ferrothorn
|-crit|p2a: Ferrothorn
|-resisted|p2a: Ferrothorn
|-damage|p2a: Ferrothorn|271\/352
|move|p2a: Ferrothorn|Spikes|p1a: Manaphy
|-sidestart|p1: jerry85|Spikes
|
|-weather|RainDance|[upkeep]
|-heal|p1a: Manaphy|328\/401|[from] item: Leftovers
|-heal|p2a: Ferrothorn|293\/352|[from] item: Leftovers
|turn|20
|
|move|p2a: Ferrothorn|Protect|p2a: Ferrothorn
|-singleturn|p2a: Ferrothorn|Protect
|move|p1a: Manaphy|U-turn|p2a: Ferrothorn
|-activate|p2a: Ferrothorn|Protect
|
|-weather|RainDance|[upkeep]
|-heal|p1a: Manaphy|353\/401|[from] item: Leftovers
|-heal|p2a: Ferrothorn|315\/352|[from] item: Leftovers
|turn|21
|
|move|p1a: Manaphy|Scald|p2a: Ferrothorn
|-resisted|p2a: Ferrothorn
|-damage|p2a: Ferrothorn|264\/352
|move|p2a: Ferrothorn|Spikes|p1a: Manaphy
|-sidestart|p1: jerry85|Spikes
|
|-weather|RainDance|[upkeep]
|-heal|p1a: Manaphy|378\/401|[from] item: Leftovers
|-heal|p2a: Ferrothorn|286\/352|[from] item: Leftovers
|turn|22
|
|switch|p1a: Talonflame|Talonflame, F|345\/345
|switch|p2a: Rotom-Wash|Rotom-Wash|241\/304
|
|-weather|none
|-heal|p2a: Rotom-Wash|260\/304|[from] item: Leftovers
|turn|23
|leave|comedorderapadura
|
|switch|p1a: Manaphy|Manaphy|378\/401
|-damage|p1a: Manaphy|312\/401|[from] Spikes
|move|p2a: Rotom-Wash|Volt Switch|p1a: Manaphy
|-supereffective|p1a: Manaphy
|-damage|p1a: Manaphy|178\/401
|
|switch|p2a: Altaria|Altaria, F|265\/353
|
|-heal|p1a: Manaphy|203\/401|[from] item: Leftovers
|turn|24
|
|switch|p1a: Gliscor|Gliscor, F|353\/353
|detailschange|p2a: Altaria|Altaria-Mega, F
|-mega|p2a: Altaria|Altaria|Altarianite
|move|p2a: Altaria|Frustration|p1a: Gliscor
|-damage|p1a: Gliscor|251\/353
|
|-status|p1a: Gliscor|tox|[from] item: Toxic Orb
|turn|25
|
|move|p2a: Altaria|Dragon Dance|p2a: Altaria
|-boost|p2a: Altaria|atk|1
|-boost|p2a: Altaria|spe|1
|move|p1a: Gliscor|Stealth Rock|p2a: Altaria
|-sidestart|p2: pyromaniac 963|move: Stealth Rock
|
|-heal|p1a: Gliscor|295\/353 tox|[from] ability: Poison Heal
|turn|26
|
|move|p2a: Altaria|Frustration|p1a: Gliscor
|-damage|p1a: Gliscor|142\/353 tox
|move|p1a: Gliscor|Earthquake|p2a: Altaria
|-damage|p2a: Altaria|168\/353
|
|-heal|p1a: Gliscor|186\/353 tox|[from] ability: Poison Heal
|turn|27
|
|move|p2a: Altaria|Roost|p2a: Altaria
|-heal|p2a: Altaria|345\/353
|move|p1a: Gliscor|U-turn|p2a: Altaria
|-resisted|p2a: Altaria
|-damage|p2a: Altaria|325\/353
|
|switch|p1a: Talonflame|Talonflame, F|345\/345
|
|turn|28
|
|switch|p2a: Heatran|Heatran, M|156\/326
|-damage|p2a: Heatran|116\/326|[from] Stealth Rock
|move|p1a: Talonflame|Brave Bird|p2a: Heatran
|-resisted|p2a: Heatran
|-damage|p2a: Heatran|38\/326
|-damage|p1a: Talonflame|319\/345|[from] recoil|[of] p2a: Heatran
|
|-heal|p1a: Talonflame|340\/345|[from] item: Leftovers
|turn|29
|
|move|p1a: Talonflame|Brave Bird|p2a: Heatran
|-resisted|p2a: Heatran
|-damage|p2a: Heatran|0 fnt
|-damage|p1a: Talonflame|327\/345|[from] recoil|[of] p2a: Heatran
|faint|p2a: Heatran
|
|-heal|p1a: Talonflame|345\/345|[from] item: Leftovers
|
|switch|p2a: Rotom-Wash|Rotom-Wash|260\/304
|-damage|p2a: Rotom-Wash|222\/304|[from] Stealth Rock
|turn|30
|
|switch|p1a: Excadrill|Excadrill, M|424\/424
|-damage|p1a: Excadrill|354\/424|[from] Spikes
|-ability|p1a: Excadrill|Mold Breaker
|move|p2a: Rotom-Wash|Hydro Pump|p1a: Excadrill
|-supereffective|p1a: Excadrill
|-damage|p1a: Excadrill|82\/424
|
|-heal|p2a: Rotom-Wash|241\/304|[from] item: Leftovers
|-heal|p1a: Excadrill|108\/424|[from] item: Leftovers
|turn|31
|
|move|p2a: Rotom-Wash|Hydro Pump|p1a: Excadrill|[miss]
|-miss|p2a: Rotom-Wash|p1a: Excadrill
|move|p1a: Excadrill|Rapid Spin|p2a: Rotom-Wash
|-damage|p2a: Rotom-Wash|225\/304
|-sideend|p1: jerry85|Spikes|[from] move: Rapid Spin|[of] p1a: Excadrill
|
|-heal|p2a: Rotom-Wash|244\/304|[from] item: Leftovers
|-heal|p1a: Excadrill|134\/424|[from] item: Leftovers
|turn|32
|
|switch|p1a: Clefable|Clefable, F|245\/393
|move|p2a: Rotom-Wash|Volt Switch|p1a: Clefable
|-damage|p1a: Clefable|161\/393
|
|switch|p2a: Ferrothorn|Ferrothorn, M|286\/352
|-damage|p2a: Ferrothorn|264\/352|[from] Stealth Rock
|
|-heal|p1a: Clefable|185\/393|[from] item: Leftovers
|-heal|p2a: Ferrothorn|286\/352|[from] item: Leftovers
|turn|33
|
|switch|p1a: Gliscor|Gliscor, F|186\/353 tox
|move|p2a: Ferrothorn|Spikes|p1a: Gliscor
|-sidestart|p1: jerry85|Spikes
|
|-heal|p2a: Ferrothorn|308\/352|[from] item: Leftovers
|-heal|p1a: Gliscor|230\/353 tox|[from] ability: Poison Heal
|turn|34
|
|switch|p2a: Latios|Latios, M|301\/301
|-damage|p2a: Latios|264\/301|[from] Stealth Rock
|move|p1a: Gliscor|Taunt|p2a: Latios
|-start|p2a: Latios|move: Taunt
|
|-heal|p1a: Gliscor|274\/353 tox|[from] ability: Poison Heal
|turn|35
|
|move|p2a: Latios|Draco Meteor|p1a: Gliscor
|-damage|p1a: Gliscor|0 fnt
|-unboost|p2a: Latios|spa|2
|-damage|p2a: Latios|234\/301|[from] item: Life Orb
|faint|p1a: Gliscor
|
|
|switch|p1a: Talonflame|Talonflame, F|345\/345
|turn|36
|
|switch|p2a: Rotom-Wash|Rotom-Wash|244\/304
|-damage|p2a: Rotom-Wash|206\/304|[from] Stealth Rock
|move|p1a: Talonflame|Brave Bird|p2a: Rotom-Wash
|-resisted|p2a: Rotom-Wash
|-damage|p2a: Rotom-Wash|140\/304
|-damage|p1a: Talonflame|323\/345|[from] recoil|[of] p2a: Rotom-Wash
|
|-heal|p1a: Talonflame|344\/345|[from] item: Leftovers
|-heal|p2a: Rotom-Wash|159\/304|[from] item: Leftovers
|turn|37
|
|move|p1a: Talonflame|Will-O-Wisp|p2a: Rotom-Wash
|-status|p2a: Rotom-Wash|brn
|move|p2a: Rotom-Wash|Hydro Pump|p1a: Talonflame
|-supereffective|p1a: Talonflame
|-damage|p1a: Talonflame|0 fnt
|faint|p1a: Talonflame
|
|-heal|p2a: Rotom-Wash|178\/304 brn|[from] item: Leftovers
|-damage|p2a: Rotom-Wash|140\/304 brn|[from] brn
|
|switch|p1a: Clefable|Clefable, F|185\/393
|-damage|p1a: Clefable|136\/393|[from] Spikes
|turn|38
|
|move|p2a: Rotom-Wash|Volt Switch|p1a: Clefable
|-damage|p1a: Clefable|58\/393
|
|switch|p2a: Ferrothorn|Ferrothorn, M|308\/352
|-damage|p2a: Ferrothorn|286\/352|[from] Stealth Rock
|move|p1a: Clefable|Moonlight|p1a: Clefable
|-heal|p1a: Clefable|254\/393
|
|-heal|p1a: Clefable|278\/393|[from] item: Leftovers
|-heal|p2a: Ferrothorn|308\/352|[from] item: Leftovers
|turn|39
|
|switch|p1a: Excadrill|Excadrill, M|134\/424
|-damage|p1a: Excadrill|81\/424|[from] Spikes
|-ability|p1a: Excadrill|Mold Breaker
|move|p2a: Ferrothorn|Spikes|p1a: Excadrill
|-sidestart|p1: jerry85|Spikes
|
|-heal|p1a: Excadrill|107\/424|[from] item: Leftovers
|-heal|p2a: Ferrothorn|330\/352|[from] item: Leftovers
|turn|40
|
|move|p1a: Excadrill|Earthquake|p2a: Ferrothorn
|-damage|p2a: Ferrothorn|221\/352
|move|p2a: Ferrothorn|Leech Seed|p1a: Excadrill|[miss]
|-miss|p2a: Ferrothorn|p1a: Excadrill
|
|-heal|p1a: Excadrill|133\/424|[from] item: Leftovers
|-heal|p2a: Ferrothorn|243\/352|[from] item: Leftovers
|turn|41
|
|move|p1a: Excadrill|Rapid Spin|p2a: Ferrothorn
|-resisted|p2a: Ferrothorn
|-damage|p2a: Ferrothorn|236\/352
|-damage|p1a: Excadrill|80\/424|[from] ability: Iron Barbs|[of] p2a: Ferrothorn
|-sideend|p1: jerry85|Spikes|[from] move: Rapid Spin|[of] p1a: Excadrill
|move|p2a: Ferrothorn|Leech Seed|p1a: Excadrill
|-start|p1a: Excadrill|move: Leech Seed
|
|-heal|p1a: Excadrill|106\/424|[from] item: Leftovers
|-heal|p2a: Ferrothorn|258\/352|[from] item: Leftovers
|-damage|p1a: Excadrill|53\/424|[from] Leech Seed|[of] p2a: Ferrothorn
|-heal|p2a: Ferrothorn|311\/352|[silent]
|turn|42
|
|switch|p1a: Manaphy|Manaphy|203\/401
|move|p2a: Ferrothorn|Spikes|p1a: Manaphy
|-sidestart|p1: jerry85|Spikes
|
|-heal|p1a: Manaphy|228\/401|[from] item: Leftovers
|-heal|p2a: Ferrothorn|333\/352|[from] item: Leftovers
|turn|43
|
|switch|p2a: Latios|Latios, M|234\/301
|-damage|p2a: Latios|197\/301|[from] Stealth Rock
|move|p1a: Manaphy|Scald|p2a: Latios
|-resisted|p2a: Latios
|-damage|p2a: Latios|147\/301
|
|-heal|p1a: Manaphy|253\/401|[from] item: Leftovers
|turn|44
|
|move|p2a: Latios|Psyshock|p1a: Manaphy
|-damage|p1a: Manaphy|76\/401
|-damage|p2a: Latios|117\/301|[from] item: Life Orb
|move|p1a: Manaphy|Rest|p1a: Manaphy
|-status|p1a: Manaphy|slp
|-heal|p1a: Manaphy|401\/401 slp|[silent]
|-status|p1a: Manaphy|slp|[from] move: Rest
|
|turn|45
|
|switch|p1a: Clefable|Clefable, F|278\/393
|-damage|p1a: Clefable|229\/393|[from] Spikes
|move|p2a: Latios|Roost|p2a: Latios
|-heal|p2a: Latios|268\/301
|
|-heal|p1a: Clefable|253\/393|[from] item: Leftovers
|turn|46
|
|switch|p2a: Ferrothorn|Ferrothorn, M|333\/352
|-damage|p2a: Ferrothorn|311\/352|[from] Stealth Rock
|move|p1a: Clefable|Aromatherapy|p1a: Clefable
|-cureteam|p1a: Clefable|[from] move: Aromatherapy
|
|-heal|p1a: Clefable|277\/393|[from] item: Leftovers
|-heal|p2a: Ferrothorn|333\/352|[from] item: Leftovers
|turn|47
|
|move|p1a: Clefable|Calm Mind|p1a: Clefable
|-boost|p1a: Clefable|spa|1
|-boost|p1a: Clefable|spd|1
|move|p2a: Ferrothorn|Spikes|p1a: Clefable
|-sidestart|p1: jerry85|Spikes
|
|-heal|p1a: Clefable|301\/393|[from] item: Leftovers
|-heal|p2a: Ferrothorn|352\/352|[from] item: Leftovers
|turn|48
|
|move|p1a: Clefable|Calm Mind|p1a: Clefable
|-boost|p1a: Clefable|spa|1
|-boost|p1a: Clefable|spd|1
|move|p2a: Ferrothorn|Leech Seed|p1a: Clefable|[miss]
|-miss|p2a: Ferrothorn|p1a: Clefable
|
|-heal|p1a: Clefable|325\/393|[from] item: Leftovers
|turn|49
|
|move|p1a: Clefable|Calm Mind|p1a: Clefable
|-boost|p1a: Clefable|spa|1
|-boost|p1a: Clefable|spd|1
|move|p2a: Ferrothorn|Leech Seed|p1a: Clefable
|-start|p1a: Clefable|move: Leech Seed
|
|-heal|p1a: Clefable|349\/393|[from] item: Leftovers
|-damage|p1a: Clefable|300\/393|[from] Leech Seed|[of] p2a: Ferrothorn
|turn|50
|
|move|p1a: Clefable|Calm Mind|p1a: Clefable
|-boost|p1a: Clefable|spa|1
|-boost|p1a: Clefable|spd|1
|move|p2a: Ferrothorn|Spikes|p1a: Clefable
|-sidestart|p1: jerry85|Spikes
|
|-heal|p1a: Clefable|324\/393|[from] item: Leftovers
|-damage|p1a: Clefable|275\/393|[from] Leech Seed|[of] p2a: Ferrothorn
|turn|51
|
|move|p1a: Clefable|Moonblast|p2a: Ferrothorn
|-resisted|p2a: Ferrothorn
|-damage|p2a: Ferrothorn|235\/352
|-unboost|p2a: Ferrothorn|spa|1
|move|p2a: Ferrothorn|Gyro Ball|p1a: Clefable
|-supereffective|p1a: Clefable
|-damage|p1a: Clefable|33\/393
|
|-heal|p1a: Clefable|57\/393|[from] item: Leftovers
|-heal|p2a: Ferrothorn|257\/352|[from] item: Leftovers
|-damage|p1a: Clefable|8\/393|[from] Leech Seed|[of] p2a: Ferrothorn
|-heal|p2a: Ferrothorn|306\/352|[silent]
|turn|52
|
|move|p1a: Clefable|Moonlight|p1a: Clefable
|-heal|p1a: Clefable|204\/393
|move|p2a: Ferrothorn|Gyro Ball|p1a: Clefable
|-supereffective|p1a: Clefable
|-damage|p1a: Clefable|0 fnt
|faint|p1a: Clefable
|
|-heal|p2a: Ferrothorn|328\/352|[from] item: Leftovers
|c|★pyromaniac 963|gg
|-message|jerry85 forfeited.
|leave|jerry85
|
|win|pyromaniac 963
|raw|Ladder updating...
|player|p1
|raw|jerry85's rating: 1555 &rarr; <strong>1534<\/strong><br \/>(-21 for losing)
|raw|pyromaniac 963's rating: 1525 &rarr; <strong>1547<\/strong><br \/>(+22 for winning)