|join|Planet Hell
|join|Javi Knight
|player|p1|Planet Hell|190
|player|p2|Javi Knight|256
|gametype|singles
|gen|6
|tier|UU
|rated
|rule|Sleep Clause Mod: Limit one foe put to sleep
|rule|Species Clause: Limit one of each Pokémon
|rule|OHKO Clause: OHKO moves are banned
|rule|Moody Clause: Moody is banned
|rule|Evasion Moves Clause: Evasion moves are banned
|rule|Endless Battle Clause: Forcing endless battles is banned
|rule|HP Percentage Mod: HP is shown in percentages
|clearpoke
|poke|p1|Lopunny, M
|poke|p1|Mienshao, F
|poke|p1|Raikou
|poke|p1|Roserade, M
|poke|p1|Nidoking, M
|poke|p1|Honchkrow, M
|poke|p2|Rotom-Heat, shiny
|poke|p2|Rhyperior, M
|poke|p2|Jirachi
|poke|p2|Blastoise, M
|poke|p2|Yanmega, F, shiny
|poke|p2|Machamp, M
|rule|Swagger Clause: Swagger is banned
|rule|Baton Pass Clause: Limit one Pokémon knowing Baton Pass
|teampreview
|
|start
|switch|p1a: Honchkrow|Honchkrow, M|341\/341
|switch|p2a: Jirachi|Jirachi|341\/341
|turn|1
|
|move|p2a: Jirachi|U-turn|p1a: Honchkrow
|-damage|p1a: Honchkrow|208\/341
|
|move|p1a: Honchkrow|Pursuit|p2a: Jirachi|[from]Pursuit
|-supereffective|p2a: Jirachi
|-damage|p2a: Jirachi|0 fnt
|-damage|p1a: Honchkrow|174\/341|[from] item: Life Orb
|faint|p2a: Jirachi
|-boost|p1a: Honchkrow|atk|1|[from] ability: Moxie
|
|-message|Javi Knight forfeited.
|
|win|Planet Hell
|raw|Ladder updating...
|leave|Javi Knight
|player|p2