|join|Josten1997
|join|Planet Hell
|player|p1|Josten1997|1
|player|p2|Planet Hell|190
|gametype|singles
|gen|6
|tier|UU
|rated
|rule|Sleep Clause Mod: Limit one foe put to sleep
|rule|Species Clause: Limit one of each Pokémon
|rule|OHKO Clause: OHKO moves are banned
|rule|Moody Clause: Moody is banned
|rule|Evasion Moves Clause: Evasion moves are banned
|rule|Endless Battle Clause: Forcing endless battles is banned
|rule|HP Percentage Mod: HP is shown in percentages
|clearpoke
|poke|p1|Beedrill, M
|poke|p1|Trevenant, M
|poke|p1|Porygon2
|poke|p1|Scrafty, F
|poke|p1|Starmie
|poke|p1|Hydreigon, F
|poke|p2|Lopunny, F
|poke|p2|Mienshao, F
|poke|p2|Raikou
|poke|p2|Roserade, F
|poke|p2|Nidoking, M
|poke|p2|Honchkrow, F
|rule|Swagger Clause: Swagger is banned
|rule|Baton Pass Clause: Limit one Pokémon knowing Baton Pass
|teampreview
|
|start
|switch|p1a: Beedrill|Beedrill, M|272\/272
|switch|p2a: Honchkrow|Honchkrow, F|341\/341
|turn|1
|
|detailschange|p1a: Beedrill|Beedrill-Mega, M
|message|Beedrill has Mega Evolved into Mega Beedrill!
|move|p1a: Beedrill|Protect|p1a: Beedrill
|-singleturn|p1a: Beedrill|Protect
|move|p2a: Honchkrow|Sucker Punch|p1a: Beedrill
|-fail|p1a: Beedrill
|
|turn|2
|
|move|p2a: Honchkrow|Pursuit|p1a: Beedrill|[from]Pursuit
|-damage|p1a: Beedrill|0 fnt
|-damage|p2a: Honchkrow|307\/341|[from] item: Life Orb
|faint|p1a: Beedrill
|-boost|p2a: Honchkrow|atk|1|[from] ability: Moxie
|
|-message|Josten1997 forfeited.
|
|win|Planet Hell
|raw|Ladder updating...
|leave|Josten1997
|player|p1