|join|Alpha1234
|join|shabbir
|player|p1|Alpha1234|96
|player|p2|shabbir|192
|gametype|singles
|gen|6
|tier|UU
|rated
|rule|Sleep Clause Mod: Limit one foe put to sleep
|rule|Species Clause: Limit one of each Pokémon
|rule|OHKO Clause: OHKO moves are banned
|rule|Moody Clause: Moody is banned
|rule|Evasion Moves Clause: Evasion moves are banned
|rule|Endless Battle Clause: Forcing endless battles is banned
|rule|HP Percentage Mod: HP is shown in percentages
|clearpoke
|poke|p1|Absol, F
|poke|p1|Gorebyss, F
|poke|p1|Froslass, F
|poke|p1|Swampert, M
|poke|p1|Darmanitan, F
|poke|p1|Azelf
|poke|p2|Haxorus, M
|poke|p2|Shaymin
|poke|p2|Vaporeon, F
|poke|p2|Porygon-Z
|poke|p2|Mienshao, F
|poke|p2|Rotom-Heat
|rule|Swagger Clause: Swagger is banned
|rule|Baton Pass Clause: Limit one Pokémon knowing Baton Pass
|teampreview
|
|start
|switch|p1a: Azelf|Azelf|291\/291
|switch|p2a: Rotom-Heat|Rotom-Heat|304\/304
|turn|1
|
|move|p1a: Azelf|Psyshock|p2a: Rotom-Heat
|-damage|p2a: Rotom-Heat|177\/304
|move|p2a: Rotom-Heat|Volt Switch|p1a: Azelf
|-damage|p1a: Azelf|123\/291
|
|switch|p2a: Mienshao|Mienshao, F|271\/271
|
|turn|2
|
|move|p1a: Azelf|Psyshock|p2a: Mienshao
|-supereffective|p2a: Mienshao
|-damage|p2a: Mienshao|0 fnt
|faint|p2a: Mienshao
|
|
|switch|p2a: Rotom-Heat|Rotom-Heat|177\/304
|turn|3
|
|switch|p1a: Swampert|Swampert, M|404\/404
|move|p2a: Rotom-Heat|Volt Switch|p1a: Swampert
|-immune|p1a: Swampert|[msg]
|
|turn|4
|
|switch|p2a: Shaymin|Shaymin|341\/341
|move|p1a: Swampert|Stealth Rock|p2a: Shaymin
|-sidestart|p2: shabbir|move: Stealth Rock
|
|turn|5
|
|switch|p1a: Darmanitan|Darmanitan, F|351\/351
|move|p2a: Shaymin|Seed Flare|p1a: Darmanitan
|-resisted|p1a: Darmanitan
|-damage|p1a: Darmanitan|150\/351
|-damage|p2a: Shaymin|307\/341|[from] item: Life Orb
|
|turn|6
|
|switch|p1a: Froslass|Froslass, F|344\/344
|move|p2a: Shaymin|Earth Power|p1a: Froslass
|-damage|p1a: Froslass|198\/344
|-damage|p2a: Shaymin|273\/341|[from] item: Life Orb
|
|turn|7
|
|switch|p2a: Vaporeon|Vaporeon, F|464\/464
|-damage|p2a: Vaporeon|406\/464|[from] Stealth Rock
|move|p1a: Froslass|Destiny Bond|p1a: Froslass
|-singlemove|p1a: Froslass|Destiny Bond
|
|-heal|p2a: Vaporeon|435\/464|[from] item: Leftovers
|turn|8
|
|move|p1a: Froslass|Taunt|p2a: Vaporeon
|-start|p2a: Vaporeon|move: Taunt
|move|p2a: Vaporeon|Scald|p1a: Froslass
|-damage|p1a: Froslass|71\/344
|
|-heal|p2a: Vaporeon|464\/464|[from] item: Leftovers
|turn|9
|
|move|p1a: Froslass|Destiny Bond|p1a: Froslass
|-singlemove|p1a: Froslass|Destiny Bond
|move|p2a: Vaporeon|Scald|p1a: Froslass
|-damage|p1a: Froslass|0 fnt
|faint|p1a: Froslass
|-activate|p1a: Froslass|Destiny Bond
|faint|p2a: Vaporeon
|
|
|switch|p1a: Darmanitan|Darmanitan, F|150\/351
|switch|p2a: Rotom-Heat|Rotom-Heat|177\/304
|-damage|p2a: Rotom-Heat|101\/304|[from] Stealth Rock
|turn|10
|
|move|p1a: Darmanitan|Rock Slide|p2a: Rotom-Heat
|-supereffective|p2a: Rotom-Heat
|-damage|p2a: Rotom-Heat|0 fnt
|faint|p2a: Rotom-Heat
|
|
|switch|p2a: Haxorus|Haxorus, M|356\/356
|-damage|p2a: Haxorus|312\/356|[from] Stealth Rock
|-ability|p2a: Haxorus|Mold Breaker
|turn|11
|
|move|p1a: Darmanitan|Rock Slide|p2a: Haxorus
|-damage|p2a: Haxorus|118\/356
|move|p2a: Haxorus|Outrage|p1a: Darmanitan
|-damage|p1a: Darmanitan|0 fnt
|faint|p1a: Darmanitan
|
|
|switch|p1a: Absol|Absol, F|271\/271
|turn|12
|
|detailschange|p1a: Absol|Absol-Mega, F
|message|Absol has Mega Evolved into Mega Absol!
|move|p1a: Absol|Sucker Punch|p2a: Haxorus
|-damage|p2a: Haxorus|0 fnt
|faint|p2a: Haxorus
|
|
|switch|p2a: Porygon-Z|Porygon-Z|374\/374
|-damage|p2a: Porygon-Z|328\/374|[from] Stealth Rock
|turn|13
|
|move|p1a: Absol|Superpower|p2a: Porygon-Z
|-supereffective|p2a: Porygon-Z
|-damage|p2a: Porygon-Z|0 fnt
|-unboost|p1a: Absol|atk|1
|-unboost|p1a: Absol|def|1
|faint|p2a: Porygon-Z
|
|
|switch|p2a: Shaymin|Shaymin|273\/341
|-damage|p2a: Shaymin|231\/341|[from] Stealth Rock
|turn|14
|
|move|p1a: Absol|Ice Beam|p2a: Shaymin
|-supereffective|p2a: Shaymin
|-damage|p2a: Shaymin|85\/341
|move|p2a: Shaymin|Synthesis|p2a: Shaymin
|-heal|p2a: Shaymin|255\/341
|
|turn|15
|
|move|p1a: Absol|Knock Off|p2a: Shaymin
|-damage|p2a: Shaymin|120\/341
|-enditem|p2a: Shaymin|Life Orb|[from] move: Knock Off|[of] p1a: Absol
|move|p2a: Shaymin|Seed Flare|p1a: Absol
|-damage|p1a: Absol|0 fnt
|faint|p1a: Absol
|
|
|switch|p1a: Azelf|Azelf|123\/291
|turn|16
|
|move|p1a: Azelf|Psyshock|p2a: Shaymin
|-damage|p2a: Shaymin|0 fnt
|faint|p2a: Shaymin
|
|win|Alpha1234
|raw|Ladder updating...
|raw|Alpha1234's rating: 1372 &rarr; <strong>1390<\/strong><br \/>(+18 for winning)
|raw|shabbir's rating: 1341 &rarr; <strong>1323<\/strong><br \/>(-18 for losing)
|c|★Alpha1234|gg