|join|Naguun
|join|i ran away
|player|p1|Naguun|124
|player|p2|i ran away|244
|gametype|singles
|gen|6
|tier|UU
|rated
|rule|Sleep Clause Mod: Limit one foe put to sleep
|rule|Species Clause: Limit one of each Pokémon
|rule|OHKO Clause: OHKO moves are banned
|rule|Moody Clause: Moody is banned
|rule|Evasion Moves Clause: Evasion moves are banned
|rule|Endless Battle Clause: Forcing endless battles is banned
|rule|HP Percentage Mod: HP is shown in percentages
|clearpoke
|poke|p1|Espeon, F
|poke|p1|Absol, F
|poke|p1|Dragalge, F
|poke|p1|Krookodile, F
|poke|p1|Tentacruel, F
|poke|p1|Crobat, F
|poke|p2|Aromatisse, F
|poke|p2|Tangrowth, F
|poke|p2|Infernape, M
|poke|p2|Dugtrio, M
|poke|p2|Tentacruel, M
|poke|p2|Kyurem
|rule|Swagger Clause: Swagger is banned
|rule|Baton Pass Clause: Limit one Pokémon knowing Baton Pass
|teampreview
|
|start
|switch|p1a: Crobat|Crobat, F|373\/373
|switch|p2a: Infernape|Infernape, M|293\/293
|turn|1
|
|switch|p2a: distraction|Tentacruel, M|363\/363
|move|p1a: Crobat|Acrobatics|p2a: distraction
|-crit|p2a: distraction
|-damage|p2a: distraction|170\/363
|
|-heal|p2a: distraction|192\/363|[from] item: Leftovers
|turn|2
|
|move|p1a: Crobat|U-turn|p2a: distraction
|-resisted|p2a: distraction
|-damage|p2a: distraction|165\/363
|
|switch|p1a: Espeon|Espeon, F|292\/292
|move|p2a: distraction|Scald|p1a: Espeon
|-damage|p1a: Espeon|213\/292
|
|-heal|p1a: Espeon|231\/292|[from] item: Leftovers
|-heal|p2a: distraction|187\/363|[from] item: Leftovers
|turn|3
|
|switch|p2a: Aromatisse|Aromatisse, F|405\/405
|move|p1a: Espeon|Substitute|p1a: Espeon
|-start|p1a: Espeon|Substitute
|-damage|p1a: Espeon|158\/292
|
|-heal|p1a: Espeon|176\/292|[from] item: Leftovers
|turn|4
|
|move|p1a: Espeon|Baton Pass|p1a: Espeon
|
|switch|p1a: Crobat|Crobat, F|373\/373
|move|p2a: Aromatisse|Wish|p2a: Aromatisse
|
|turn|5
|
|switch|p2a: distraction|Tentacruel, M|187\/363
|move|p1a: Crobat|Poison Fang|p2a: distraction
|-resisted|p2a: distraction
|-damage|p2a: distraction|162\/363
|
|-heal|p2a: distraction|363\/363|[from] move: Wish|[wisher] Aromatisse
|turn|6
|
|move|p1a: Crobat|Acrobatics|p2a: distraction
|-damage|p2a: distraction|243\/363
|move|p2a: distraction|Toxic Spikes|p1a: Crobat
|-sidestart|p1: Naguun|move: Toxic Spikes
|
|-heal|p2a: distraction|265\/363|[from] item: Leftovers
|turn|7
|
|move|p1a: Crobat|Acrobatics|p2a: distraction
|-damage|p2a: distraction|147\/363
|move|p2a: distraction|Scald|p1a: Crobat
|-end|p1a: Crobat|Substitute
|
|-heal|p2a: distraction|169\/363|[from] item: Leftovers
|turn|8
|
|move|p1a: Crobat|Acrobatics|p2a: distraction
|-crit|p2a: distraction
|-damage|p2a: distraction|0 fnt
|faint|p2a: distraction
|
|
|switch|p2a: Kyurem|Kyurem|416\/416
|-ability|p2a: Kyurem|Pressure
|turn|9
|
|move|p1a: Crobat|U-turn|p2a: Kyurem
|-damage|p2a: Kyurem|361\/416
|
|switch|p1a: Tentacruel|Tentacruel, F|361\/361
|-sideend|p1: Naguun|move: Toxic Spikes|[of] p1a: Tentacruel
|move|p2a: Kyurem|Ice Beam|p1a: Tentacruel
|-resisted|p1a: Tentacruel
|-damage|p1a: Tentacruel|301\/361
|
|-heal|p2a: Kyurem|387\/416|[from] item: Leftovers
|-heal|p1a: Tentacruel|323\/361|[from] item: Black Sludge
|turn|10
|
|move|p2a: Kyurem|Substitute|p2a: Kyurem
|-start|p2a: Kyurem|Substitute
|-damage|p2a: Kyurem|283\/416
|move|p1a: Tentacruel|Ice Beam|p2a: Kyurem
|-activate|p2a: Kyurem|Substitute|[damage]
|
|-heal|p2a: Kyurem|309\/416|[from] item: Leftovers
|-heal|p1a: Tentacruel|345\/361|[from] item: Black Sludge
|turn|11
|
|move|p2a: Kyurem|Earth Power|p1a: Tentacruel
|-supereffective|p1a: Tentacruel
|-damage|p1a: Tentacruel|163\/361
|move|p1a: Tentacruel|Acid Spray|p2a: Kyurem
|-crit|p2a: Kyurem
|-end|p2a: Kyurem|Substitute
|
|-heal|p2a: Kyurem|335\/416|[from] item: Leftovers
|-heal|p1a: Tentacruel|185\/361|[from] item: Black Sludge
|turn|12
|
|move|p2a: Kyurem|Substitute|p2a: Kyurem
|-start|p2a: Kyurem|Substitute
|-damage|p2a: Kyurem|231\/416
|move|p1a: Tentacruel|Acid Spray|p2a: Kyurem
|-activate|p2a: Kyurem|Substitute|[damage]
|
|-heal|p2a: Kyurem|257\/416|[from] item: Leftovers
|-heal|p1a: Tentacruel|207\/361|[from] item: Black Sludge
|turn|13
|
|switch|p1a: Crobat|Crobat, F|373\/373
|move|p2a: Kyurem|Earth Power|p1a: Crobat
|-immune|p1a: Crobat|[msg]
|
|-heal|p2a: Kyurem|283\/416|[from] item: Leftovers
|turn|14
|
|move|p1a: Crobat|Acrobatics|p2a: Kyurem
|-damage|p2a: Kyurem|150\/416
|move|p2a: Kyurem|Ice Beam|p1a: Crobat
|-supereffective|p1a: Crobat
|-damage|p1a: Crobat|7\/373
|
|-heal|p2a: Kyurem|176\/416|[from] item: Leftovers
|turn|15
|
|move|p1a: Crobat|Acrobatics|p2a: Kyurem
|-damage|p2a: Kyurem|41\/416
|move|p2a: Kyurem|Roost|p2a: Kyurem
|-heal|p2a: Kyurem|249\/416
|
|-heal|p2a: Kyurem|275\/416|[from] item: Leftovers
|turn|16
|
|move|p1a: Crobat|U-turn|p2a: Kyurem
|-damage|p2a: Kyurem|213\/416
|
|switch|p1a: Absol|Absol, F|271\/271
|move|p2a: Kyurem|Roost|p2a: Kyurem
|-heal|p2a: Kyurem|416\/416
|
|turn|17
|
|detailschange|p1a: Absol|Absol-Mega, F
|message|Absol has Mega Evolved into Mega Absol!
|move|p2a: Kyurem|Ice Beam|p1a: Absol
|-damage|p1a: Absol|40\/271
|move|p1a: Absol|Play Rough|p2a: Kyurem
|-supereffective|p2a: Kyurem
|-end|p2a: Kyurem|Substitute
|
|turn|18
|
|switch|p2a: Tangrowth|Tangrowth, F|403\/403
|move|p1a: Absol|Play Rough|p2a: Tangrowth|[miss]
|-miss|p1a: Absol|p2a: Tangrowth
|
|turn|19
|
|move|p1a: Absol|Fire Blast|p2a: Tangrowth|[miss]
|-miss|p1a: Absol|p2a: Tangrowth
|move|p2a: Tangrowth|Knock Off|p1a: Absol
|-crit|p1a: Absol
|-resisted|p1a: Absol
|-damage|p1a: Absol|0 fnt
|faint|p1a: Absol
|
|
|switch|p1a: Dragalge|Dragalge, F|301\/301
|turn|20
|
|switch|p2a: Infernape|Infernape, M|293\/293
|move|p1a: Dragalge|Sludge Wave|p2a: Infernape
|-damage|p2a: Infernape|0 fnt
|faint|p2a: Infernape
|
|
|switch|p2a: Dugtrio|Dugtrio, M|211\/211
|turn|21
|
|move|p2a: Dugtrio|Earthquake|p1a: Dragalge
|-supereffective|p1a: Dragalge
|-damage|p1a: Dragalge|0 fnt
|faint|p1a: Dragalge
|
|
|switch|p1a: Crobat|Crobat, F|7\/373
|turn|22
|
|move|p1a: Crobat|Roost|p1a: Crobat
|-heal|p1a: Crobat|194\/373
|move|p2a: Dugtrio|Earthquake|p1a: Crobat
|-crit|p1a: Crobat
|-supereffective|p1a: Crobat
|-damage|p1a: Crobat|0 fnt
|faint|p1a: Crobat
|
|
|switch|p1a: Krookodile|Krookodile, F|393\/393
|-ability|p1a: Krookodile|Intimidate|[of] p2a: Dugtrio
|-unboost|p2a: Dugtrio|atk|1
|turn|23
|
|switch|p2a: Tangrowth|Tangrowth, F|403\/403
|move|p1a: Krookodile|Knock Off|p2a: Tangrowth
|-damage|p2a: Tangrowth|312\/403
|-enditem|p2a: Tangrowth|Leftovers|[from] move: Knock Off|[of] p1a: Krookodile
|
|turn|24
|
|move|p1a: Krookodile|Earthquake|p2a: Tangrowth
|-resisted|p2a: Tangrowth
|-damage|p2a: Tangrowth|266\/403
|move|p2a: Tangrowth|Giga Drain|p1a: Krookodile
|-supereffective|p1a: Krookodile
|-damage|p1a: Krookodile|157\/393
|-heal|p2a: Tangrowth|384\/403|[from] drain|[of] p1a: Krookodile
|
|-heal|p1a: Krookodile|181\/393|[from] item: Leftovers
|turn|25
|
|switch|p1a: Espeon|Espeon, F|176\/292
|move|p2a: Tangrowth|Giga Drain|p1a: Espeon
|-damage|p1a: Espeon|70\/292
|-heal|p2a: Tangrowth|403\/403|[from] drain|[of] p1a: Espeon
|
|-heal|p1a: Espeon|88\/292|[from] item: Leftovers
|turn|26
|
|move|p1a: Espeon|Psyshock|p2a: Tangrowth
|-crit|p2a: Tangrowth
|-damage|p2a: Tangrowth|277\/403
|move|p2a: Tangrowth|Knock Off|p1a: Espeon
|-supereffective|p1a: Espeon
|-damage|p1a: Espeon|0 fnt
|-enditem|p1a: Espeon|Leftovers|[from] move: Knock Off|[of] p2a: Tangrowth
|faint|p1a: Espeon
|
|
|switch|p1a: Tentacruel|Tentacruel, F|207\/361
|turn|27
|
|move|p1a: Tentacruel|Ice Beam|p2a: Tangrowth
|-supereffective|p2a: Tangrowth
|-damage|p2a: Tangrowth|89\/403
|move|p2a: Tangrowth|Knock Off|p1a: Tentacruel
|-damage|p1a: Tentacruel|147\/361
|-enditem|p1a: Tentacruel|Black Sludge|[from] move: Knock Off|[of] p2a: Tangrowth
|
|turn|28
|
|move|p1a: Tentacruel|Ice Beam|p2a: Tangrowth
|-supereffective|p2a: Tangrowth
|-damage|p2a: Tangrowth|0 fnt
|faint|p2a: Tangrowth
|
|
|switch|p2a: Kyurem|Kyurem|416\/416
|-ability|p2a: Kyurem|Pressure
|turn|29
|
|move|p2a: Kyurem|Substitute|p2a: Kyurem
|-start|p2a: Kyurem|Substitute
|-damage|p2a: Kyurem|312\/416
|move|p1a: Tentacruel|Ice Beam|p2a: Kyurem
|-activate|p2a: Kyurem|Substitute|[damage]
|
|-heal|p2a: Kyurem|338\/416|[from] item: Leftovers
|turn|30
|
|move|p2a: Kyurem|Earth Power|p1a: Tentacruel
|-supereffective|p1a: Tentacruel
|-damage|p1a: Tentacruel|0 fnt
|faint|p1a: Tentacruel
|
|-heal|p2a: Kyurem|364\/416|[from] item: Leftovers
|
|switch|p1a: Krookodile|Krookodile, F|181\/393
|-activate|p2a: Kyurem|Substitute|ability: Intimidate|[of] p1a: Krookodile
|turn|31
|
|move|p2a: Kyurem|Ice Beam|p1a: Krookodile
|-supereffective|p1a: Krookodile
|-damage|p1a: Krookodile|0 fnt
|faint|p1a: Krookodile
|
|win|i ran away
|raw|Ladder updating...