|join|Wolfhead69
|join|I ran away
|player|p1|Wolfhead69|1
|player|p2|I ran away|244
|gametype|singles
|gen|6
|tier|UU
|rated
|rule|Sleep Clause Mod: Limit one foe put to sleep
|rule|Species Clause: Limit one of each Pokémon
|rule|OHKO Clause: OHKO moves are banned
|rule|Moody Clause: Moody is banned
|rule|Evasion Moves Clause: Evasion moves are banned
|rule|Endless Battle Clause: Forcing endless battles is banned
|rule|HP Percentage Mod: HP is shown in percentages
|clearpoke
|poke|p1|Galvantula, M
|poke|p1|Empoleon, M
|poke|p1|Lucario, F
|poke|p1|Aerodactyl, F
|poke|p1|Donphan, F
|poke|p1|Chandelure, F
|poke|p2|Nidoqueen, F
|poke|p2|Aerodactyl, M
|poke|p2|Rotom-Mow
|poke|p2|Alomomola, M
|poke|p2|Toxicroak, F
|poke|p2|Honchkrow, M
|rule|Swagger Clause: Swagger is banned
|rule|Baton Pass Clause: Limit one Pokémon knowing Baton Pass
|teampreview
|join|Secondary
|
|start
|switch|p1a: Donphan|Donphan, F|384\/384
|switch|p2a: secondary|Aerodactyl, M|301\/301
|-ability|p2a: secondary|Pressure
|turn|1
|
|detailschange|p2a: secondary|Aerodactyl-Mega, M
|message|Aerodactyl has Mega Evolved into Mega Aerodactyl!
|move|p2a: secondary|Taunt|p1a: Donphan
|-start|p1a: Donphan|move: Taunt
|move|p1a: Donphan|Knock Off|p2a: secondary
|-damage|p2a: secondary|205\/301
|
|turn|2
|
|switch|p2a: dark secrets|Rotom-Mow|303\/303
|move|p1a: Donphan|Ice Shard|p2a: dark secrets
|-supereffective|p2a: dark secrets
|-damage|p2a: dark secrets|209\/303
|
|-heal|p2a: dark secrets|227\/303|[from] item: Leftovers
|turn|3
|
|switch|p1a: Chandelure|Chandelure, F|262\/262
|move|p2a: dark secrets|Volt Switch|p1a: Chandelure
|-damage|p1a: Chandelure|145\/262
|
|switch|p2a: secondary|Nidoqueen, F|363\/363
|
|turn|4
|
|switch|p2a: Helios|Alomomola, M|533\/533
|move|p1a: Chandelure|Fire Blast|p2a: Helios|[miss]
|-miss|p1a: Chandelure|p2a: Helios
|
|turn|5
|
|switch|p1a: Galvantula|Galvantula, M|282\/282
|switch|p2a: secondary|Aerodactyl-Mega, M|205\/301
|
|turn|6
|
|move|p2a: secondary|Roost|p2a: secondary
|-heal|p2a: secondary|301\/301
|move|p1a: Galvantula|Thunder|p2a: secondary
|-damage|p2a: secondary|132\/301
|
|turn|7
|
|switch|p2a: secondary|Nidoqueen, F|363\/363
|move|p1a: Galvantula|Giga Drain|p2a: secondary
|-damage|p2a: secondary|275\/363
|
|turn|8
|
|move|p1a: Galvantula|Giga Drain|p2a: secondary
|-damage|p2a: secondary|189\/363
|move|p2a: secondary|Ice Beam|p1a: Galvantula
|-damage|p1a: Galvantula|84\/282
|
|turn|9
|
|move|p1a: Galvantula|Giga Drain|p2a: secondary
|-damage|p2a: secondary|103\/363
|-heal|p1a: Galvantula|127\/282|[from] drain|[of] p2a: secondary
|move|p2a: secondary|Earth Power|p1a: Galvantula
|-damage|p1a: Galvantula|0 fnt
|faint|p1a: Galvantula
|
|
|switch|p1a: Chandelure|Chandelure, F|145\/262
|turn|10
|
|switch|p2a: Helios|Alomomola, M|533\/533
|move|p1a: Chandelure|Trick|p2a: Helios
|-activate|p1a: Chandelure|move: Trick|[of] p2a: Helios
|-item|p2a: Helios|Choice Scarf|[from] move: Trick
|-item|p1a: Chandelure|Leftovers|[from] move: Trick
|
|-heal|p1a: Chandelure|161\/262|[from] item: Leftovers
|turn|11
|
|move|p1a: Chandelure|Energy Ball|p2a: Helios
|-supereffective|p2a: Helios
|-damage|p2a: Helios|245\/533
|move|p2a: Helios|Healing Wish|p2a: Helios
|faint|p2a: Helios
|
|-heal|p1a: Chandelure|177\/262|[from] item: Leftovers
|
|switch|p2a: secondary|Nidoqueen, F|103\/363
|-heal|p2a: secondary|363\/363|[from] move: Healing Wish
|turn|12
|
|move|p1a: Chandelure|Fire Blast|p2a: secondary
|-damage|p2a: secondary|129\/363
|move|p2a: secondary|Earth Power|p1a: Chandelure
|-supereffective|p1a: Chandelure
|-damage|p1a: Chandelure|0 fnt
|faint|p1a: Chandelure
|
|
|switch|p1a: Aerodactyl|Aerodactyl, F|302\/302
|-ability|p1a: Aerodactyl|Unnerve|p2: I ran away
|turn|13
|
|detailschange|p1a: Aerodactyl|Aerodactyl-Mega, F
|message|Aerodactyl has Mega Evolved into Mega Aerodactyl!
|move|p1a: Aerodactyl|Earthquake|p2a: secondary
|-supereffective|p2a: secondary
|-damage|p2a: secondary|0 fnt
|faint|p2a: secondary
|
|
|switch|p2a: dark secrets|Rotom-Mow|227\/303
|turn|14
|
|switch|p1a: Donphan|Donphan, F|384\/384
|move|p2a: dark secrets|Will-O-Wisp|p1a: Donphan
|-status|p1a: Donphan|brn
|
|-heal|p2a: dark secrets|245\/303|[from] item: Leftovers
|-damage|p1a: Donphan|336\/384 brn|[from] brn
|turn|15
|
|move|p2a: dark secrets|Leaf Storm|p1a: Donphan
|-supereffective|p1a: Donphan
|-damage|p1a: Donphan|0 fnt
|-unboost|p2a: dark secrets|spa|2
|faint|p1a: Donphan
|
|-heal|p2a: dark secrets|263\/303|[from] item: Leftovers
|
|switch|p1a: Empoleon|Empoleon, M|372\/372
|turn|16
|
|move|p2a: dark secrets|Volt Switch|p1a: Empoleon
|-supereffective|p1a: Empoleon
|-damage|p1a: Empoleon|258\/372
|
|switch|p2a: dark secrets|Toxicroak, F|307\/307
|move|p1a: Empoleon|Stealth Rock|p2a: dark secrets
|-sidestart|p2: I ran away|move: Stealth Rock
|
|-heal|p1a: Empoleon|281\/372|[from] item: Leftovers
|turn|17
|
|move|p2a: dark secrets|Drain Punch|p1a: Empoleon
|-supereffective|p1a: Empoleon
|-damage|p1a: Empoleon|111\/372
|move|p1a: Empoleon|Yawn|p2a: dark secrets
|-start|p2a: dark secrets|move: Yawn|[of] p1a: Empoleon
|
|-heal|p1a: Empoleon|134\/372|[from] item: Leftovers
|turn|18
|
|move|p2a: dark secrets|Drain Punch|p1a: Empoleon
|-supereffective|p1a: Empoleon
|-damage|p1a: Empoleon|0 fnt
|faint|p1a: Empoleon
|
|-status|p2a: dark secrets|slp
|
|switch|p1a: Aerodactyl|Aerodactyl-Mega, F|302\/302
|turn|19
|
|switch|p2a: secondary|Aerodactyl-Mega, M|132\/301
|-damage|p2a: secondary|57\/301|[from] Stealth Rock
|move|p1a: Aerodactyl|Hone Claws|p1a: Aerodactyl
|-boost|p1a: Aerodactyl|atk|1
|-boost|p1a: Aerodactyl|accuracy|1
|
|turn|20
|
|move|p2a: secondary|Aerial Ace|p1a: Aerodactyl
|-resisted|p1a: Aerodactyl
|-damage|p1a: Aerodactyl|212\/302
|move|p1a: Aerodactyl|Aerial Ace|p2a: secondary
|-resisted|p2a: secondary
|-damage|p2a: secondary|0 fnt
|faint|p2a: secondary
|
|
|switch|p2a: dark secrets|Rotom-Mow|263\/303
|-damage|p2a: dark secrets|226\/303|[from] Stealth Rock
|turn|21
|
|move|p1a: Aerodactyl|Stone Edge|p2a: dark secrets
|-damage|p2a: dark secrets|0 fnt
|faint|p2a: dark secrets
|
|
|switch|p2a: Helios|Honchkrow, M|341\/341
|-damage|p2a: Helios|256\/341|[from] Stealth Rock
|turn|22
|
|move|p2a: Helios|Sucker Punch|p1a: Aerodactyl
|-damage|p1a: Aerodactyl|0 fnt
|faint|p1a: Aerodactyl
|-boost|p2a: Helios|atk|1|[from] ability: Moxie
|
|
|switch|p1a: Lucario|Lucario, F|282\/282
|turn|23
|
|move|p1a: Lucario|Close Combat|p2a: Helios
|-damage|p2a: Helios|0 fnt
|-unboost|p1a: Lucario|def|1
|-unboost|p1a: Lucario|spd|1
|-damage|p1a: Lucario|254\/282|[from] item: Life Orb
|faint|p2a: Helios
|
|
|switch|p2a: dark secrets|Toxicroak, F|307\/307 slp
|-damage|p2a: dark secrets|288\/307 slp|[from] Stealth Rock
|turn|24
|
|move|p1a: Lucario|Extreme Speed|p2a: dark secrets
|-crit|p2a: dark secrets
|-damage|p2a: dark secrets|11\/307 slp
|-damage|p1a: Lucario|226\/282|[from] item: Life Orb
|cant|p2a: dark secrets|slp
|
|turn|25
|
|move|p1a: Lucario|Extreme Speed|p2a: dark secrets
|-damage|p2a: dark secrets|0 fnt
|-damage|p1a: Lucario|198\/282|[from] item: Life Orb
|faint|p2a: dark secrets
|
|win|Wolfhead69
|raw|Ladder updating...