|join|Pheonixmaster
|join|maxilla
|player|p1|Pheonixmaster|167
|player|p2|maxilla|102
|gametype|singles
|gen|6
|tier|OU
|rated
|clearpoke
|poke|p1|Smeargle, M
|poke|p1|Camerupt, M
|poke|p1|Bronzong
|poke|p1|Heatran, M
|poke|p1|Cresselia, F
|poke|p1|Porygon2
|poke|p2|Froslass, F
|poke|p2|Talonflame, M
|poke|p2|Bisharp, M
|poke|p2|Weavile, M
|poke|p2|Thundurus, M
|poke|p2|Diancie
|rule|Swagger Clause: Swagger is banned
|rule|Baton Pass Clause: Limit one Pokémon knowing Baton Pass
|rule|Sleep Clause Mod: Limit one foe put to sleep
|rule|Species Clause: Limit one of each Pokémon
|rule|OHKO Clause: OHKO moves are banned
|rule|Moody Clause: Moody is banned
|rule|Evasion Moves Clause: Evasion moves are banned
|rule|Endless Battle Clause: Forcing endless battles is banned
|rule|HP Percentage Mod: HP is shown in percentages
|teampreview
|
|start
|switch|p1a: Smeargle|Smeargle, M|313\/313
|switch|p2a: Diancie|Diancie|241\/241
|turn|1
|
|detailschange|p2a: Diancie|Diancie-Mega
|-mega|p2a: Diancie|Diancie|Diancite
|move|p2a: Diancie|Stealth Rock|p1a: Smeargle
|-sidestart|p1: Pheonixmaster|move: Stealth Rock
|move|p1a: Smeargle|Trick Room|p1a: Smeargle
|-fieldstart|move: Trick Room|[of] p1a: Smeargle
|
|turn|2
|
|move|p1a: Smeargle|Stealth Rock|p2a: Diancie
|move|p2a: Diancie|Stealth Rock|p1a: Smeargle|[from]Magic Bounce
|-fail|p1a: Smeargle
|move|p2a: Diancie|Moonblast|p1a: Smeargle
|-enditem|p1a: Smeargle|Focus Sash
|-damage|p1a: Smeargle|1\/313
|
|turn|3
|
|move|p1a: Smeargle|Destiny Bond|p1a: Smeargle
|-singlemove|p1a: Smeargle|Destiny Bond
|move|p2a: Diancie|Earth Power|p1a: Smeargle
|-damage|p1a: Smeargle|0 fnt
|faint|p1a: Smeargle
|-activate|p1a: Smeargle|Destiny Bond
|faint|p2a: Diancie
|
|
|switch|p2a: Froslass|Froslass, F|281\/281
|switch|p1a: Camerupt|Camerupt, M|281\/281
|-damage|p1a: Camerupt|246\/281|[from] Stealth Rock
|turn|4
|
|detailschange|p1a: Camerupt|Camerupt-Mega, M
|-mega|p1a: Camerupt|Camerupt|Cameruptite
|move|p1a: Camerupt|Rock Slide|p2a: Froslass
|-crit|p2a: Froslass
|-supereffective|p2a: Froslass
|-enditem|p2a: Froslass|Focus Sash
|-damage|p2a: Froslass|1\/281
|move|p2a: Froslass|Spikes|p1a: Camerupt
|-sidestart|p1: Pheonixmaster|Spikes
|
|turn|5
|
|move|p1a: Camerupt|Rock Slide|p2a: Froslass
|-supereffective|p2a: Froslass
|-damage|p2a: Froslass|0 fnt
|faint|p2a: Froslass
|
|-fieldend|move: Trick Room
|
|switch|p2a: easy game|Talonflame, M|297\/297
|turn|6
|
|move|p2a: easy game|Brave Bird|p1a: Camerupt
|-crit|p1a: Camerupt
|-damage|p1a: Camerupt|0 fnt
|-damage|p2a: easy game|216\/297|[from] recoil|[of] p1a: Camerupt
|faint|p1a: Camerupt
|
|
|switch|p1a: Cresselia|Cresselia, F|444\/444
|-damage|p1a: Cresselia|389\/444|[from] Stealth Rock
|turn|7
|
|move|p2a: easy game|Brave Bird|p1a: Cresselia
|-damage|p1a: Cresselia|226\/444
|-damage|p2a: easy game|162\/297|[from] recoil|[of] p1a: Cresselia
|move|p1a: Cresselia|Sunny Day|p1a: Cresselia
|-weather|SunnyDay
|
|-weather|SunnyDay|[upkeep]
|turn|8
|
|move|p2a: easy game|Brave Bird|p1a: Cresselia
|-damage|p1a: Cresselia|49\/444
|-damage|p2a: easy game|104\/297|[from] recoil|[of] p1a: Cresselia
|move|p1a: Cresselia|Trick Room|p1a: Cresselia
|-fieldstart|move: Trick Room|[of] p1a: Cresselia
|
|-weather|SunnyDay|[upkeep]
|turn|9
|
|move|p2a: easy game|Brave Bird|p1a: Cresselia
|-damage|p1a: Cresselia|0 fnt
|-damage|p2a: easy game|88\/297|[from] recoil|[of] p1a: Cresselia
|faint|p1a: Cresselia
|
|-weather|SunnyDay|[upkeep]
|
|switch|p1a: Heatran|Heatran, M|386\/386
|-damage|p1a: Heatran|338\/386|[from] Stealth Rock
|-damage|p1a: Heatran|290\/386|[from] Spikes
|turn|10
|
|move|p2a: easy game|Brave Bird|p1a: Heatran
|-resisted|p1a: Heatran
|-damage|p1a: Heatran|158\/386
|-damage|p2a: easy game|44\/297|[from] recoil|[of] p1a: Heatran
|move|p1a: Heatran|Fire Blast|p2a: easy game
|-resisted|p2a: easy game
|-damage|p2a: easy game|0 fnt
|faint|p2a: easy game
|
|-weather|SunnyDay|[upkeep]
|
|switch|p2a: Bisharp|Bisharp, M|269\/269
|turn|11
|
|move|p2a: Bisharp|Sucker Punch|p1a: Heatran
|-damage|p1a: Heatran|0 fnt
|-damage|p2a: Bisharp|243\/269|[from] item: Life Orb
|faint|p1a: Heatran
|
|-weather|SunnyDay|[upkeep]
|
|switch|p1a: Bronzong|Bronzong|338\/338
|-damage|p1a: Bronzong|317\/338|[from] Stealth Rock
|turn|12
|
|move|p2a: Bisharp|Sucker Punch|p1a: Bronzong
|-supereffective|p1a: Bronzong
|-enditem|p1a: Bronzong|Colbur Berry|[eat]
|-damage|p1a: Bronzong|153\/338
|-damage|p2a: Bisharp|217\/269|[from] item: Life Orb
|move|p1a: Bronzong|Earthquake|p2a: Bisharp
|-supereffective|p2a: Bisharp
|-damage|p2a: Bisharp|33\/269
|
|-weather|SunnyDay|[upkeep]
|-fieldend|move: Trick Room
|turn|13
|
|move|p2a: Bisharp|Knock Off|p1a: Bronzong
|-supereffective|p1a: Bronzong
|-damage|p1a: Bronzong|0 fnt
|-damage|p2a: Bisharp|7\/269|[from] item: Life Orb
|faint|p1a: Bronzong
|
|-weather|SunnyDay|[upkeep]
|
|switch|p1a: Porygon2|Porygon2|374\/374
|-damage|p1a: Porygon2|328\/374|[from] Spikes
|-damage|p1a: Porygon2|282\/374|[from] Stealth Rock
|-boost|p1a: Porygon2|spa|1|[from] ability: Download
|turn|14
|
|move|p2a: Bisharp|Knock Off|p1a: Porygon2
|-damage|p1a: Porygon2|126\/374
|-enditem|p1a: Porygon2|Eviolite|[from] move: Knock Off|[of] p2a: Bisharp
|-damage|p2a: Bisharp|0 fnt|[from] item: Life Orb
|faint|p2a: Bisharp
|move|p1a: Porygon2|Trick Room|p1a: Porygon2
|-fieldstart|move: Trick Room|[of] p1a: Porygon2
|
|-weather|none
|
|switch|p2a: Thundurus|Thundurus, M|299\/299
|turn|15
|
|move|p1a: Porygon2|Tri Attack|p2a: Thundurus
|-damage|p2a: Thundurus|38\/299
|move|p2a: Thundurus|Thunderbolt|p1a: Porygon2
|-damage|p1a: Porygon2|0 fnt
|-damage|p2a: Thundurus|9\/299|[from] item: Life Orb
|faint|p1a: Porygon2
|
|win|maxilla
|raw|Ladder updating...
|raw|Pheonixmaster's rating: 1453 &rarr; <strong>1430<\/strong><br \/>(-23 for losing)
|raw|maxilla's rating: 1404 &rarr; <strong>1427<\/strong><br \/>(+23 for winning)
|leave|Pheonixmaster
|player|p1