|join|Coldest Hands
|join|vhopman
|player|p1|Coldest Hands|143
|player|p2|vhopman|210
|gametype|singles
|gen|6
|tier|UU
|rated
|rule|Sleep Clause Mod: Limit one foe put to sleep
|rule|Species Clause: Limit one of each Pokémon
|rule|OHKO Clause: OHKO moves are banned
|rule|Moody Clause: Moody is banned
|rule|Evasion Moves Clause: Evasion moves are banned
|rule|Endless Battle Clause: Forcing endless battles is banned
|rule|HP Percentage Mod: HP is shown in percentages
|clearpoke
|poke|p1|Jirachi
|poke|p1|Starmie
|poke|p1|Diancie
|poke|p1|Haxorus, F
|poke|p1|Machamp, F
|poke|p1|Pidgeot, M
|poke|p2|Sharpedo, M, shiny
|poke|p2|Machamp, F
|poke|p2|Reuniclus, M, shiny
|poke|p2|Froslass, F
|poke|p2|Swampert, M, shiny
|poke|p2|Spiritomb, M, shiny
|rule|Swagger Clause: Swagger is banned
|rule|Baton Pass Clause: Limit one Pokémon knowing Baton Pass
|teampreview
|
|start
|switch|p1a: Diancie|Diancie|304\/304
|switch|p2a: Froslass|Froslass, F|344\/344
|turn|1
|
|move|p2a: Froslass|Spikes|p1a: Diancie
|-sidestart|p1: Coldest Hands|Spikes
|move|p1a: Diancie|Diamond Storm|p2a: Froslass
|-supereffective|p2a: Froslass
|-damage|p2a: Froslass|8\/344
|-start|p1a: Diancie|Disable|Diamond Storm
|
|turn|2
|
|move|p2a: Froslass|Destiny Bond|p2a: Froslass
|-singlemove|p2a: Froslass|Destiny Bond
|move|p1a: Diancie|Stealth Rock|p2a: Froslass
|-sidestart|p2: vhopman|move: Stealth Rock
|
|turn|3
|
|switch|p1a: Jirachi|Jirachi|341\/341
|-damage|p1a: Jirachi|299\/341|[from] Spikes
|move|p2a: Froslass|Destiny Bond|p2a: Froslass
|-singlemove|p2a: Froslass|Destiny Bond
|
|turn|4
|
|switch|p1a: Birdeus|Pidgeot, M|319\/319
|move|p2a: Froslass|Destiny Bond|p2a: Froslass
|-singlemove|p2a: Froslass|Destiny Bond
|
|turn|5
|
|switch|p1a: Machamp|Machamp, F|383\/383
|-damage|p1a: Machamp|336\/383|[from] Spikes
|move|p2a: Froslass|Spikes|p1a: Machamp
|-sidestart|p1: Coldest Hands|Spikes
|
|turn|6
|
|move|p1a: Machamp|Bullet Punch|p2a: Froslass
|-supereffective|p2a: Froslass
|-damage|p2a: Froslass|0 fnt
|faint|p2a: Froslass
|
|
|switch|p2a: Reuniclus|Reuniclus, M, shiny|409\/409
|turn|7
|
|switch|p1a: Jirachi|Jirachi|299\/341
|-damage|p1a: Jirachi|243\/341|[from] Spikes
|move|p2a: Reuniclus|Trick Room|p2a: Reuniclus
|-fieldstart|move: Trick Room|[of] p2a: Reuniclus
|
|turn|8
|
|move|p2a: Reuniclus|Shadow Ball|p1a: Jirachi
|-supereffective|p1a: Jirachi
|-damage|p1a: Jirachi|0 fnt
|faint|p1a: Jirachi
|
|
|switch|p1a: Haxorus|Haxorus, F|293\/293
|-damage|p1a: Haxorus|245\/293|[from] Spikes
|-ability|p1a: Haxorus|Mold Breaker
|turn|9
|
|move|p2a: Reuniclus|Psyshock|p1a: Haxorus
|-damage|p1a: Haxorus|38\/293
|move|p1a: Haxorus|Outrage|p2a: Reuniclus
|-damage|p2a: Reuniclus|124\/409
|
|turn|10
|
|move|p2a: Reuniclus|Psyshock|p1a: Haxorus
|-damage|p1a: Haxorus|0 fnt
|faint|p1a: Haxorus
|
|
|switch|p1a: Birdeus|Pidgeot, M|319\/319
|turn|11
|
|detailschange|p1a: Birdeus|Pidgeot-Mega, M
|-mega|p1a: Birdeus|Pidgeot|Pidgeotite
|move|p2a: Reuniclus|Psyshock|p1a: Birdeus
|-damage|p1a: Birdeus|66\/319
|move|p1a: Birdeus|Hurricane|p2a: Reuniclus
|-damage|p2a: Reuniclus|0 fnt
|faint|p2a: Reuniclus
|
|-fieldend|move: Trick Room
|
|switch|p2a: Spiritomb|Spiritomb, M, shiny|294\/294
|-damage|p2a: Spiritomb|258\/294|[from] Stealth Rock
|turn|12
|
|move|p1a: Birdeus|Roost|p1a: Birdeus
|-heal|p1a: Birdeus|226\/319
|move|p2a: Spiritomb|Pursuit|p1a: Birdeus
|-damage|p1a: Birdeus|130\/319
|
|turn|13
|
|move|p1a: Birdeus|U-turn|p2a: Spiritomb
|-damage|p2a: Spiritomb|217\/294
|
|switch|p1a: Diancie|Diancie|304\/304
|-damage|p1a: Diancie|254\/304|[from] Spikes
|move|p2a: Spiritomb|Taunt|p1a: Diancie
|-start|p1a: Diancie|move: Taunt
|
|-heal|p1a: Diancie|273\/304|[from] item: Leftovers
|turn|14
|
|move|p1a: Diancie|Moonblast|p2a: Spiritomb
|-crit|p2a: Spiritomb
|-supereffective|p2a: Spiritomb
|-damage|p2a: Spiritomb|0 fnt
|faint|p2a: Spiritomb
|
|-heal|p1a: Diancie|292\/304|[from] item: Leftovers
|
|switch|p2a: Machamp|Machamp, F|364\/364
|-damage|p2a: Machamp|342\/364|[from] Stealth Rock
|turn|15
|
|move|p2a: Machamp|Heavy Slam|p1a: Diancie
|-supereffective|p1a: Diancie
|-damage|p1a: Diancie|0 fnt
|faint|p1a: Diancie
|
|c|★vhopman|gg
|
|switch|p1a: Birdeus|Pidgeot-Mega, M|130\/319
|turn|16
|
|move|p2a: Machamp|Bullet Punch|p1a: Birdeus
|-damage|p1a: Birdeus|70\/319
|move|p1a: Birdeus|Hurricane|p2a: Machamp
|-supereffective|p2a: Machamp
|-damage|p2a: Machamp|34\/364
|-start|p2a: Machamp|confusion
|
|turn|17
|
|-activate|p2a: Machamp|confusion
|-damage|p2a: Machamp|0 fnt|[from] confusion
|faint|p2a: Machamp
|move|p1a: Birdeus|Roost|p1a: Birdeus
|-heal|p1a: Birdeus|230\/319
|
|
|switch|p2a: Sharpedo|Sharpedo, M, shiny|281\/281
|-damage|p2a: Sharpedo|246\/281|[from] Stealth Rock
|turn|18
|
|move|p2a: Sharpedo|Protect|p2a: Sharpedo
|-singleturn|p2a: Sharpedo|Protect
|move|p1a: Birdeus|Roost|p1a: Birdeus
|-heal|p1a: Birdeus|319\/319
|
|-boost|p2a: Sharpedo|spe|1|[from] ability: Speed Boost
|turn|19
|
|detailschange|p2a: Sharpedo|Sharpedo-Mega, M, shiny
|-mega|p2a: Sharpedo|Sharpedo|Sharpedonite
|move|p2a: Sharpedo|Ice Fang|p1a: Birdeus
|-supereffective|p1a: Birdeus
|-damage|p1a: Birdeus|0 fnt
|faint|p1a: Birdeus
|
|
|switch|p1a: Machamp|Machamp, F|336\/383
|-damage|p1a: Machamp|273\/383|[from] Spikes
|turn|20
|
|move|p2a: Sharpedo|Waterfall|p1a: Machamp
|-damage|p1a: Machamp|71\/383
|move|p1a: Machamp|Dynamic Punch|p2a: Sharpedo
|-supereffective|p2a: Sharpedo
|-damage|p2a: Sharpedo|0 fnt
|faint|p2a: Sharpedo
|
|
|switch|p2a: Swampert|Swampert, M, shiny|403\/403
|-damage|p2a: Swampert|378\/403|[from] Stealth Rock
|turn|21
|
|move|p2a: Swampert|Scald|p1a: Machamp
|-damage|p1a: Machamp|11\/383
|-status|p1a: Machamp|brn
|move|p1a: Machamp|Dynamic Punch|p2a: Swampert
|-damage|p2a: Swampert|300\/403
|-start|p2a: Swampert|confusion
|
|-heal|p2a: Swampert|325\/403|[from] item: Leftovers
|-damage|p1a: Machamp|0 fnt|[from] brn
|faint|p1a: Machamp
|
|switch|p1a: Starmie|Starmie|323\/323
|-damage|p1a: Starmie|270\/323|[from] Spikes
|turn|22
|
|move|p1a: Starmie|Scald|p2a: Swampert
|-damage|p2a: Swampert|226\/403
|-activate|p2a: Swampert|confusion
|move|p2a: Swampert|Earthquake|p1a: Starmie
|-damage|p1a: Starmie|173\/323
|
|-heal|p1a: Starmie|193\/323|[from] item: Leftovers
|-heal|p2a: Swampert|251\/403|[from] item: Leftovers
|turn|23
|
|move|p1a: Starmie|Scald|p2a: Swampert
|-damage|p2a: Swampert|152\/403
|-activate|p2a: Swampert|confusion
|move|p2a: Swampert|Earthquake|p1a: Starmie
|-damage|p1a: Starmie|91\/323
|
|-heal|p1a: Starmie|111\/323|[from] item: Leftovers
|-heal|p2a: Swampert|177\/403|[from] item: Leftovers
|turn|24
|
|move|p1a: Starmie|Recover|p1a: Starmie
|-heal|p1a: Starmie|273\/323
|-end|p2a: Swampert|confusion
|move|p2a: Swampert|Earthquake|p1a: Starmie
|-damage|p1a: Starmie|176\/323
|
|-heal|p1a: Starmie|196\/323|[from] item: Leftovers
|-heal|p2a: Swampert|202\/403|[from] item: Leftovers
|turn|25
|
|move|p1a: Starmie|Scald|p2a: Swampert
|-damage|p2a: Swampert|105\/403
|move|p2a: Swampert|Scald|p1a: Starmie
|-resisted|p1a: Starmie
|-damage|p1a: Starmie|127\/323
|-status|p1a: Starmie|brn
|
|-heal|p1a: Starmie|147\/323 brn|[from] item: Leftovers
|-heal|p2a: Swampert|130\/403|[from] item: Leftovers
|-damage|p1a: Starmie|107\/323 brn|[from] brn
|turn|26
|
|move|p1a: Starmie|Recover|p1a: Starmie
|-heal|p1a: Starmie|269\/323 brn
|move|p2a: Swampert|Earthquake|p1a: Starmie
|-damage|p1a: Starmie|167\/323 brn
|
|-heal|p1a: Starmie|187\/323 brn|[from] item: Leftovers
|-heal|p2a: Swampert|155\/403|[from] item: Leftovers
|-damage|p1a: Starmie|147\/323 brn|[from] brn
|turn|27
|
|move|p1a: Starmie|Recover|p1a: Starmie
|-heal|p1a: Starmie|309\/323 brn
|move|p2a: Swampert|Earthquake|p1a: Starmie
|-damage|p1a: Starmie|206\/323 brn
|
|-heal|p1a: Starmie|226\/323 brn|[from] item: Leftovers
|-heal|p2a: Swampert|180\/403|[from] item: Leftovers
|-damage|p1a: Starmie|186\/323 brn|[from] brn
|turn|28
|
|move|p1a: Starmie|Scald|p2a: Swampert
|-damage|p2a: Swampert|66\/403
|-status|p2a: Swampert|brn
|move|p2a: Swampert|Earthquake|p1a: Starmie
|-crit|p1a: Starmie
|-damage|p1a: Starmie|111\/323 brn
|
|-heal|p1a: Starmie|131\/323 brn|[from] item: Leftovers
|-heal|p2a: Swampert|91\/403 brn|[from] item: Leftovers
|-damage|p1a: Starmie|91\/323 brn|[from] brn
|-damage|p2a: Swampert|41\/403 brn|[from] brn
|turn|29
|leave|vhopman
|c|★Coldest Hands|gg
|player|p2
|-message|vhopman lost due to inactivity.
|
|win|Coldest Hands
|raw|Ladder updating...