|join|wish killer
|join|Here to GG
|player|p1|wish killer|68
|player|p2|Here to GG|148
|gametype|singles
|gen|6
|tier|OU
|rated
|clearpoke
|poke|p1|Bisharp, F
|poke|p1|Venusaur, F
|poke|p1|Heatran, F
|poke|p1|Keldeo
|poke|p1|Chansey, F
|poke|p1|Skarmory, M
|poke|p2|Keldeo
|poke|p2|Thundurus, M
|poke|p2|Tyranitar, M
|poke|p2|Skarmory, F
|poke|p2|Charizard, M
|poke|p2|Gothitelle, M
|rule|Swagger Clause: Swagger is banned
|rule|Baton Pass Clause: Limit one Pokémon knowing Baton Pass
|rule|Sleep Clause Mod: Limit one foe put to sleep
|rule|Species Clause: Limit one of each Pokémon
|rule|OHKO Clause: OHKO moves are banned
|rule|Moody Clause: Moody is banned
|rule|Evasion Moves Clause: Evasion moves are banned
|rule|Endless Battle Clause: Forcing endless battles is banned
|rule|HP Percentage Mod: HP is shown in percentages
|teampreview
|
|start
|switch|p1a: Skarmory|Skarmory, M|334\/334
|switch|p2a: Keldeo|Keldeo|323\/323
|turn|1
|
|move|p2a: Keldeo|Scald|p1a: Skarmory
|-damage|p1a: Skarmory|117\/334
|move|p1a: Skarmory|Spikes|p2a: Keldeo
|-sidestart|p2: Here to GG|Spikes
|
|turn|2
|
|switch|p2a: Gothitelle|Gothitelle, M|301\/301
|-damage|p2a: Gothitelle|264\/301|[from] Spikes
|move|p1a: Skarmory|Roost|p1a: Skarmory
|-heal|p1a: Skarmory|284\/334
|
|turn|3
|
|switch|p2a: Keldeo|Keldeo|323\/323
|-damage|p2a: Keldeo|283\/323|[from] Spikes
|move|p1a: Skarmory|Brave Bird|p2a: Keldeo
|-supereffective|p2a: Keldeo
|-damage|p2a: Keldeo|31\/323
|-damage|p1a: Skarmory|201\/334|[from] recoil|[of] p2a: Keldeo
|
|turn|4
|
|switch|p2a: Gothitelle|Gothitelle, M|264\/301
|-damage|p2a: Gothitelle|227\/301|[from] Spikes
|switch|p1a: Chansey|Chansey, F|684\/684
|
|turn|5
|
|move|p2a: Gothitelle|Trick|p1a: Chansey
|-activate|p2a: Gothitelle|move: Trick|[of] p1a: Chansey
|-item|p1a: Chansey|Choice Scarf|[from] move: Trick
|-item|p2a: Gothitelle|Eviolite|[from] move: Trick
|move|p1a: Chansey|Seismic Toss|p2a: Gothitelle
|-damage|p2a: Gothitelle|127\/301
|
|turn|6
|
|move|p2a: Gothitelle|Rest|p2a: Gothitelle
|-status|p2a: Gothitelle|slp
|-heal|p2a: Gothitelle|301\/301 slp|[silent]
|-status|p2a: Gothitelle|slp|[from] move: Rest
|move|p1a: Chansey|Seismic Toss|p2a: Gothitelle
|-damage|p2a: Gothitelle|201\/301 slp
|
|turn|7
|c|★Here to GG|skip animations for faster viewing :
|
|cant|p2a: Gothitelle|slp
|move|p1a: Chansey|Seismic Toss|p2a: Gothitelle
|-damage|p2a: Gothitelle|101\/301 slp
|
|turn|8
|
|cant|p2a: Gothitelle|slp
|move|p1a: Chansey|Seismic Toss|p2a: Gothitelle
|-damage|p2a: Gothitelle|1\/301 slp
|
|turn|9
|
|-curestatus|p2a: Gothitelle|slp
|move|p2a: Gothitelle|Rest|p2a: Gothitelle
|-status|p2a: Gothitelle|slp
|-heal|p2a: Gothitelle|301\/301 slp|[silent]
|-status|p2a: Gothitelle|slp|[from] move: Rest
|move|p1a: Chansey|Seismic Toss|p2a: Gothitelle
|-damage|p2a: Gothitelle|201\/301 slp
|
|turn|10
|
|cant|p2a: Gothitelle|slp
|move|p1a: Chansey|Seismic Toss|p2a: Gothitelle
|-damage|p2a: Gothitelle|101\/301 slp
|
|turn|11
|
|cant|p2a: Gothitelle|slp
|move|p1a: Chansey|Seismic Toss|p2a: Gothitelle
|-damage|p2a: Gothitelle|1\/301 slp
|
|turn|12
|
|-curestatus|p2a: Gothitelle|slp
|move|p2a: Gothitelle|Rest|p2a: Gothitelle
|-status|p2a: Gothitelle|slp
|-heal|p2a: Gothitelle|301\/301 slp|[silent]
|-status|p2a: Gothitelle|slp|[from] move: Rest
|move|p1a: Chansey|Seismic Toss|p2a: Gothitelle
|-damage|p2a: Gothitelle|201\/301 slp
|
|turn|13
|
|cant|p2a: Gothitelle|slp
|move|p1a: Chansey|Seismic Toss|p2a: Gothitelle
|-damage|p2a: Gothitelle|101\/301 slp
|
|turn|14
|
|cant|p2a: Gothitelle|slp
|move|p1a: Chansey|Seismic Toss|p2a: Gothitelle
|-damage|p2a: Gothitelle|1\/301 slp
|
|turn|15
|
|-curestatus|p2a: Gothitelle|slp
|move|p2a: Gothitelle|Rest|p2a: Gothitelle
|-status|p2a: Gothitelle|slp
|-heal|p2a: Gothitelle|301\/301 slp|[silent]
|-status|p2a: Gothitelle|slp|[from] move: Rest
|move|p1a: Chansey|Seismic Toss|p2a: Gothitelle
|-damage|p2a: Gothitelle|201\/301 slp
|
|turn|16
|
|cant|p2a: Gothitelle|slp
|move|p1a: Chansey|Seismic Toss|p2a: Gothitelle
|-damage|p2a: Gothitelle|101\/301 slp
|
|turn|17
|
|cant|p2a: Gothitelle|slp
|move|p1a: Chansey|Seismic Toss|p2a: Gothitelle
|-damage|p2a: Gothitelle|1\/301 slp
|
|turn|18
|
|-curestatus|p2a: Gothitelle|slp
|move|p2a: Gothitelle|Rest|p2a: Gothitelle
|-status|p2a: Gothitelle|slp
|-heal|p2a: Gothitelle|301\/301 slp|[silent]
|-status|p2a: Gothitelle|slp|[from] move: Rest
|move|p1a: Chansey|Seismic Toss|p2a: Gothitelle
|-damage|p2a: Gothitelle|201\/301 slp
|
|turn|19
|
|cant|p2a: Gothitelle|slp
|move|p1a: Chansey|Seismic Toss|p2a: Gothitelle
|-damage|p2a: Gothitelle|101\/301 slp
|
|turn|20
|
|cant|p2a: Gothitelle|slp
|move|p1a: Chansey|Seismic Toss|p2a: Gothitelle
|-damage|p2a: Gothitelle|1\/301 slp
|
|turn|21
|
|-curestatus|p2a: Gothitelle|slp
|move|p2a: Gothitelle|Rest|p2a: Gothitelle
|-status|p2a: Gothitelle|slp
|-heal|p2a: Gothitelle|301\/301 slp|[silent]
|-status|p2a: Gothitelle|slp|[from] move: Rest
|move|p1a: Chansey|Seismic Toss|p2a: Gothitelle
|-damage|p2a: Gothitelle|201\/301 slp
|
|turn|22
|
|cant|p2a: Gothitelle|slp
|move|p1a: Chansey|Seismic Toss|p2a: Gothitelle
|-damage|p2a: Gothitelle|101\/301 slp
|
|turn|23
|
|cant|p2a: Gothitelle|slp
|move|p1a: Chansey|Seismic Toss|p2a: Gothitelle
|-damage|p2a: Gothitelle|1\/301 slp
|
|turn|24
|
|-curestatus|p2a: Gothitelle|slp
|move|p2a: Gothitelle|Rest|p2a: Gothitelle
|-status|p2a: Gothitelle|slp
|-heal|p2a: Gothitelle|301\/301 slp|[silent]
|-status|p2a: Gothitelle|slp|[from] move: Rest
|move|p1a: Chansey|Seismic Toss|p2a: Gothitelle
|-damage|p2a: Gothitelle|201\/301 slp
|
|turn|25
|
|cant|p2a: Gothitelle|slp
|move|p1a: Chansey|Seismic Toss|p2a: Gothitelle
|-damage|p2a: Gothitelle|101\/301 slp
|
|turn|26
|
|cant|p2a: Gothitelle|slp
|move|p1a: Chansey|Seismic Toss|p2a: Gothitelle
|-damage|p2a: Gothitelle|1\/301 slp
|
|turn|27
|
|-curestatus|p2a: Gothitelle|slp
|move|p2a: Gothitelle|Rest|p2a: Gothitelle
|-status|p2a: Gothitelle|slp
|-heal|p2a: Gothitelle|301\/301 slp|[silent]
|-status|p2a: Gothitelle|slp|[from] move: Rest
|move|p1a: Chansey|Seismic Toss|p2a: Gothitelle
|-damage|p2a: Gothitelle|201\/301 slp
|
|turn|28
|
|cant|p2a: Gothitelle|slp
|move|p1a: Chansey|Seismic Toss|p2a: Gothitelle
|-damage|p2a: Gothitelle|101\/301 slp
|
|turn|29
|
|cant|p2a: Gothitelle|slp
|move|p1a: Chansey|Seismic Toss|p2a: Gothitelle
|-damage|p2a: Gothitelle|1\/301 slp
|
|turn|30
|
|-curestatus|p2a: Gothitelle|slp
|move|p2a: Gothitelle|Rest|p2a: Gothitelle
|-status|p2a: Gothitelle|slp
|-heal|p2a: Gothitelle|301\/301 slp|[silent]
|-status|p2a: Gothitelle|slp|[from] move: Rest
|move|p1a: Chansey|Seismic Toss|p2a: Gothitelle
|-damage|p2a: Gothitelle|201\/301 slp
|
|turn|31
|
|cant|p2a: Gothitelle|slp
|move|p1a: Chansey|Seismic Toss|p2a: Gothitelle
|-damage|p2a: Gothitelle|101\/301 slp
|
|turn|32
|
|cant|p2a: Gothitelle|slp
|move|p1a: Chansey|Seismic Toss|p2a: Gothitelle
|-damage|p2a: Gothitelle|1\/301 slp
|
|turn|33
|
|-curestatus|p2a: Gothitelle|slp
|move|p2a: Gothitelle|Rest|p2a: Gothitelle
|-status|p2a: Gothitelle|slp
|-heal|p2a: Gothitelle|301\/301 slp|[silent]
|-status|p2a: Gothitelle|slp|[from] move: Rest
|move|p1a: Chansey|Seismic Toss|p2a: Gothitelle
|-damage|p2a: Gothitelle|201\/301 slp
|
|turn|34
|
|cant|p2a: Gothitelle|slp
|move|p1a: Chansey|Seismic Toss|p2a: Gothitelle
|-damage|p2a: Gothitelle|101\/301 slp
|
|turn|35
|
|cant|p2a: Gothitelle|slp
|move|p1a: Chansey|Seismic Toss|p2a: Gothitelle
|-damage|p2a: Gothitelle|1\/301 slp
|
|turn|36
|
|-curestatus|p2a: Gothitelle|slp
|move|p2a: Gothitelle|Rest|p2a: Gothitelle
|-status|p2a: Gothitelle|slp
|-heal|p2a: Gothitelle|301\/301 slp|[silent]
|-status|p2a: Gothitelle|slp|[from] move: Rest
|move|p1a: Chansey|Seismic Toss|p2a: Gothitelle
|-damage|p2a: Gothitelle|201\/301 slp
|
|turn|37
|
|cant|p2a: Gothitelle|slp
|move|p1a: Chansey|Struggle|p2a: Gothitelle
|-damage|p2a: Gothitelle|194\/301 slp
|-damage|p1a: Chansey|513\/684
|
|turn|38
|
|cant|p2a: Gothitelle|slp
|move|p1a: Chansey|Struggle|p2a: Gothitelle
|-damage|p2a: Gothitelle|186\/301 slp
|-damage|p1a: Chansey|342\/684
|
|turn|39
|join|Zenzo
|c| Zenzo|hey
|c| Zenzo|how's it going man
|
|-curestatus|p2a: Gothitelle|slp
|move|p2a: Gothitelle|Calm Mind|p2a: Gothitelle
|-boost|p2a: Gothitelle|spa|1
|-boost|p2a: Gothitelle|spd|1
|move|p1a: Chansey|Struggle|p2a: Gothitelle
|-damage|p2a: Gothitelle|179\/301
|-damage|p1a: Chansey|171\/684
|
|turn|40
|
|move|p2a: Gothitelle|Calm Mind|p2a: Gothitelle
|-boost|p2a: Gothitelle|spa|1
|-boost|p2a: Gothitelle|spd|1
|move|p1a: Chansey|Struggle|p2a: Gothitelle
|-damage|p2a: Gothitelle|171\/301
|-damage|p1a: Chansey|0 fnt
|faint|p1a: Chansey
|
|c|★Here to GG|oops
|c|★Here to GG|meant to trick :L
|
|switch|p1a: Bisharp|Bisharp, F|334\/334
|turn|41
|
|switch|p2a: Tyranitar|Tyranitar, M|341\/341
|-damage|p2a: Tyranitar|299\/341|[from] Spikes
|-weather|Sandstorm
|move|p1a: Bisharp|Knock Off|p2a: Tyranitar
|-resisted|p2a: Tyranitar
|-damage|p2a: Tyranitar|215\/341
|-enditem|p2a: Tyranitar|Choice Scarf|[from] move: Knock Off|[of] p1a: Bisharp
|
|-weather|Sandstorm|[upkeep]
|turn|42
|
|switch|p2a: Skarmory|Skarmory, F|333\/333
|switch|p1a: Skarmory|Skarmory, M|201\/334
|
|-weather|Sandstorm|[upkeep]
|turn|43
|
|switch|p1a: Heatran|Heatran, F|340\/340
|-item|p1a: Heatran|Air Balloon
|move|p2a: Skarmory|Stealth Rock|p1a: Heatran
|-sidestart|p1: wish killer|move: Stealth Rock
|
|-weather|Sandstorm|[upkeep]
|turn|44
|
|move|p1a: Heatran|Fire Blast|p2a: Skarmory
|-supereffective|p2a: Skarmory
|-activate|p2a: Skarmory|Sturdy
|-damage|p2a: Skarmory|1\/333
|move|p2a: Skarmory|Defog|p1a: Heatran
|-unboost|p1a: Heatran|evasion|1
|-sideend|p1: wish killer|Stealth Rock|[from] move: Defog|[of] p1a: Heatran
|-sideend|p2: Here to GG|Spikes|[from] move: Defog|[of] p2a: Skarmory
|
|-weather|Sandstorm|[upkeep]
|turn|45
|
|move|p1a: Heatran|Stealth Rock|p2a: Skarmory
|-sidestart|p2: Here to GG|move: Stealth Rock
|move|p2a: Skarmory|Roost|p2a: Skarmory
|-heal|p2a: Skarmory|168\/333
|
|-weather|none
|turn|46
|
|switch|p2a: Keldeo|Keldeo|31\/323
|-damage|p2a: Keldeo|11\/323|[from] Stealth Rock
|move|p1a: Heatran|Fire Blast|p2a: Keldeo
|-resisted|p2a: Keldeo
|-damage|p2a: Keldeo|0 fnt
|faint|p2a: Keldeo
|
|
|switch|p2a: Gothitelle|Gothitelle, M|171\/301
|-damage|p2a: Gothitelle|134\/301|[from] Stealth Rock
|turn|47
|
|move|p1a: Heatran|Fire Blast|p2a: Gothitelle
|-damage|p2a: Gothitelle|0 fnt
|faint|p2a: Gothitelle
|
|-message|Here to GG forfeited.
|leave|Here to GG
|
|win|wish killer
|raw|Ladder updating...
|player|p2
|raw|wish killer's rating: 1786 &rarr; <strong>1802<\/strong><br \/>(+16 for winning)
|raw|Here to GG's rating: 1725 &rarr; <strong>1709<\/strong><br \/>(-16 for losing)