|join|rnd900
|join|wish killer
wish killer made this room hidden.
|player|p1|rnd900|169
|player|p2|wish killer|1
|gametype|singles
|gen|6
|tier|OU
|rated
|clearpoke
|poke|p1|Lopunny, F
|poke|p1|Gliscor, M
|poke|p1|Heatran, F
|poke|p1|Latias, F
|poke|p1|Dragonite, F
|poke|p1|Azumarill, F
|poke|p2|Bisharp, M
|poke|p2|Venusaur, M
|poke|p2|Heatran, F
|poke|p2|Keldeo
|poke|p2|Chansey, F
|poke|p2|Skarmory, M
|rule|Swagger Clause: Swagger is banned
|rule|Baton Pass Clause: Limit one Pokémon knowing Baton Pass
|rule|Sleep Clause Mod: Limit one foe put to sleep
|rule|Species Clause: Limit one of each Pokémon
|rule|OHKO Clause: OHKO moves are banned
|rule|Moody Clause: Moody is banned
|rule|Evasion Moves Clause: Evasion moves are banned
|rule|Endless Battle Clause: Forcing endless battles is banned
|rule|HP Percentage Mod: HP is shown in percentages
|teampreview
|
|start
|switch|p1a: Heatran|Heatran, F|324\/324
|switch|p2a: Heatran|Heatran, F|340\/340
|-item|p2a: Heatran|Air Balloon
|-item|p1a: Heatran|Air Balloon
|turn|1
|
|move|p1a: Heatran|Taunt|p2a: Heatran
|-start|p2a: Heatran|move: Taunt
|cant|p2a: Heatran|move: Taunt|Stealth Rock
|
|turn|2
|
|switch|p2a: Keldeo|Keldeo|323\/323
|move|p1a: Heatran|Stealth Rock|p2a: Keldeo
|-sidestart|p2: wish killer|move: Stealth Rock
|
|turn|3
|
|switch|p1a: Latias|Latias, F|302\/302
|move|p2a: Keldeo|Scald|p1a: Latias
|-resisted|p1a: Latias
|-damage|p1a: Latias|245\/302
|-status|p1a: Latias|brn
|
|-damage|p1a: Latias|208\/302 brn|[from] brn
|turn|4
|
|switch|p1a: Azumarill|Azumarill, F|401\/401
|switch|p2a: Heatran|Heatran, F|340\/340
|-damage|p2a: Heatran|298\/340|[from] Stealth Rock
|-item|p2a: Heatran|Air Balloon
|
|turn|5
|
|move|p2a: Heatran|Stealth Rock|p1a: Azumarill
|-sidestart|p1: rnd900|move: Stealth Rock
|move|p1a: Azumarill|Waterfall|p2a: Heatran
|-supereffective|p2a: Heatran
|-damage|p2a: Heatran|34\/340
|-enditem|p2a: Heatran|Air Balloon
|
|turn|6
|
|switch|p2a: Venusaur|Venusaur, M|364\/364
|-damage|p2a: Venusaur|319\/364|[from] Stealth Rock
|move|p1a: Azumarill|Aqua Jet|p2a: Venusaur
|-resisted|p2a: Venusaur
|-damage|p2a: Venusaur|286\/364
|
|turn|7
|
|switch|p1a: Heatran|Heatran, F|324\/324
|-damage|p1a: Heatran|284\/324|[from] Stealth Rock
|-item|p1a: Heatran|Air Balloon
|detailschange|p2a: Venusaur|Venusaur-Mega, M
|-mega|p2a: Venusaur|Venusaur|Venusaurite
|move|p2a: Venusaur|Leech Seed|p1a: Heatran
|-start|p1a: Heatran|move: Leech Seed
|
|-damage|p1a: Heatran|244\/324|[from] Leech Seed|[of] p2a: Venusaur
|-heal|p2a: Venusaur|326\/364|[silent]
|turn|8
|
|move|p1a: Heatran|Lava Plume|p2a: Venusaur
|-supereffective|p2a: Venusaur
|-damage|p2a: Venusaur|206\/364
|move|p2a: Venusaur|Giga Drain|p1a: Heatran
|-resisted|p1a: Heatran
|-damage|p1a: Heatran|222\/324
|-heal|p2a: Venusaur|217\/364|[from] drain|[of] p1a: Heatran
|-enditem|p1a: Heatran|Air Balloon
|
|-damage|p1a: Heatran|182\/324|[from] Leech Seed|[of] p2a: Venusaur
|-heal|p2a: Venusaur|257\/364|[silent]
|turn|9
|
|switch|p2a: Keldeo|Keldeo|323\/323
|-damage|p2a: Keldeo|303\/323|[from] Stealth Rock
|move|p1a: Heatran|Will-O-Wisp|p2a: Keldeo
|-status|p2a: Keldeo|brn
|
|-heal|p2a: Keldeo|323\/323 brn|[from] item: Leftovers
|-damage|p1a: Heatran|142\/324|[from] Leech Seed|[of] p2a: Keldeo
|-damage|p2a: Keldeo|283\/323 brn|[from] brn
|turn|10
|
|switch|p1a: Latias|Latias, F|208\/302 brn
|-damage|p1a: Latias|171\/302 brn|[from] Stealth Rock
|move|p2a: Keldeo|Icy Wind|p1a: Latias
|-supereffective|p1a: Latias
|-damage|p1a: Latias|71\/302 brn
|-unboost|p1a: Latias|spe|1
|
|-heal|p2a: Keldeo|303\/323 brn|[from] item: Leftovers
|-damage|p2a: Keldeo|263\/323 brn|[from] brn
|-damage|p1a: Latias|34\/302 brn|[from] brn
|turn|11
|
|move|p2a: Keldeo|Secret Sword|p1a: Latias
|-resisted|p1a: Latias
|-damage|p1a: Latias|0 fnt
|faint|p1a: Latias
|
|-heal|p2a: Keldeo|283\/323 brn|[from] item: Leftovers
|-damage|p2a: Keldeo|243\/323 brn|[from] brn
|
|switch|p1a: Azumarill|Azumarill, F|401\/401
|-damage|p1a: Azumarill|351\/401|[from] Stealth Rock
|turn|12
|
|switch|p2a: Heatran|Heatran, F|34\/340
|-damage|p2a: Heatran|0 fnt|[from] Stealth Rock
|faint|p2a: Heatran
|switch|p1a: Gliscor|Gliscor, M|352\/352
|-damage|p1a: Gliscor|308\/352|[from] Stealth Rock
|
|-status|p1a: Gliscor|tox|[from] item: Toxic Orb
|
|switch|p2a: Skarmory|Skarmory, M|334\/334
|-damage|p2a: Skarmory|293\/334|[from] Stealth Rock
|turn|13
|
|switch|p1a: Heatran|Heatran, F|142\/324
|-damage|p1a: Heatran|102\/324|[from] Stealth Rock
|move|p2a: Skarmory|Spikes|p1a: Heatran
|-sidestart|p1: rnd900|Spikes
|
|turn|14
|
|switch|p2a: Chansey|Chansey, F|684\/684
|-damage|p2a: Chansey|599\/684|[from] Stealth Rock
|move|p1a: Heatran|Lava Plume|p2a: Chansey
|-damage|p2a: Chansey|518\/684
|
|turn|15
|
|switch|p1a: Gliscor|Gliscor, M|308\/352 tox
|-damage|p1a: Gliscor|264\/352 tox|[from] Stealth Rock
|move|p2a: Chansey|Seismic Toss|p1a: Gliscor
|-damage|p1a: Gliscor|164\/352 tox
|
|-heal|p1a: Gliscor|208\/352 tox|[from] ability: Poison Heal
|turn|16
|
|move|p1a: Gliscor|Swords Dance|p1a: Gliscor
|-boost|p1a: Gliscor|atk|2
|move|p2a: Chansey|Seismic Toss|p1a: Gliscor
|-damage|p1a: Gliscor|108\/352 tox
|
|-heal|p1a: Gliscor|152\/352 tox|[from] ability: Poison Heal
|turn|17
|
|switch|p2a: Skarmory|Skarmory, M|293\/334
|-damage|p2a: Skarmory|252\/334|[from] Stealth Rock
|move|p1a: Gliscor|Baton Pass|p1a: Gliscor
|
|switch|p1a: Lopunny|Lopunny, F|272\/272
|-damage|p1a: Lopunny|238\/272|[from] Spikes
|-damage|p1a: Lopunny|204\/272|[from] Stealth Rock
|
|turn|18
|
|detailschange|p1a: Lopunny|Lopunny-Mega, F
|-mega|p1a: Lopunny|Lopunny|Lopunnite
|move|p1a: Lopunny|High Jump Kick|p2a: Skarmory
|-damage|p2a: Skarmory|0 fnt
|-damage|p1a: Lopunny|159\/272|[from] item: Rocky Helmet|[of] p2a: Skarmory
|faint|p2a: Skarmory
|
|
|switch|p2a: Venusaur|Venusaur-Mega, M|257\/364
|-damage|p2a: Venusaur|212\/364|[from] Stealth Rock
|turn|19
|
|move|p1a: Lopunny|Return|p2a: Venusaur
|-damage|p2a: Venusaur|0 fnt
|faint|p2a: Venusaur
|
|
|switch|p2a: Bisharp|Bisharp, M|334\/334
|-damage|p2a: Bisharp|314\/334|[from] Stealth Rock
|turn|20
|
|move|p2a: Bisharp|Sucker Punch|p1a: Lopunny
|-resisted|p1a: Lopunny
|-damage|p1a: Lopunny|74\/272
|move|p1a: Lopunny|Drain Punch|p2a: Bisharp
|-supereffective|p2a: Bisharp
|-damage|p2a: Bisharp|0 fnt
|-heal|p1a: Lopunny|231\/272|[from] drain|[of] p2a: Bisharp
|faint|p2a: Bisharp
|
|-message|wish killer forfeited.
|leave|wish killer
|
|win|rnd900
|raw|Ladder updating...
|player|p2
|raw|rnd900's rating: 1698 &rarr; <strong>1726<\/strong><br \/>(+28 for winning)
|raw|wish killer's rating: 1856 &rarr; <strong>1828<\/strong><br \/>(-28 for losing)