|join|wish killer
|join|subzeromkx
|player|p1|wish killer|1
|player|p2|subzeromkx|20
|gametype|singles
|gen|6
|tier|OU
|rated
|clearpoke
|poke|p1|Bisharp, F
|poke|p1|Venusaur, F
|poke|p1|Heatran, F
|poke|p1|Keldeo
|poke|p1|Chansey, F
|poke|p1|Skarmory, F
|poke|p2|Breloom, M
|poke|p2|Heracross, M
|poke|p2|Thundurus, M
|poke|p2|Bisharp, F
|poke|p2|Sylveon, M
|poke|p2|Garchomp, M
|rule|Swagger Clause: Swagger is banned
|rule|Baton Pass Clause: Limit one Pokémon knowing Baton Pass
|rule|Sleep Clause Mod: Limit one foe put to sleep
|rule|Species Clause: Limit one of each Pokémon
|rule|OHKO Clause: OHKO moves are banned
|rule|Moody Clause: Moody is banned
|rule|Evasion Moves Clause: Evasion moves are banned
|rule|Endless Battle Clause: Forcing endless battles is banned
|rule|HP Percentage Mod: HP is shown in percentages
|teampreview
|
|start
|switch|p1a: Skarmory|Skarmory, F|334\/334
|switch|p2a: Heracross|Heracross, M|309\/309
|turn|1
|
|detailschange|p2a: Heracross|Heracross-Mega, M
|-mega|p2a: Heracross|Heracross|Heracronite
|move|p2a: Heracross|Close Combat|p1a: Skarmory
|-damage|p1a: Skarmory|136\/334
|-damage|p2a: Heracross|258\/309|[from] item: Rocky Helmet|[of] p1a: Skarmory
|-unboost|p2a: Heracross|def|1
|-unboost|p2a: Heracross|spd|1
|move|p1a: Skarmory|Spikes|p2a: Heracross
|-sidestart|p2: subzeromkx|Spikes
|
|turn|2
|
|move|p2a: Heracross|Close Combat|p1a: Skarmory
|-damage|p1a: Skarmory|0 fnt
|-damage|p2a: Heracross|207\/309|[from] item: Rocky Helmet|[of] p1a: Skarmory
|-unboost|p2a: Heracross|def|1
|-unboost|p2a: Heracross|spd|1
|faint|p1a: Skarmory
|
|
|switch|p1a: Heatran|Heatran, F|340\/340
|-item|p1a: Heatran|Air Balloon
|turn|3
|join|i came from leddit
|
|switch|p2a: Kisame|Garchomp, M|420\/420
|-damage|p2a: Kisame|368\/420|[from] Spikes
|move|p1a: Heatran|Fire Blast|p2a: Kisame
|-crit|p2a: Kisame
|-resisted|p2a: Kisame
|-damage|p2a: Kisame|218\/420
|
|turn|4
|
|move|p1a: Heatran|Stealth Rock|p2a: Kisame
|-sidestart|p2: subzeromkx|move: Stealth Rock
|move|p2a: Kisame|Hidden Power|p1a: Heatran
|-resisted|p1a: Heatran
|-damage|p1a: Heatran|331\/340
|-enditem|p1a: Heatran|Air Balloon
|
|turn|5
|join|Dayanne
|
|move|p1a: Heatran|Fire Blast|p2a: Kisame
|-resisted|p2a: Kisame
|-damage|p2a: Kisame|119\/420
|move|p2a: Kisame|Earthquake|p1a: Heatran
|-supereffective|p1a: Heatran
|-damage|p1a: Heatran|0 fnt
|faint|p1a: Heatran
|
|c| i came from leddit|welcome dayanne
|
|switch|p1a: Keldeo|Keldeo|323\/323
|turn|6
|
|switch|p2a: Sylveon|Sylveon, M|332\/332
|-damage|p2a: Sylveon|291\/332|[from] Stealth Rock
|-damage|p2a: Sylveon|250\/332|[from] Spikes
|move|p1a: Keldeo|Scald|p2a: Sylveon
|-damage|p2a: Sylveon|141\/332
|
|turn|7
|c| Dayanne|hi
|
|switch|p1a: Venusaur|Venusaur, F|364\/364
|switch|p2a: Kisame|Garchomp, M|119\/420
|-damage|p2a: Kisame|93\/420|[from] Stealth Rock
|-damage|p2a: Kisame|41\/420|[from] Spikes
|
|turn|8
|
|detailschange|p1a: Venusaur|Venusaur-Mega, F
|-mega|p1a: Venusaur|Venusaur|Venusaurite
|move|p2a: Kisame|Stealth Rock|p1a: Venusaur
|-sidestart|p1: wish killer|move: Stealth Rock
|move|p1a: Venusaur|Giga Drain|p2a: Kisame
|-damage|p2a: Kisame|0 fnt
|faint|p2a: Kisame
|
|
|switch|p2a: Sylveon|Sylveon, M|141\/332
|-damage|p2a: Sylveon|100\/332|[from] Stealth Rock
|-damage|p2a: Sylveon|59\/332|[from] Spikes
|turn|9
|
|switch|p1a: Chansey|Chansey, F|684\/684
|-damage|p1a: Chansey|599\/684|[from] Stealth Rock
|move|p2a: Sylveon|Hyper Voice|p1a: Chansey
|-damage|p1a: Chansey|424\/684
|
|turn|10
|
|move|p2a: Sylveon|Hyper Voice|p1a: Chansey
|-damage|p1a: Chansey|229\/684
|move|p1a: Chansey|Seismic Toss|p2a: Sylveon
|-damage|p2a: Sylveon|0 fnt
|faint|p2a: Sylveon
|
|
|switch|p2a: Bisharp|Bisharp, F|272\/272
|-damage|p2a: Bisharp|238\/272|[from] Spikes
|-damage|p2a: Bisharp|221\/272|[from] Stealth Rock
|turn|11
|
|move|p2a: Bisharp|Knock Off|p1a: Chansey
|-damage|p1a: Chansey|0 fnt
|-enditem|p1a: Chansey|Eviolite|[from] move: Knock Off|[of] p2a: Bisharp
|-damage|p2a: Bisharp|194\/272|[from] item: Life Orb
|faint|p1a: Chansey
|
|
|switch|p1a: Keldeo|Keldeo|323\/323
|-damage|p1a: Keldeo|303\/323|[from] Stealth Rock
|turn|12
|c| i came from leddit|go bloody go bloody go bloody
|
|move|p2a: Bisharp|Sucker Punch|p1a: Keldeo
|-resisted|p1a: Keldeo
|-damage|p1a: Keldeo|198\/323
|-boost|p1a: Keldeo|atk|1|[from] ability: Justified
|-damage|p2a: Bisharp|167\/272|[from] item: Life Orb
|move|p1a: Keldeo|Secret Sword|p2a: Bisharp
|-supereffective|p2a: Bisharp
|-damage|p2a: Bisharp|0 fnt
|faint|p2a: Bisharp
|
|-heal|p1a: Keldeo|218\/323|[from] item: Leftovers
|
|switch|p2a: Thundurus|Thundurus, M|298\/298
|-damage|p2a: Thundurus|224\/298|[from] Stealth Rock
|turn|13
|
|switch|p2a: Heracross|Heracross-Mega, M|207\/309
|-damage|p2a: Heracross|169\/309|[from] Spikes
|-damage|p2a: Heracross|131\/309|[from] Stealth Rock
|switch|p1a: Venusaur|Venusaur-Mega, F|364\/364
|-damage|p1a: Venusaur|319\/364|[from] Stealth Rock
|
|turn|14
|
|switch|p1a: Bisharp|Bisharp, F|334\/334
|-damage|p1a: Bisharp|314\/334|[from] Stealth Rock
|move|p2a: Heracross|Pin Missile|p1a: Bisharp
|-damage|p1a: Bisharp|256\/334
|-damage|p1a: Bisharp|192\/334
|-damage|p1a: Bisharp|129\/334
|-damage|p1a: Bisharp|66\/334
|-damage|p1a: Bisharp|6\/334
|-hitcount|p1a: Bisharp|5
|
|-heal|p1a: Bisharp|26\/334|[from] item: Leftovers
|turn|15
|
|move|p1a: Bisharp|Sucker Punch|p2a: Heracross
|-resisted|p2a: Heracross
|-damage|p2a: Heracross|60\/309
|move|p2a: Heracross|Pin Missile|p1a: Bisharp
|-damage|p1a: Bisharp|0 fnt
|-hitcount|p1a: Bisharp|1
|faint|p1a: Bisharp
|
|
|switch|p1a: Keldeo|Keldeo|218\/323
|-damage|p1a: Keldeo|198\/323|[from] Stealth Rock
|turn|16
|
|move|p1a: Keldeo|Scald|p2a: Heracross
|-damage|p2a: Heracross|0 fnt
|faint|p2a: Heracross
|
|-heal|p1a: Keldeo|218\/323|[from] item: Leftovers
|
|switch|p2a: Thundurus|Thundurus, M|224\/298
|-damage|p2a: Thundurus|150\/298|[from] Stealth Rock
|turn|17
|
|switch|p1a: Venusaur|Venusaur-Mega, F|319\/364
|-damage|p1a: Venusaur|274\/364|[from] Stealth Rock
|move|p2a: Thundurus|Thunderbolt|p1a: Venusaur
|-resisted|p1a: Venusaur
|-damage|p1a: Venusaur|182\/364
|-damage|p2a: Thundurus|121\/298|[from] item: Life Orb
|
|turn|18
|
|move|p2a: Thundurus|Thunder Wave|p1a: Venusaur
|-status|p1a: Venusaur|par
|cant|p1a: Venusaur|par
|
|turn|19
|
|move|p2a: Thundurus|Thunderbolt|p1a: Venusaur
|-resisted|p1a: Venusaur
|-damage|p1a: Venusaur|103\/364 par
|-damage|p2a: Thundurus|92\/298|[from] item: Life Orb
|move|p1a: Venusaur|Synthesis|p1a: Venusaur
|-heal|p1a: Venusaur|285\/364 par
|
|turn|20
|
|move|p2a: Thundurus|Hidden Power|p1a: Venusaur
|-supereffective|p1a: Venusaur
|-damage|p1a: Venusaur|212\/364 par
|-damage|p2a: Thundurus|63\/298|[from] item: Life Orb
|move|p1a: Venusaur|Synthesis|p1a: Venusaur
|-heal|p1a: Venusaur|364\/364 par
|
|turn|21
|
|move|p2a: Thundurus|Hidden Power|p1a: Venusaur
|-crit|p1a: Venusaur
|-supereffective|p1a: Venusaur
|-damage|p1a: Venusaur|255\/364 par
|-damage|p2a: Thundurus|34\/298|[from] item: Life Orb
|move|p1a: Venusaur|Giga Drain|p2a: Thundurus
|-resisted|p2a: Thundurus
|-damage|p2a: Thundurus|0 fnt
|-heal|p1a: Venusaur|272\/364 par|[from] drain|[of] p2a: Thundurus
|faint|p2a: Thundurus
|
|
|switch|p2a: Breloom|Breloom, M|262\/262
|-damage|p2a: Breloom|230\/262|[from] Spikes
|-damage|p2a: Breloom|214\/262|[from] Stealth Rock
|turn|22
|
|move|p2a: Breloom|Swords Dance|p2a: Breloom
|-boost|p2a: Breloom|atk|2
|move|p1a: Venusaur|Hidden Power|p2a: Breloom
|-supereffective|p2a: Breloom
|-damage|p2a: Breloom|30\/262
|
|turn|23
|
|move|p2a: Breloom|Swords Dance|p2a: Breloom
|-boost|p2a: Breloom|atk|2
|cant|p1a: Venusaur|par
|
|turn|24
|
|move|p2a: Breloom|Swords Dance|p2a: Breloom
|-boost|p2a: Breloom|atk|2
|cant|p1a: Venusaur|par
|
|turn|25
|c|★wish killer|this is pathetic
|
|move|p2a: Breloom|Mach Punch|p1a: Venusaur
|-crit|p1a: Venusaur
|-resisted|p1a: Venusaur
|-damage|p1a: Venusaur|22\/364 par
|-damage|p2a: Breloom|4\/262|[from] item: Life Orb
|move|p1a: Venusaur|Giga Drain|p2a: Breloom
|-resisted|p2a: Breloom
|-damage|p2a: Breloom|0 fnt
|-heal|p1a: Venusaur|24\/364 par|[from] drain|[of] p2a: Breloom
|faint|p2a: Breloom
|
|win|wish killer
|raw|Ladder updating...
|raw|wish killer's rating: 1801 &rarr; <strong>1821<\/strong><br \/>(+20 for winning)
|raw|subzeromkx's rating: 1791 &rarr; <strong>1772<\/strong><br \/>(-19 for losing)
|leave|subzeromkx
|player|p2