|join|wish killer
|join|Cujo7429
|player|p1|wish killer|68
|player|p2|Cujo7429|153
|gametype|singles
|gen|6
|tier|OU
|rated
|clearpoke
|poke|p1|Bisharp, F
|poke|p1|Venusaur, F
|poke|p1|Heatran, M
|poke|p1|Keldeo
|poke|p1|Chansey, F
|poke|p1|Skarmory, M
|poke|p2|Scolipede, M
|poke|p2|Espeon, F
|poke|p2|Latios, M
|poke|p2|Terrakion
|poke|p2|Charizard, M
|poke|p2|Wobbuffet, F
|rule|Swagger Clause: Swagger is banned
|rule|Baton Pass Clause: Limit one Pokémon knowing Baton Pass
|rule|Sleep Clause Mod: Limit one foe put to sleep
|rule|Species Clause: Limit one of each Pokémon
|rule|OHKO Clause: OHKO moves are banned
|rule|Moody Clause: Moody is banned
|rule|Evasion Moves Clause: Evasion moves are banned
|rule|Endless Battle Clause: Forcing endless battles is banned
|rule|HP Percentage Mod: HP is shown in percentages
|teampreview
|join|Appreciation
|join|uCan'tSeeMe
|
|start
|switch|p1a: Appreciation|Heatran, M|340\/340
|switch|p2a: Latios|Latios, M|364\/364
|-item|p1a: Appreciation|Air Balloon
|turn|1
|c| uCan'tSeeMe|go bloody!
|c|★wish killer|bp...
|c| uCan'tSeeMe|oml
|
|move|p2a: Latios|Reflect|p2a: Latios
|-sidestart|p2: Cujo7429|Reflect
|move|p1a: Appreciation|Stealth Rock|p2a: Latios
|-sidestart|p2: Cujo7429|move: Stealth Rock
|
|turn|2
|c|★Cujo7429|^.^
|join|yuy
|
|move|p2a: Latios|Light Screen|p2a: Latios
|-sidestart|p2: Cujo7429|move: Light Screen
|move|p1a: Appreciation|Taunt|p2a: Latios
|-start|p2a: Latios|move: Taunt
|
|turn|3
|c|★Cujo7429|gl btw
|join|CleanerThanRotom-W
|c| uCan'tSeeMe|wasnt a compliment dude
|leave|CleanerThanRotom-W
|join|CleanerThanRotom-W
|c|★Cujo7429|I'm aware
|join|cosine180
|
|move|p2a: Latios|Ice Beam|p1a: Appreciation
|-resisted|p1a: Appreciation
|-damage|p1a: Appreciation|318\/340
|-enditem|p1a: Appreciation|Air Balloon
|move|p1a: Appreciation|Toxic|p2a: Latios
|-status|p2a: Latios|tox
|
|-damage|p2a: Latios|342\/364 tox|[from] psn
|turn|4
|
|move|p2a: Latios|Ice Beam|p1a: Appreciation
|-resisted|p1a: Appreciation
|-damage|p1a: Appreciation|297\/340
|move|p1a: Appreciation|Fire Blast|p2a: Latios
|-resisted|p2a: Latios
|-damage|p2a: Latios|301\/364 tox
|
|-damage|p2a: Latios|257\/364 tox|[from] psn
|turn|5
|c| uCan'tSeeMe|having dinner frens
|
|move|p2a: Latios|Ice Beam|p1a: Appreciation
|-resisted|p1a: Appreciation
|-damage|p1a: Appreciation|275\/340
|move|p1a: Appreciation|Fire Blast|p2a: Latios
|-resisted|p2a: Latios
|-damage|p2a: Latios|218\/364 tox
|
|-damage|p2a: Latios|152\/364 tox|[from] psn
|-end|p2a: Latios|move: Taunt
|turn|6
|c| CleanerThanRotom-W|k
|
|switch|p1a: I came from leddit|Bisharp, F|334\/334
|move|p2a: Latios|Memento|p1a: I came from leddit
|-unboost|p1a: I came from leddit|atk|2
|-boost|p1a: I came from leddit|atk|2|[from] ability: Defiant
|-unboost|p1a: I came from leddit|spa|2
|-boost|p1a: I came from leddit|atk|2|[from] ability: Defiant
|faint|p2a: Latios
|
|c|★Cujo7429|nicw
|
|switch|p2a: Scolipede|Scolipede, M|323\/323
|-damage|p2a: Scolipede|243\/323|[from] Stealth Rock
|turn|7
|c| CleanerThanRotom-W|bloody ur coming back now
|
|move|p2a: Scolipede|Iron Defense|p2a: Scolipede
|-boost|p2a: Scolipede|def|2
|move|p1a: I came from leddit|Swords Dance|p1a: I came from leddit
|-boost|p1a: I came from leddit|atk|2
|
|-boost|p2a: Scolipede|spe|1|[from] ability: Speed Boost
|turn|8
|
|move|p2a: Scolipede|Iron Defense|p2a: Scolipede
|-boost|p2a: Scolipede|def|2
|move|p1a: I came from leddit|Knock Off|p2a: Scolipede
|-damage|p2a: Scolipede|176\/323
|-enditem|p2a: Scolipede|Mental Herb|[from] move: Knock Off|[of] p1a: I came from leddit
|
|-sideend|p2: Cujo7429|Reflect
|-boost|p2a: Scolipede|spe|1|[from] ability: Speed Boost
|turn|9
|c| CleanerThanRotom-W|sd again
|c| CleanerThanRotom-W|imo
|
|move|p2a: Scolipede|Iron Defense|p2a: Scolipede
|-boost|p2a: Scolipede|def|2
|move|p1a: I came from leddit|Iron Head|p2a: Scolipede
|-crit|p2a: Scolipede
|-damage|p2a: Scolipede|0 fnt
|faint|p2a: Scolipede
|
|-sideend|p2: Cujo7429|move: Light Screen
|c| cosine180|rofl
|c| CleanerThanRotom-W|or that
|c|★Cujo7429|lol
|
|switch|p2a: Terrakion|Terrakion|323\/323
|-damage|p2a: Terrakion|303\/323|[from] Stealth Rock
|turn|10
|
|switch|p1a: uCan'tSeeMe|Venusaur, F|364\/364
|move|p2a: Terrakion|Close Combat|p1a: uCan'tSeeMe
|-resisted|p1a: uCan'tSeeMe
|-damage|p1a: uCan'tSeeMe|282\/364
|-unboost|p2a: Terrakion|def|1
|-unboost|p2a: Terrakion|spd|1
|
|turn|11
|
|switch|p2a: Charizard|Charizard, M|359\/359
|-damage|p2a: Charizard|180\/359|[from] Stealth Rock
|detailschange|p1a: uCan'tSeeMe|Venusaur-Mega, F
|-mega|p1a: uCan'tSeeMe|Venusaur|Venusaurite
|move|p1a: uCan'tSeeMe|Giga Drain|p2a: Charizard
|-resisted|p2a: Charizard
|-damage|p2a: Charizard|150\/359
|-heal|p1a: uCan'tSeeMe|297\/364|[from] drain|[of] p2a: Charizard
|
|turn|12
|join|Squirrelll
|
|detailschange|p2a: Charizard|Charizard-Mega-X, M
|-mega|p2a: Charizard|Charizard|Charizardite X
|move|p2a: Charizard|Roost|p2a: Charizard
|-heal|p2a: Charizard|330\/359
|move|p1a: uCan'tSeeMe|Leech Seed|p2a: Charizard
|-start|p2a: Charizard|move: Leech Seed
|
|-damage|p2a: Charizard|286\/359|[from] Leech Seed|[of] p1a: uCan'tSeeMe
|-heal|p1a: uCan'tSeeMe|341\/364|[silent]
|turn|13
|join|Yuttt.annual
|
|switch|p1a: Zenzoh|Skarmory, M|334\/334
|move|p2a: Charizard|Swords Dance|p2a: Charizard
|-boost|p2a: Charizard|atk|2
|
|-damage|p2a: Charizard|242\/359|[from] Leech Seed|[of] p1a: Zenzoh
|turn|14
|
|move|p2a: Charizard|Flare Blitz|p1a: Zenzoh
|-supereffective|p1a: Zenzoh
|-activate|p1a: Zenzoh|Sturdy
|-damage|p1a: Zenzoh|1\/334
|-damage|p2a: Charizard|183\/359|[from] item: Rocky Helmet|[of] p1a: Zenzoh
|-damage|p2a: Charizard|73\/359|[from] recoil|[of] p1a: Zenzoh
|move|p1a: Zenzoh|Spikes|p2a: Charizard
|-sidestart|p2: Cujo7429|Spikes
|
|-damage|p2a: Charizard|29\/359|[from] Leech Seed|[of] p1a: Zenzoh
|-heal|p1a: Zenzoh|45\/334|[silent]
|turn|15
|leave|Yuttt.annual
|
|move|p2a: Charizard|Roost|p2a: Charizard
|-heal|p2a: Charizard|209\/359
|move|p1a: Zenzoh|Spikes|p2a: Charizard
|-sidestart|p2: Cujo7429|Spikes
|
|-damage|p2a: Charizard|165\/359|[from] Leech Seed|[of] p1a: Zenzoh
|-heal|p1a: Zenzoh|89\/334|[silent]
|turn|16
|
|switch|p1a: Appreciation|Heatran, M|275\/340
|move|p2a: Charizard|Flare Blitz|p1a: Appreciation
|-start|p1a: Appreciation|ability: Flash Fire
|
|-damage|p2a: Charizard|121\/359|[from] Leech Seed|[of] p1a: Appreciation
|-heal|p1a: Appreciation|319\/340|[silent]
|turn|17
|
|move|p1a: Appreciation|Toxic|p2a: Charizard
|-status|p2a: Charizard|tox
|move|p2a: Charizard|Roost|p2a: Charizard
|-heal|p2a: Charizard|301\/359 tox
|
|-damage|p2a: Charizard|257\/359 tox|[from] Leech Seed|[of] p1a: Appreciation
|-heal|p1a: Appreciation|340\/340|[silent]
|-damage|p2a: Charizard|235\/359 tox|[from] psn
|turn|18
|
|move|p1a: Appreciation|Taunt|p2a: Charizard
|-start|p2a: Charizard|move: Taunt
|move|p2a: Charizard|Dragon Claw|p1a: Appreciation
|-resisted|p1a: Appreciation
|-damage|p1a: Appreciation|181\/340
|
|-damage|p2a: Charizard|191\/359 tox|[from] Leech Seed|[of] p1a: Appreciation
|-heal|p1a: Appreciation|225\/340|[silent]
|-damage|p2a: Charizard|147\/359 tox|[from] psn
|turn|19
|leave|Squirrelll
|
|move|p1a: Appreciation|Fire Blast|p2a: Charizard
|-resisted|p2a: Charizard
|-damage|p2a: Charizard|82\/359 tox
|move|p2a: Charizard|Dragon Claw|p1a: Appreciation
|-resisted|p1a: Appreciation
|-damage|p1a: Appreciation|62\/340
|
|-damage|p2a: Charizard|38\/359 tox|[from] Leech Seed|[of] p1a: Appreciation
|-heal|p1a: Appreciation|106\/340|[silent]
|-damage|p2a: Charizard|0 fnt|[from] psn
|faint|p2a: Charizard
|c|★wish killer|bye squirrelll
|join|Yuttt.annual
|
|switch|p2a: Espeon|Espeon, F|334\/334
|-damage|p2a: Espeon|293\/334|[from] Stealth Rock
|-damage|p2a: Espeon|238\/334|[from] Spikes
|turn|20
|c| Appreciation|lel
|
|move|p1a: Appreciation|Fire Blast|p2a: Espeon
|-damage|p2a: Espeon|0 fnt
|faint|p2a: Espeon
|
|
|switch|p2a: Terrakion|Terrakion|303\/323
|-damage|p2a: Terrakion|283\/323|[from] Stealth Rock
|-damage|p2a: Terrakion|230\/323|[from] Spikes
|turn|21
|join|Bloodz
|
|switch|p1a: uCan'tSeeMe|Venusaur-Mega, F|341\/364
|move|p2a: Terrakion|Close Combat|p1a: uCan'tSeeMe
|-resisted|p1a: uCan'tSeeMe
|-damage|p1a: uCan'tSeeMe|273\/364
|-unboost|p2a: Terrakion|def|1
|-unboost|p2a: Terrakion|spd|1
|
|turn|22
|leave|Bloodz
|
|move|p2a: Terrakion|Iron Head|p1a: uCan'tSeeMe
|-damage|p1a: uCan'tSeeMe|214\/364
|cant|p1a: uCan'tSeeMe|flinch
|
|turn|23
|c| Yuttt.annual|rofl
|
|move|p2a: Terrakion|Iron Head|p1a: uCan'tSeeMe
|-damage|p1a: uCan'tSeeMe|159\/364
|move|p1a: uCan'tSeeMe|Giga Drain|p2a: Terrakion
|-supereffective|p2a: Terrakion
|-damage|p2a: Terrakion|0 fnt
|-heal|p1a: uCan'tSeeMe|274\/364|[from] drain|[of] p2a: Terrakion
|faint|p2a: Terrakion
|
|
|switch|p2a: Oh no it's|Wobbuffet, F|584\/584
|-damage|p2a: Oh no it's|511\/584|[from] Stealth Rock
|-damage|p2a: Oh no it's|414\/584|[from] Spikes
|turn|24
|c|★Cujo7429|lol gg
|c|★wish killer|gg
|leave|Yuttt.annual
|
|move|p1a: uCan'tSeeMe|Leech Seed|p2a: Oh no it's
|-start|p2a: Oh no it's|move: Leech Seed
|move|p2a: Oh no it's|Mirror Coat|p1a: uCan'tSeeMe
|-fail|p1a: uCan'tSeeMe
|
|-damage|p2a: Oh no it's|341\/584|[from] Leech Seed|[of] p1a: uCan'tSeeMe
|-heal|p1a: uCan'tSeeMe|347\/364|[silent]
|turn|25
|c|★Cujo7429|how close to #1?
|
|move|p1a: uCan'tSeeMe|Giga Drain|p2a: Oh no it's
|-damage|p2a: Oh no it's|227\/584
|-heal|p1a: uCan'tSeeMe|364\/364|[from] drain|[of] p2a: Oh no it's
|-enditem|p2a: Oh no it's|Sitrus Berry|[eat]
|-heal|p2a: Oh no it's|373\/584|[from] item: Sitrus Berry
|move|p2a: Oh no it's|Mirror Coat|p1a: uCan'tSeeMe
|-damage|p1a: uCan'tSeeMe|136\/364
|
|-damage|p2a: Oh no it's|300\/584|[from] Leech Seed|[of] p1a: uCan'tSeeMe
|-heal|p1a: uCan'tSeeMe|209\/364|[silent]
|turn|26
|c| CleanerThanRotom-W|already there
|c| CleanerThanRotom-W|thx for asking tho
|join|RayDalio
|
|move|p1a: uCan'tSeeMe|Synthesis|p1a: uCan'tSeeMe
|-heal|p1a: uCan'tSeeMe|364\/364
|move|p2a: Oh no it's|Mirror Coat|p1a: uCan'tSeeMe
|-fail|p1a: uCan'tSeeMe
|
|-damage|p2a: Oh no it's|227\/584|[from] Leech Seed|[of] p1a: uCan'tSeeMe
|turn|27
|c|★Cujo7429|aaahhh I haven't looked at the ladder today
|
|move|p1a: uCan'tSeeMe|Giga Drain|p2a: Oh no it's
|-damage|p2a: Oh no it's|128\/584
|move|p2a: Oh no it's|Mirror Coat|p1a: uCan'tSeeMe
|-damage|p1a: uCan'tSeeMe|166\/364
|
|-damage|p2a: Oh no it's|55\/584|[from] Leech Seed|[of] p1a: uCan'tSeeMe
|-heal|p1a: uCan'tSeeMe|239\/364|[silent]
|turn|28
|
|move|p1a: uCan'tSeeMe|Giga Drain|p2a: Oh no it's
|-damage|p2a: Oh no it's|0 fnt
|-heal|p1a: uCan'tSeeMe|267\/364|[from] drain|[of] p2a: Oh no it's
|faint|p2a: Oh no it's
|
|win|wish killer
|raw|Ladder updating...
|raw|wish killer's rating: 1765 &rarr; <strong>1778<\/strong><br \/>(+13 for winning)
|raw|Cujo7429's rating: 1637 &rarr; <strong>1624<\/strong><br \/>(-13 for losing)