|join|ULT Limitless
|join|Nevada Rose
|player|p1|ULT Limitless|264
|player|p2|Nevada Rose|121
|gametype|singles
|gen|6
|tier|UU
|rated
|rule|Sleep Clause Mod: Limit one foe put to sleep
|rule|Species Clause: Limit one of each Pokémon
|rule|OHKO Clause: OHKO moves are banned
|rule|Moody Clause: Moody is banned
|rule|Evasion Moves Clause: Evasion moves are banned
|rule|Endless Battle Clause: Forcing endless battles is banned
|rule|HP Percentage Mod: HP is reported as percentages
|clearpoke
|poke|p1|Jirachi
|poke|p1|Donphan, M
|poke|p1|Hydreigon, F
|poke|p1|Victini
|poke|p1|Heracross, F
|poke|p1|Crobat, M
|poke|p2|Meloetta
|poke|p2|Absol, F, shiny
|poke|p2|Chesnaught, M
|poke|p2|Suicune
|poke|p2|Cinccino, M, shiny
|poke|p2|Crobat, M
|rule|Swagger Clause: Swagger is banned
|rule|Baton Pass Clause: Limit one Pokémon knowing Baton Pass
|teampreview
|join|ANGER MANAGEMENT
|chat|Nevada Rose|so you basically just took as many things out of UU s tier and A+ ranking as possible?
|chat|Nevada Rose|ULT Limitless
|
|start
|switch|p1a: Heracross|Heracross, F|302\/302
|switch|p2a: Cinccino|Cinccino, M, shiny|292\/292
|turn|1
|
|switch|p2a: Chesnaught|Chesnaught, M|380\/380
|switch|p1a: Jirachi|Jirachi|341\/341
|
|turn|2
|
|move|p2a: Chesnaught|Spiky Shield|p2a: Chesnaught
|-singleturn|p2a: Chesnaught|move: Protect
|move|p1a: Jirachi|Stealth Rock|p2a: Chesnaught
|-sidestart|p2: Nevada Rose|move: Stealth Rock
|
|turn|3
|
|move|p1a: Jirachi|U-turn|p2a: Chesnaught
|-damage|p2a: Chesnaught|333\/380
|
|switch|p1a: Crobat|Crobat, M|373\/373
|move|p2a: Chesnaught|Leech Seed|p1a: Crobat|[miss]
|-miss|p2a: Chesnaught|p1a: Crobat
|
|-heal|p2a: Chesnaught|356\/380|[from] item: Leftovers
|turn|4
|
|move|p2a: Chesnaught|Spiky Shield|p2a: Chesnaught
|-singleturn|p2a: Chesnaught|move: Protect
|move|p1a: Crobat|Brave Bird|p2a: Chesnaught
|-activate|p2a: Chesnaught|move: Protect
|-damage|p1a: Crobat|327\/373|[from] Spiky Shield|[of] p2a: Chesnaught
|
|-heal|p1a: Crobat|350\/373|[from] item: Black Sludge
|-heal|p2a: Chesnaught|379\/380|[from] item: Leftovers
|turn|5
|
|switch|p2a: Meloetta|Meloetta|341\/341
|-damage|p2a: Meloetta|299\/341|[from] Stealth Rock
|move|p1a: Crobat|U-turn|p2a: Meloetta
|-supereffective|p2a: Meloetta
|-damage|p2a: Meloetta|157\/341
|
|switch|p1a: Jirachi|Jirachi|341\/341
|
|turn|6
|
|move|p1a: Jirachi|U-turn|p2a: Meloetta
|-supereffective|p2a: Meloetta
|-damage|p2a: Meloetta|0 fnt
|faint|p2a: Meloetta
|
|switch|p1a: Hydreigon|Hydreigon, F|326\/326
|
|join|DatLatias
|
|switch|p2a: Suicune|Suicune|404\/404
|-damage|p2a: Suicune|354\/404|[from] Stealth Rock
|-ability|p2a: Suicune|Pressure
|turn|7
|join|mau6
|chat|Nevada Rose|1 why are people joining
|chat|Nevada Rose|2 why are you taking so long
|chat|ULT Limitless|i'm at my internship
|chat|ULT Limitless|so i'm working and playing
|chat|ULT Limitless|zz
|
|move|p1a: Hydreigon|U-turn|p2a: Suicune
|-damage|p2a: Suicune|319\/404
|
|switch|p1a: Heracross|Heracross, F|302\/302
|move|p2a: Suicune|Rest|p2a: Suicune
|-status|p2a: Suicune|slp
|-heal|p2a: Suicune|404\/404 slp|[silent]
|-status|p2a: Suicune|slp|[from] move: Rest
|
|turn|8
|chat|Nevada Rose|Fair enough
|chat|Nevada Rose|that's pretty horrible...
|chat|Nevada Rose|and an internship isn't a job
|chat|Nevada Rose|it's on the job training
|leave|ANGER MANAGEMENT
|join|ULT Fable
|chat|Nevada Rose|so you should probably be applying yourself to get the education you need
|chat|DatLatias|you gon tell him how to live his life
|leave|ULT Fable
|chat|Nevada Rose|rather than play a child's game...
|join|ULT Fable
|raw|<div class="broadcast-red"><b>Moderated chat was set to +!<\/b><br \/>Only users of rank + and higher can talk.<\/div>
|chat|Nevada Rose|eat shit, DatLatias.
|chat|Nevada Rose|You gonna tell me how to
|chat|Nevada Rose|oh, wait, you can't.
|chat|ULT Limitless|i have my own business
|chat|ULT Limitless|idc
|
|move|p1a: Heracross|Knock Off|p2a: Suicune
|-damage|p2a: Suicune|291\/404 slp
|-enditem|p2a: Suicune|Leftovers|[from] move: Knock Off|[of] p1a: Heracross
|cant|p2a: Suicune|slp
|move|p2a: Suicune|Sleep Talk|p2a: Suicune
|move|p2a: Suicune|Calm Mind|p2a: Suicune|[from]Sleep Talk
|-boost|p2a: Suicune|spa|1
|-boost|p2a: Suicune|spd|1
|
|turn|9
|chat|ULT Limitless|and i go to an elite college
|chat|ULT Limitless|idc
|join|ANGER MANAGEMENT
|chat|Nevada Rose|cough.
|chat|Nevada Rose|egotistic **cough
|chat|ULT Limitless|egotistical people are always the best
|chat|ULT Limitless|sorry to disappoint
|chat|Nevada Rose|You'd think the elite college would provide a description of the training they are providing you
|chat|Nevada Rose|as opposed to calling it a job
|chat|ULT Limitless|i don't work at my college
|chat|ULT Limitless|zz
|chat|Nevada Rose|again
|chat|Nevada Rose|it's not a job
|chat|Nevada Rose|:S
|chat|ULT Limitless|i get paid either way
|chat|Nevada Rose|...
|chat|Nevada Rose|I got paid at my internship
|chat|Nevada Rose|didn't make it a job
|chat|ULT Limitless|did i call it a job?
|chat|ANGER MANAGEMENT|o.k
|chat|ULT Limitless|are u retarded
|chat|Nevada Rose|Oh!
|
|switch|p1a: Hydreigon|Hydreigon, F|326\/326
|cant|p2a: Suicune|slp
|move|p2a: Suicune|Sleep Talk|p2a: Suicune
|move|p2a: Suicune|Scald|p1a: Hydreigon|[from]Sleep Talk
|-resisted|p1a: Hydreigon
|-damage|p1a: Hydreigon|254\/326
|
|turn|10
|chat|Nevada Rose|sorry I'm in three games.
|chat|Nevada Rose|I saw job in the previous game
|chat|Nevada Rose|and no...
|chat|Nevada Rose|I have a B.M.
|chat|Nevada Rose|from an elite college...
|chat|Nevada Rose|with honours :S
|chat|Nevada Rose|so, no...
|chat|Nevada Rose|I'm not retarded
|
|move|p1a: Hydreigon|U-turn|p2a: Suicune
|-damage|p2a: Suicune|259\/404 slp
|chat|ULT Limitless|and what's ur definition of an elite college
|chat|ULT Limitless|l0l
|
|switch|p1a: Heracross|Heracross, F|302\/302
|-curestatus|p2a: Suicune|slp
|move|p2a: Suicune|Rest|p2a: Suicune
|-status|p2a: Suicune|slp
|-heal|p2a: Suicune|404\/404 slp|[silent]
|-status|p2a: Suicune|slp|[from] move: Rest
|
|turn|11
|chat|Nevada Rose|cambridge...
|join|so dynamic
|
|move|p1a: Heracross|Megahorn|p2a: Suicune
|-damage|p2a: Suicune|191\/404 slp
|cant|p2a: Suicune|slp
|move|p2a: Suicune|Sleep Talk|p2a: Suicune
|move|p2a: Suicune|Calm Mind|p2a: Suicune|[from]Sleep Talk
|-boost|p2a: Suicune|spa|1
|-boost|p2a: Suicune|spd|1
|
|turn|12
|chat|ULT Limitless|lol
|
|move|p1a: Heracross|Megahorn|p2a: Suicune
|-damage|p2a: Suicune|0 fnt
|faint|p2a: Suicune
|
|chat|ULT Limitless|either way
|chat|Nevada Rose|I just happened to live two suburbs away from it and got lucky with bonus points for my GPA
|chat|Nevada Rose|It's not really a bragging right tbh
|
|switch|p2a: Chesnaught|Chesnaught, M|379\/380
|-damage|p2a: Chesnaught|356\/380|[from] Stealth Rock
|turn|13
|chat|ULT Limitless|i own my own business so i don't particularly care what happens in college or my internship
|chat|ULT Limitless|not that i'd need to worry anyway
|chat|Nevada Rose|That's impressive
|
|switch|p1a: Victini|Victini|342\/342
|move|p2a: Chesnaught|Leech Seed|p1a: Victini
|-start|p1a: Victini|move: Leech Seed
|
|-heal|p2a: Chesnaught|379\/380|[from] item: Leftovers
|-damage|p1a: Victini|300\/342|[from] Leech Seed|[of] p2a: Chesnaught
|-heal|p2a: Chesnaught|380\/380|[silent]
|turn|14
|chat|Nevada Rose|I wouldn't be able to do that ontop of an internship
|chat|ULT Limitless|ya well i have workers
|
|switch|p1a: Crobat|Crobat, M|350\/373
|move|p2a: Chesnaught|Spikes|p1a: Crobat
|-sidestart|p1: ULT Limitless|Spikes
|
|-heal|p1a: Crobat|373\/373|[from] item: Black Sludge
|turn|15
|
|move|p2a: Chesnaught|Spiky Shield|p2a: Chesnaught
|-singleturn|p2a: Chesnaught|move: Protect
|move|p1a: Crobat|Brave Bird|p2a: Chesnaught
|-activate|p2a: Chesnaught|move: Protect
|-damage|p1a: Crobat|327\/373|[from] Spiky Shield|[of] p2a: Chesnaught
|
|-heal|p1a: Crobat|350\/373|[from] item: Black Sludge
|turn|16
|
|move|p1a: Crobat|Brave Bird|p2a: Chesnaught
|-crit|p2a: Chesnaught
|-supereffective|p2a: Chesnaught
|-damage|p2a: Chesnaught|0 fnt
|-damage|p1a: Crobat|225\/373|[from] recoil|[of] p2a: Chesnaught
|faint|p2a: Chesnaught
|
|-heal|p1a: Crobat|248\/373|[from] item: Black Sludge
|
|switch|p2a: Cinccino|Cinccino, M, shiny|292\/292
|-damage|p2a: Cinccino|256\/292|[from] Stealth Rock
|turn|17
|
|switch|p1a: Jirachi|Jirachi|341\/341
|-damage|p1a: Jirachi|299\/341|[from] Spikes
|move|p2a: Cinccino|U-turn|p1a: Jirachi
|-damage|p1a: Jirachi|205\/341
|
|switch|p2a: Crobat|Crobat, M|311\/311
|-damage|p2a: Crobat|234\/311|[from] Stealth Rock
|
|-heal|p1a: Jirachi|226\/341|[from] item: Leftovers
|turn|18
|
|move|p2a: Crobat|U-turn|p1a: Jirachi
|-damage|p1a: Jirachi|135\/341
|
|switch|p2a: Absol|Absol, F, shiny|271\/271
|-damage|p2a: Absol|238\/271|[from] Stealth Rock
|move|p1a: Jirachi|U-turn|p2a: Absol
|-crit|p2a: Absol
|-supereffective|p2a: Absol
|-damage|p2a: Absol|0 fnt
|faint|p2a: Absol
|
|switch|p1a: Donphan|Donphan, M|384\/384
|-damage|p1a: Donphan|336\/384|[from] Spikes
|
|-heal|p1a: Donphan|360\/384|[from] item: Leftovers
|chat|Nevada Rose|fair enough
|chat|Nevada Rose|gg
|-message|Nevada Rose forfeited.
|
|win|ULT Limitless
|raw|Ladder updating...
|leave|Nevada Rose
|player|p2
|raw|ULT Limitless's rating: 1547 &rarr; <strong>1555<\/strong><br \/>(+8 for winning)
|raw|Nevada Rose's rating: 1313 &rarr; <strong>1305<\/strong><br \/>(-8 for losing)