|join|ULT Limitless
|join|Empoleon Sweeps
|player|p1|ULT Limitless|264
|player|p2|Empoleon Sweeps|137
|gametype|singles
|gen|6
|tier|UU
|rated
|rule|Sleep Clause Mod: Limit one foe put to sleep
|rule|Species Clause: Limit one of each Pokémon
|rule|OHKO Clause: OHKO moves are banned
|rule|Moody Clause: Moody is banned
|rule|Evasion Moves Clause: Evasion moves are banned
|rule|Endless Battle Clause: Forcing endless battles is banned
|rule|HP Percentage Mod: HP is reported as percentages
|clearpoke
|poke|p1|Jirachi
|poke|p1|Ampharos, M
|poke|p1|Hydreigon, M
|poke|p1|Manaphy
|poke|p1|Heracross, F
|poke|p1|Crobat, F
|poke|p2|Empoleon, M
|poke|p2|Porygon2
|poke|p2|Infernape, M
|poke|p2|Chesnaught, M, shiny
|poke|p2|Ditto
|poke|p2|Crobat, M
|rule|Swagger Clause: Swagger is banned
|rule|Baton Pass Clause: Limit one Pokémon knowing Baton Pass
|teampreview
|
|start
|switch|p1a: Ampharos|Ampharos, M|384\/384
|switch|p2a: Mr.Scamper|Empoleon, M|372\/372
|turn|1
|
|detailschange|p1a: Ampharos|Ampharos-Mega, M
|message|Ampharos has Mega Evolved into Mega Ampharos!
|-ability|p1a: Ampharos|Mold Breaker
|move|p2a: Mr.Scamper|Toxic|p1a: Ampharos
|-status|p1a: Ampharos|tox
|move|p1a: Ampharos|Volt Switch|p2a: Mr.Scamper
|-crit|p2a: Mr.Scamper
|-supereffective|p2a: Mr.Scamper
|-damage|p2a: Mr.Scamper|108\/372
|join|Aloha
|
|switch|p1a: Heracross|Heracross, F|302\/302
|
|-heal|p2a: Mr.Scamper|131\/372|[from] item: Leftovers
|turn|2
|
|switch|p2a: Crobat|Crobat, M|312\/312
|move|p1a: Heracross|Knock Off|p2a: Crobat
|-damage|p2a: Crobat|80\/312
|-enditem|p2a: Crobat|Black Sludge|[from] move: Knock Off|[of] p1a: Heracross
|
|turn|3
|
|switch|p1a: Ampharos|Ampharos-Mega, M|384\/384 tox
|-ability|p1a: Ampharos|Mold Breaker
|move|p2a: Crobat|Roost|p2a: Crobat
|-heal|p2a: Crobat|236\/312
|
|-damage|p1a: Ampharos|360\/384 tox|[from] psn
|turn|4
|
|move|p2a: Crobat|U-turn|p1a: Ampharos
|-damage|p1a: Ampharos|312\/384 tox
|
|switch|p2a: ShapeDuck V2|Porygon2|357\/357
|-boost|p2a: ShapeDuck V2|spa|1|[from] ability: Download
|move|p1a: Ampharos|Volt Switch|p2a: ShapeDuck V2
|-damage|p2a: ShapeDuck V2|291\/357
|
|switch|p1a: Heracross|Heracross, F|302\/302
|
|turn|5
|
|move|p1a: Heracross|Stone Edge|p2a: ShapeDuck V2
|-crit|p2a: ShapeDuck V2
|-damage|p2a: ShapeDuck V2|95\/357
|move|p2a: ShapeDuck V2|Tri Attack|p1a: Heracross
|-damage|p1a: Heracross|151\/302
|
|turn|6
|
|move|p1a: Heracross|Stone Edge|p2a: ShapeDuck V2|[miss]
|-miss|p1a: Heracross|p2a: ShapeDuck V2
|move|p2a: ShapeDuck V2|Recover|p2a: ShapeDuck V2
|-heal|p2a: ShapeDuck V2|274\/357
|
|turn|7
|
|switch|p1a: Jirachi|Jirachi|341\/341
|move|p2a: ShapeDuck V2|Tri Attack|p1a: Jirachi
|-resisted|p1a: Jirachi
|-damage|p1a: Jirachi|263\/341
|
|-heal|p1a: Jirachi|284\/341|[from] item: Leftovers
|turn|8
|
|switch|p2a: Mr.Scamper|Empoleon, M|131\/372
|move|p1a: Jirachi|Stealth Rock|p2a: Mr.Scamper
|-sidestart|p2: Empoleon Sweeps|move: Stealth Rock
|
|-heal|p1a: Jirachi|305\/341|[from] item: Leftovers
|-heal|p2a: Mr.Scamper|154\/372|[from] item: Leftovers
|turn|9
|
|move|p1a: Jirachi|U-turn|p2a: Mr.Scamper
|-resisted|p2a: Mr.Scamper
|-damage|p2a: Mr.Scamper|114\/372
|
|switch|p1a: Heracross|Heracross, F|151\/302
|move|p2a: Mr.Scamper|Stealth Rock|p1a: Heracross
|-sidestart|p1: ULT Limitless|move: Stealth Rock
|
|-heal|p2a: Mr.Scamper|137\/372|[from] item: Leftovers
|turn|10
|
|switch|p2a: Chestnut|Chesnaught, M, shiny|369\/369
|-damage|p2a: Chestnut|346\/369|[from] Stealth Rock
|move|p1a: Heracross|Knock Off|p2a: Chestnut
|-resisted|p2a: Chestnut
|-damage|p2a: Chestnut|288\/369
|-enditem|p2a: Chestnut|Leftovers|[from] move: Knock Off|[of] p1a: Heracross
|
|turn|11
|
|switch|p1a: Crobat|Crobat, F|373\/373
|-damage|p1a: Crobat|280\/373|[from] Stealth Rock
|move|p2a: Chestnut|Leech Seed|p1a: Crobat
|-start|p1a: Crobat|move: Leech Seed
|
|-heal|p1a: Crobat|303\/373|[from] item: Black Sludge
|-damage|p1a: Crobat|257\/373|[from] Leech Seed|[of] p2a: Chestnut
|-heal|p2a: Chestnut|334\/369|[silent]
|turn|12
|
|move|p2a: Chestnut|Spiky Shield|p2a: Chestnut
|-singleturn|p2a: Chestnut|move: Protect
|move|p1a: Crobat|Roost|p1a: Crobat
|-heal|p1a: Crobat|373\/373
|
|-damage|p1a: Crobat|327\/373|[from] Leech Seed|[of] p2a: Chestnut
|-heal|p2a: Chestnut|369\/369|[silent]
|turn|13
|
|switch|p2a: Mr.Scamper|Empoleon, M|137\/372
|-damage|p2a: Mr.Scamper|114\/372|[from] Stealth Rock
|move|p1a: Crobat|U-turn|p2a: Mr.Scamper
|-resisted|p2a: Mr.Scamper
|-damage|p2a: Mr.Scamper|84\/372
|
|switch|p1a: Ampharos|Ampharos-Mega, M|312\/384 tox
|-damage|p1a: Ampharos|264\/384 tox|[from] Stealth Rock
|-ability|p1a: Ampharos|Mold Breaker
|
|-heal|p2a: Mr.Scamper|107\/372|[from] item: Leftovers
|-damage|p1a: Ampharos|240\/384 tox|[from] psn
|turn|14
|
|switch|p2a: Ditto|Ditto|299\/299
|-damage|p2a: Ditto|262\/299|[from] Stealth Rock
|-transform|p2a: Ditto|p1a: Ampharos
|-ability|p2a: Ditto|Mold Breaker
|move|p1a: Ampharos|Volt Switch|p2a: Ditto
|-resisted|p2a: Ditto
|-damage|p2a: Ditto|235\/299
|
|switch|p1a: Heracross|Heracross, F|151\/302
|-damage|p1a: Heracross|114\/302|[from] Stealth Rock
|
|turn|15
|
|move|p1a: Heracross|Close Combat|p2a: Ditto
|-damage|p2a: Ditto|12\/299
|-unboost|p1a: Heracross|def|1
|-unboost|p1a: Heracross|spd|1
|move|p2a: Ditto|Volt Switch|p1a: Heracross
|-damage|p1a: Heracross|0 fnt
|faint|p1a: Heracross
|
|switch|p2a: ShapeDuck V2|Porygon2|274\/357
|-damage|p2a: ShapeDuck V2|230\/357|[from] Stealth Rock
|
|
|switch|p1a: Manaphy|Manaphy|342\/342
|-damage|p1a: Manaphy|300\/342|[from] Stealth Rock
|turn|16
|
|move|p1a: Manaphy|Tail Glow|p1a: Manaphy
|-boost|p1a: Manaphy|spa|3
|move|p2a: ShapeDuck V2|Thunderbolt|p1a: Manaphy
|-supereffective|p1a: Manaphy
|-damage|p1a: Manaphy|132\/342
|
|-heal|p1a: Manaphy|153\/342|[from] item: Leftovers
|turn|17
|
|move|p1a: Manaphy|Surf|p2a: ShapeDuck V2
|-damage|p2a: ShapeDuck V2|41\/357
|move|p2a: ShapeDuck V2|Thunderbolt|p1a: Manaphy
|-supereffective|p1a: Manaphy
|-damage|p1a: Manaphy|9\/342
|
|-heal|p1a: Manaphy|30\/342|[from] item: Leftovers
|turn|18
|
|move|p1a: Manaphy|Ice Beam|p2a: ShapeDuck V2
|-crit|p2a: ShapeDuck V2
|-damage|p2a: ShapeDuck V2|0 fnt
|faint|p2a: ShapeDuck V2
|
|-heal|p1a: Manaphy|51\/342|[from] item: Leftovers
|
|switch|p2a: Crobat|Crobat, M|236\/312
|-damage|p2a: Crobat|158\/312|[from] Stealth Rock
|turn|19
|
|move|p2a: Crobat|Brave Bird|p1a: Manaphy
|-damage|p1a: Manaphy|0 fnt
|-damage|p2a: Crobat|141\/312|[from] recoil|[of] p1a: Manaphy
|faint|p1a: Manaphy
|
|
|switch|p1a: Hydreigon|Hydreigon, M|326\/326
|-damage|p1a: Hydreigon|286\/326|[from] Stealth Rock
|turn|20
|
|move|p1a: Hydreigon|Dragon Pulse|p2a: Crobat
|-damage|p2a: Crobat|0 fnt
|faint|p2a: Crobat
|
|
|switch|p2a: Ditto|Ditto|12\/299
|-damage|p2a: Ditto|0 fnt|[from] Stealth Rock
|faint|p2a: Ditto
|
|switch|p2a: Mr.Scamper|Empoleon, M|107\/372
|-damage|p2a: Mr.Scamper|84\/372|[from] Stealth Rock
|turn|21
|
|switch|p1a: Ampharos|Ampharos-Mega, M|240\/384 tox
|-damage|p1a: Ampharos|192\/384 tox|[from] Stealth Rock
|-ability|p1a: Ampharos|Mold Breaker
|move|p2a: Mr.Scamper|Toxic|p1a: Ampharos
|-fail|p1a: Ampharos|tox
|
|-heal|p2a: Mr.Scamper|107\/372|[from] item: Leftovers
|-damage|p1a: Ampharos|168\/384 tox|[from] psn
|turn|22
|
|move|p2a: Mr.Scamper|Scald|p1a: Ampharos
|-resisted|p1a: Ampharos
|-damage|p1a: Ampharos|102\/384 tox
|move|p1a: Ampharos|Rest|p1a: Ampharos
|-status|p1a: Ampharos|slp
|-heal|p1a: Ampharos|384\/384 slp|[silent]
|-status|p1a: Ampharos|slp|[from] move: Rest
|
|-heal|p2a: Mr.Scamper|130\/372|[from] item: Leftovers
|turn|23
|join|epic4eternity
|
|cant|p1a: Ampharos|slp
|move|p1a: Ampharos|Sleep Talk|p1a: Ampharos
|move|p1a: Ampharos|Rest|p1a: Ampharos|[from]Sleep Talk
|-fail|p1a: Ampharos
|move|p2a: Mr.Scamper|Roar|p1a: Ampharos
|drag|p1a: Jirachi|Jirachi|305\/341
|-damage|p1a: Jirachi|284\/341|[from] Stealth Rock
|
|-heal|p1a: Jirachi|305\/341|[from] item: Leftovers
|-heal|p2a: Mr.Scamper|153\/372|[from] item: Leftovers
|turn|24
|
|move|p1a: Jirachi|U-turn|p2a: Mr.Scamper
|-resisted|p2a: Mr.Scamper
|-damage|p2a: Mr.Scamper|113\/372
|
|switch|p1a: Ampharos|Ampharos-Mega, M|384\/384 slp
|-damage|p1a: Ampharos|336\/384 slp|[from] Stealth Rock
|-ability|p1a: Ampharos|Mold Breaker
|move|p2a: Mr.Scamper|Scald|p1a: Ampharos
|-resisted|p1a: Ampharos
|-damage|p1a: Ampharos|264\/384 slp
|
|-heal|p2a: Mr.Scamper|136\/372|[from] item: Leftovers
|turn|25
|join|bouff
|
|move|p2a: Mr.Scamper|Scald|p1a: Ampharos
|-resisted|p1a: Ampharos
|-damage|p1a: Ampharos|215\/384 slp
|cant|p1a: Ampharos|slp
|move|p1a: Ampharos|Sleep Talk|p1a: Ampharos
|move|p1a: Ampharos|Rest|p1a: Ampharos|[from]Sleep Talk
|-fail|p1a: Ampharos
|
|-heal|p2a: Mr.Scamper|159\/372|[from] item: Leftovers
|turn|26
|
|-curestatus|p1a: Ampharos|slp
|move|p1a: Ampharos|Rest|p1a: Ampharos
|-status|p1a: Ampharos|slp
|-heal|p1a: Ampharos|384\/384 slp|[silent]
|-status|p1a: Ampharos|slp|[from] move: Rest
|move|p2a: Mr.Scamper|Roar|p1a: Ampharos
|drag|p1a: Crobat|Crobat, F|327\/373
|-damage|p1a: Crobat|234\/373|[from] Stealth Rock
|
|-heal|p1a: Crobat|257\/373|[from] item: Black Sludge
|-heal|p2a: Mr.Scamper|182\/372|[from] item: Leftovers
|turn|27
|
|move|p1a: Crobat|U-turn|p2a: Mr.Scamper
|-resisted|p2a: Mr.Scamper
|-damage|p2a: Mr.Scamper|149\/372
|
|switch|p1a: Hydreigon|Hydreigon, M|286\/326
|-damage|p1a: Hydreigon|246\/326|[from] Stealth Rock
|move|p2a: Mr.Scamper|Scald|p1a: Hydreigon
|-resisted|p1a: Hydreigon
|-damage|p1a: Hydreigon|186\/326
|
|-heal|p2a: Mr.Scamper|172\/372|[from] item: Leftovers
|turn|28
|join|Dracp
|
|move|p1a: Hydreigon|Dark Pulse|p2a: Mr.Scamper
|-crit|p2a: Mr.Scamper
|-damage|p2a: Mr.Scamper|10\/372
|move|p2a: Mr.Scamper|Scald|p1a: Hydreigon
|-resisted|p1a: Hydreigon
|-damage|p1a: Hydreigon|95\/326
|
|-heal|p2a: Mr.Scamper|33\/372|[from] item: Leftovers
|turn|29
|
|move|p1a: Hydreigon|Dark Pulse|p2a: Mr.Scamper
|-damage|p2a: Mr.Scamper|0 fnt
|faint|p2a: Mr.Scamper
|
|
|switch|p2a: Son Goku|Infernape, M|293\/293
|-damage|p2a: Son Goku|257\/293|[from] Stealth Rock
|turn|30
|
|move|p2a: Son Goku|Mach Punch|p1a: Hydreigon
|-supereffective|p1a: Hydreigon
|-damage|p1a: Hydreigon|0 fnt
|-damage|p2a: Son Goku|228\/293|[from] item: Life Orb
|faint|p1a: Hydreigon
|
|
|switch|p1a: Crobat|Crobat, F|257\/373
|-damage|p1a: Crobat|164\/373|[from] Stealth Rock
|turn|31
|
|switch|p2a: Chestnut|Chesnaught, M, shiny|369\/369
|-damage|p2a: Chestnut|346\/369|[from] Stealth Rock
|move|p1a: Crobat|Brave Bird|p2a: Chestnut
|-supereffective|p2a: Chestnut
|-damage|p2a: Chestnut|0 fnt
|-damage|p1a: Crobat|50\/373|[from] recoil|[of] p2a: Chestnut
|faint|p2a: Chestnut
|
|-heal|p1a: Crobat|73\/373|[from] item: Black Sludge
|
|switch|p2a: Son Goku|Infernape, M|228\/293
|-damage|p2a: Son Goku|192\/293|[from] Stealth Rock
|turn|32
|
|move|p2a: Son Goku|Mach Punch|p1a: Crobat
|-resisted|p1a: Crobat
|-damage|p1a: Crobat|42\/373
|-damage|p2a: Son Goku|163\/293|[from] item: Life Orb
|move|p1a: Crobat|Brave Bird|p2a: Son Goku
|-supereffective|p2a: Son Goku
|-damage|p2a: Son Goku|0 fnt
|-damage|p1a: Crobat|0 fnt|[from] recoil|[of] p2a: Son Goku
|faint|p2a: Son Goku
|faint|p1a: Crobat
|
|win|ULT Limitless
|raw|Ladder updating...
|raw|ULT Limitless's rating: 1652 &rarr; <strong>1659<\/strong><br \/>(+7 for winning)
|raw|Empoleon Sweeps's rating: 1369 &rarr; <strong>1363<\/strong><br \/>(-6 for losing)
|leave|ULT Limitless
|player|p1
|leave|Dracp
|leave|epic4eternity
|leave|bouff