|join|ULT Limitless
|join|LightEmUp
|player|p1|ULT Limitless|266
|player|p2|LightEmUp|274
|gametype|singles
|gen|6
|tier|UU
|rated
|rule|Sleep Clause Mod: Limit one foe put to sleep
|rule|Species Clause: Limit one of each Pokémon
|rule|OHKO Clause: OHKO moves are banned
|rule|Moody Clause: Moody is banned
|rule|Evasion Moves Clause: Evasion moves are banned
|rule|Endless Battle Clause: Forcing endless battles is banned
|rule|HP Percentage Mod: HP is reported as percentages
|clearpoke
|poke|p1|Jirachi
|poke|p1|Ampharos, M
|poke|p1|Hydreigon, M
|poke|p1|Manaphy
|poke|p1|Heracross, M
|poke|p1|Crobat, F
|poke|p2|Manaphy
|poke|p2|Kingdra, F
|poke|p2|Tornadus, M
|poke|p2|Sableye, M
|poke|p2|Azelf
|poke|p2|Kabutops, F
|rule|Swagger Clause: Swagger is banned
|rule|Baton Pass Clause: Limit one Pokémon knowing Baton Pass
|teampreview
|join|Calloflochie
|chat|Calloflochie|is this
|chat|Calloflochie|koko
|
|start
|switch|p1a: Hydreigon|Hydreigon, M|326\/326
|switch|p2a: Sableye|Sableye, M|304\/304
|turn|1
|chat|ULT Limitless|call me on skype
|
|switch|p1a: Ampharos|Ampharos, M|384\/384
|move|p2a: Sableye|Knock Off|p1a: Ampharos
|-damage|p1a: Ampharos|338\/384
|
|turn|2
|
|detailschange|p1a: Ampharos|Ampharos-Mega, M
|message|Ampharos has Mega Evolved into Mega Ampharos!
|-ability|p1a: Ampharos|Mold Breaker
|move|p2a: Sableye|Rain Dance|p2a: Sableye
|-weather|RainDance
|move|p1a: Ampharos|Volt Switch|p2a: Sableye
|-damage|p2a: Sableye|120\/304
|
|switch|p1a: Heracross|Heracross, M|302\/302
|
|-weather|RainDance|[upkeep]
|turn|3
|
|switch|p1a: Ampharos|Ampharos-Mega, M|338\/384
|-ability|p1a: Ampharos|Mold Breaker
|move|p2a: Sableye|Knock Off|p1a: Ampharos
|-crit|p1a: Ampharos
|-damage|p1a: Ampharos|275\/384
|
|-weather|RainDance|[upkeep]
|turn|4
|
|move|p2a: Sableye|Recover|p2a: Sableye
|-heal|p2a: Sableye|272\/304
|move|p1a: Ampharos|Volt Switch|p2a: Sableye
|-damage|p2a: Sableye|88\/304
|
|switch|p1a: Heracross|Heracross, M|302\/302
|
|-weather|RainDance|[upkeep]
|turn|5
|
|switch|p1a: Ampharos|Ampharos-Mega, M|275\/384
|-ability|p1a: Ampharos|Mold Breaker
|move|p2a: Sableye|Knock Off|p1a: Ampharos
|-damage|p1a: Ampharos|229\/384
|
|-weather|RainDance|[upkeep]
|turn|6
|join|laddering is bad
|
|move|p2a: Sableye|Recover|p2a: Sableye
|-heal|p2a: Sableye|240\/304
|move|p1a: Ampharos|Volt Switch|p2a: Sableye
|-damage|p2a: Sableye|72\/304
|
|switch|p1a: Heracross|Heracross, M|302\/302
|
|-weather|RainDance|[upkeep]
|turn|7
|
|move|p2a: Sableye|Recover|p2a: Sableye
|-heal|p2a: Sableye|224\/304
|move|p1a: Heracross|Knock Off|p2a: Sableye
|-damage|p2a: Sableye|57\/304
|-enditem|p2a: Sableye|Damp Rock|[from] move: Knock Off|[of] p1a: Heracross
|
|-weather|RainDance|[upkeep]
|turn|8
|
|switch|p1a: Ampharos|Ampharos-Mega, M|229\/384
|-ability|p1a: Ampharos|Mold Breaker
|switch|p2a: Kingdra|Kingdra, F|291\/291
|
|-weather|RainDance|[upkeep]
|turn|9
|chat|ULT Limitless|.
|chat|laddering is bad|is that
|chat|laddering is bad|kokos team
|
|switch|p1a: Crobat|Crobat, F|373\/373
|move|p2a: Kingdra|Dragon Pulse|p1a: Crobat
|-damage|p1a: Crobat|169\/373
|-damage|p2a: Kingdra|262\/291|[from] item: Life Orb
|
|-weather|none
|-heal|p1a: Crobat|192\/373|[from] item: Black Sludge
|turn|10
|join|Kingpoleon
|chat|Kingpoleon|Lochie
|chat|LightEmUp|is it? i have no idea… I just wanted to spam rain
|
|switch|p2a: Sableye|Sableye, M|57\/304
|move|p1a: Crobat|Brave Bird|p2a: Sableye
|-damage|p2a: Sableye|0 fnt
|-damage|p1a: Crobat|173\/373|[from] recoil|[of] p2a: Sableye
|faint|p2a: Sableye
|
|-heal|p1a: Crobat|196\/373|[from] item: Black Sludge
|
|switch|p2a: Kabutops|Kabutops, F|262\/262
|turn|11
|chat|laddering is bad|i think that's exactly kokos team
|chat|laddering is bad|minus azelf
|chat|Kingpoleon|I think Lochie has me \/ignored
|chat|laddering is bad|cool
|
|move|p1a: Crobat|U-turn|p2a: Kabutops
|-damage|p2a: Kabutops|206\/262
|chat|LightEmUp|well i would think that kabu, torn, kingdra, sable and manaphy are standard
|
|switch|p1a: Manaphy|Manaphy|342\/342
|move|p2a: Kabutops|Stone Edge|p1a: Manaphy
|-damage|p1a: Manaphy|95\/342
|-damage|p2a: Kabutops|180\/262|[from] item: Life Orb
|
|-heal|p1a: Manaphy|116\/342|[from] item: Leftovers
|turn|12
|
|switch|p2a: Azelf|Azelf|354\/354
|move|p1a: Manaphy|Energy Ball|p2a: Azelf
|-damage|p2a: Azelf|239\/354
|
|-heal|p1a: Manaphy|137\/342|[from] item: Leftovers
|turn|13
|chat|Kingpoleon|Doesn't koko have a Weavile?
|chat|laddering is bad|yeah ur right
|
|move|p2a: Azelf|Stealth Rock|p1a: Manaphy
|-sidestart|p1: ULT Limitless|move: Stealth Rock
|move|p1a: Manaphy|Surf|p2a: Azelf
|-damage|p2a: Azelf|49\/354
|
|-heal|p1a: Manaphy|158\/342|[from] item: Leftovers
|turn|14
|chat|laddering is bad|koko has a banned mon on his team
|chat|Kingpoleon|No
|
|move|p2a: Azelf|Rain Dance|p2a: Azelf
|-weather|RainDance
|move|p1a: Manaphy|Surf|p2a: Azelf
|-damage|p2a: Azelf|0 fnt
|faint|p2a: Azelf
|
|-weather|RainDance|[upkeep]
|-heal|p1a: Manaphy|179\/342|[from] item: Leftovers
|chat|Kingpoleon|I meant his old team
|leave|Kingpoleon
|
|switch|p2a: Kabutops|Kabutops, F|180\/262
|turn|15
|
|move|p2a: Kabutops|Stone Edge|p1a: Manaphy
|-damage|p1a: Manaphy|0 fnt
|-damage|p2a: Kabutops|154\/262|[from] item: Life Orb
|faint|p1a: Manaphy
|
|-weather|RainDance|[upkeep]
|chat|Calloflochie|flinch
|chat|Calloflochie|with
|
|switch|p1a: Hydreigon|Hydreigon, M|326\/326
|-damage|p1a: Hydreigon|286\/326|[from] Stealth Rock
|turn|16
|chat|Calloflochie|waterfall
|chat|Calloflochie|hydra doesnt die
|
|move|p2a: Kabutops|Low Kick|p1a: Hydreigon
|-supereffective|p1a: Hydreigon
|-damage|p1a: Hydreigon|0 fnt
|-damage|p2a: Kabutops|128\/262|[from] item: Life Orb
|faint|p1a: Hydreigon
|
|-weather|RainDance|[upkeep]
|
|switch|p1a: Ampharos|Ampharos-Mega, M|229\/384
|-damage|p1a: Ampharos|181\/384|[from] Stealth Rock
|-ability|p1a: Ampharos|Mold Breaker
|turn|17
|
|move|p2a: Kabutops|Stone Edge|p1a: Ampharos|[miss]
|-miss|p2a: Kabutops|p1a: Ampharos
|move|p1a: Ampharos|Rest|p1a: Ampharos
|-status|p1a: Ampharos|slp
|-heal|p1a: Ampharos|384\/384 slp|[silent]
|-status|p1a: Ampharos|slp|[from] move: Rest
|
|-weather|RainDance|[upkeep]
|turn|18
|
|move|p2a: Kabutops|Stone Edge|p1a: Ampharos
|-damage|p1a: Ampharos|212\/384 slp
|-damage|p2a: Kabutops|102\/262|[from] item: Life Orb
|cant|p1a: Ampharos|slp
|move|p1a: Ampharos|Sleep Talk|p1a: Ampharos
|move|p1a: Ampharos|Volt Switch|p2a: Kabutops|[from]Sleep Talk
|-supereffective|p2a: Kabutops
|-damage|p2a: Kabutops|0 fnt
|faint|p2a: Kabutops
|join|Apathos
|
|switch|p1a: Heracross|Heracross, M|302\/302
|-damage|p1a: Heracross|265\/302|[from] Stealth Rock
|
|-weather|RainDance|[upkeep]
|
|switch|p2a: Kingdra|Kingdra, F|262\/291
|turn|19
|
|move|p2a: Kingdra|Surf|p1a: Heracross
|-damage|p1a: Heracross|0 fnt
|-damage|p2a: Kingdra|233\/291|[from] item: Life Orb
|faint|p1a: Heracross
|
|-weather|RainDance|[upkeep]
|
|switch|p1a: Ampharos|Ampharos-Mega, M|212\/384 slp
|-damage|p1a: Ampharos|164\/384 slp|[from] Stealth Rock
|-ability|p1a: Ampharos|Mold Breaker
|turn|20
|
|move|p2a: Kingdra|Dragon Pulse|p1a: Ampharos
|-supereffective|p1a: Ampharos
|-damage|p1a: Ampharos|0 fnt
|-damage|p2a: Kingdra|204\/291|[from] item: Life Orb
|faint|p1a: Ampharos
|
|-weather|RainDance|[upkeep]
|-message|ULT Limitless forfeited.
|
|win|LightEmUp
|raw|Ladder updating...
|leave|ULT Limitless
|player|p1
|raw|ULT Limitless's rating: 1738 &rarr; <strong>1705<\/strong><br \/>(-33 for losing)
|raw|LightEmUp's rating: 1448 &rarr; <strong>1482<\/strong><br \/>(+34 for winning)