|inactive|Battle timer is ON: inactive players will automatically lose when time's up.
|join|DennisEG
|join|dong uni 2.0
|player|p1|DennisEG|76
|player|p2|dong uni 2.0|284
|gametype|singles
|gen|4
|tier|[Gen 4] OU
|rule|Sleep Clause Mod: Limit one foe put to sleep
|rule|Species Clause: Limit one of each Pokémon
|rule|OHKO Clause: OHKO moves are banned
|rule|Moody Clause: Moody is banned
|rule|Evasion Moves Clause: Evasion moves are banned
|rule|Endless Battle Clause: Forcing endless battles is banned
|rule|HP Percentage Mod: HP is shown in percentages
|
|start
|switch|p1a: Heatran|Heatran, M|323\/323
|switch|p2a: VOLCAN|Heatran, F|324\/324
|turn|1
|
|move|p1a: Heatran|Stealth Rock|p2a: VOLCAN
|-sidestart|p2: dong uni 2.0|move: Stealth Rock
|move|p2a: VOLCAN|Earth Power|p1a: Heatran
|-supereffective|p1a: Heatran
|-enditem|p1a: Heatran|Shuca Berry|[eat]
|-damage|p1a: Heatran|53\/323
|
|turn|2
|join|Freeeexxx@
|join|Mael oo
|join|Logic
|
|move|p1a: Heatran|Earth Power|p2a: VOLCAN
|-supereffective|p2a: VOLCAN
|-enditem|p2a: VOLCAN|Focus Sash
|-damage|p2a: VOLCAN|1\/324
|move|p2a: VOLCAN|Earth Power|p1a: Heatran
|-supereffective|p1a: Heatran
|-damage|p1a: Heatran|0 fnt
|faint|p1a: Heatran
|
|c|★dong uni 2.0|rip
|
|switch|p1a: Azelf|Azelf|291\/291
|turn|3
|
|move|p1a: Azelf|U-turn|p2a: VOLCAN
|-resisted|p2a: VOLCAN
|-damage|p2a: VOLCAN|0 fnt
|faint|p2a: VOLCAN
|
|switch|p1a: Breloom|Breloom, F|319\/319
|
|-status|p1a: Breloom|tox|[from] item: Toxic Orb
|
|switch|p2a: KILLER|Flygon, M|301\/301
|-damage|p2a: KILLER|283\/301|[from] Stealth Rock
|turn|4
|
|move|p2a: KILLER|Fire Blast|p1a: Breloom
|-supereffective|p1a: Breloom
|-damage|p1a: Breloom|0 fnt
|-damage|p2a: KILLER|253\/301|[from] item: Life Orb
|faint|p1a: Breloom
|
|join|Mizuhime (◠‿◠)✌
|
|switch|p1a: Flygon|Flygon, M|301\/301
|turn|5
|
|switch|p2a: FUSION|Jirachi|342\/342
|-damage|p2a: FUSION|321\/342|[from] Stealth Rock
|move|p1a: Flygon|Outrage|p2a: FUSION
|-crit|p2a: FUSION
|-resisted|p2a: FUSION
|-damage|p2a: FUSION|147\/342
|
|turn|6
|
|move|p2a: FUSION|Iron Head|p1a: Flygon
|-damage|p1a: Flygon|168\/301
|cant|p1a: Flygon|flinch
|
|turn|7
|
|switch|p1a: Jirachi|Jirachi|341\/341
|move|p2a: FUSION|Iron Head|p1a: Jirachi
|-resisted|p1a: Jirachi
|-damage|p1a: Jirachi|283\/341
|
|-heal|p1a: Jirachi|304\/341|[from] item: Leftovers
|turn|8
|leave|Mizuhime (◠‿◠)✌
|
|switch|p2a: BEAST|Tyranitar, M|341\/341
|-damage|p2a: BEAST|299\/341|[from] Stealth Rock
|-weather|Sandstorm|[from] ability: Sand Stream|[of] p2a: BEAST
|move|p1a: Jirachi|Calm Mind|p1a: Jirachi
|-boost|p1a: Jirachi|spa|1
|-boost|p1a: Jirachi|spd|1
|
|-weather|Sandstorm|[upkeep]
|-heal|p1a: Jirachi|325\/341|[from] item: Leftovers
|turn|9
|
|move|p2a: BEAST|Pursuit|p1a: Jirachi|[from]Pursuit
|-damage|p1a: Jirachi|195\/341
|switch|p1a: Suicune|Suicune|349\/349
|-ability|p1a: Suicune|Pressure
|
|-weather|Sandstorm|[upkeep]
|-damage|p1a: Suicune|328\/349|[from] sandstorm
|-heal|p1a: Suicune|349\/349|[from] item: Leftovers
|turn|10
|
|switch|p2a: HADOKUEN|Breloom, F|320\/320
|-damage|p2a: HADOKUEN|300\/320|[from] Stealth Rock
|move|p1a: Suicune|Calm Mind|p1a: Suicune
|-boost|p1a: Suicune|spa|1
|-boost|p1a: Suicune|spd|1
|
|-weather|Sandstorm|[upkeep]
|-damage|p1a: Suicune|328\/349|[from] sandstorm
|-damage|p2a: HADOKUEN|280\/320|[from] sandstorm
|-heal|p1a: Suicune|349\/349|[from] item: Leftovers
|-status|p2a: HADOKUEN|tox|[from] item: Toxic Orb
|turn|11
|
|move|p1a: Suicune|Ice Beam|p2a: HADOKUEN
|-supereffective|p2a: HADOKUEN
|-damage|p2a: HADOKUEN|0 fnt
|faint|p2a: HADOKUEN
|
|-weather|Sandstorm|[upkeep]
|-damage|p1a: Suicune|328\/349|[from] sandstorm
|-heal|p1a: Suicune|349\/349|[from] item: Leftovers
|
|switch|p2a: FUSION|Jirachi|147\/342
|-damage|p2a: FUSION|126\/342|[from] Stealth Rock
|turn|12
|
|move|p2a: FUSION|Thunder Punch|p1a: Suicune
|-supereffective|p1a: Suicune
|-damage|p1a: Suicune|215\/349
|-status|p1a: Suicune|par
|move|p1a: Suicune|Hydro Pump|p2a: FUSION|[miss]
|-miss|p1a: Suicune|p2a: FUSION
|
|-weather|Sandstorm|[upkeep]
|-damage|p1a: Suicune|194\/349 par|[from] sandstorm
|-heal|p1a: Suicune|215\/349 par|[from] item: Leftovers
|turn|13
|c|★dong uni 2.0|ah
|c|★dong uni 2.0|:[
|
|move|p2a: FUSION|Thunder Punch|p1a: Suicune
|-supereffective|p1a: Suicune
|-damage|p1a: Suicune|93\/349 par
|cant|p1a: Suicune|par
|
|-weather|Sandstorm|[upkeep]
|-damage|p1a: Suicune|72\/349 par|[from] sandstorm
|-heal|p1a: Suicune|93\/349 par|[from] item: Leftovers
|turn|14
|c|★dong uni 2.0|T_T
|
|switch|p1a: Flygon|Flygon, M|168\/301
|move|p2a: FUSION|Thunder Punch|p1a: Flygon
|-immune|p1a: Flygon|[msg]
|
|-weather|Sandstorm|[upkeep]
|turn|15
|join|lt5a moony
|c|★dong uni 2.0|im really sorry man
|join|Prankster
|
|switch|p2a: BEAST|Tyranitar, M|299\/341
|-damage|p2a: BEAST|257\/341|[from] Stealth Rock
|move|p1a: Flygon|Outrage|p2a: BEAST
|-damage|p2a: BEAST|67\/341
|
|-weather|Sandstorm|[upkeep]
|turn|16
|c|★dong uni 2.0|ive been haxing everyone today
|c|★dong uni 2.0|:[
|
|move|p1a: Flygon|Outrage|p2a: BEAST
|-damage|p2a: BEAST|0 fnt
|faint|p2a: BEAST
|
|-end|p1a: Flygon|rampage
|-start|p1a: Flygon|confusion
|-weather|Sandstorm|[upkeep]
|
|switch|p2a: CARNAGE|Gyarados, M|351\/351
|-damage|p2a: CARNAGE|264\/351|[from] Stealth Rock
|-ability|p2a: CARNAGE|Intimidate|[of] p1a: Flygon
|-unboost|p1a: Flygon|atk|1
|turn|17
|
|switch|p1a: Azelf|Azelf|291\/291
|move|p2a: CARNAGE|Dragon Dance|p2a: CARNAGE
|-boost|p2a: CARNAGE|atk|1
|-boost|p2a: CARNAGE|spe|1
|
|-weather|Sandstorm|[upkeep]
|-damage|p2a: CARNAGE|243\/351|[from] sandstorm
|-damage|p1a: Azelf|273\/291|[from] sandstorm
|-heal|p2a: CARNAGE|264\/351|[from] item: Leftovers
|turn|18
|
|move|p2a: CARNAGE|Waterfall|p1a: Azelf
|-damage|p1a: Azelf|0 fnt
|faint|p1a: Azelf
|
|-weather|Sandstorm|[upkeep]
|-damage|p2a: CARNAGE|243\/351|[from] sandstorm
|-heal|p2a: CARNAGE|264\/351|[from] item: Leftovers
|
|switch|p1a: Flygon|Flygon, M|168\/301
|turn|19
|
|move|p1a: Flygon|Outrage|p2a: CARNAGE
|-damage|p2a: CARNAGE|39\/351
|move|p2a: CARNAGE|Waterfall|p1a: Flygon
|-damage|p1a: Flygon|0 fnt
|faint|p1a: Flygon
|
|-weather|Sandstorm|[upkeep]
|-damage|p2a: CARNAGE|18\/351|[from] sandstorm
|-heal|p2a: CARNAGE|39\/351|[from] item: Leftovers
|
|switch|p1a: Jirachi|Jirachi|195\/341
|turn|20
|
|move|p2a: CARNAGE|Waterfall|p1a: Jirachi
|-crit|p1a: Jirachi
|-damage|p1a: Jirachi|0 fnt
|faint|p1a: Jirachi
|
|-weather|Sandstorm|[upkeep]
|-damage|p2a: CARNAGE|18\/351|[from] sandstorm
|-heal|p2a: CARNAGE|39\/351|[from] item: Leftovers
|c|★dong uni 2.0|shit game real sorry man
|
|switch|p1a: Suicune|Suicune|93\/349 par
|-ability|p1a: Suicune|Pressure
|turn|21
|
|move|p2a: CARNAGE|Waterfall|p1a: Suicune
|-resisted|p1a: Suicune
|-damage|p1a: Suicune|0 fnt
|faint|p1a: Suicune
|
|win|dong uni 2.0
|c|★DennisEG|gg
|leave|DennisEG
|player|p1
|c|★dong uni 2.0|gg
|leave|dong uni 2.0
|player|p2
|leave|lt5a moony
|leave|Freeeexxx@