|inactive|Battle timer is ON: inactive players will automatically lose when time's up.
|join|DennisEG
|join|Tatatetetoto
|player|p1|DennisEG|76
|player|p2|Tatatetetoto|4
|gametype|singles
|gen|4
|tier|[Gen 4] OU
|rule|Sleep Clause Mod: Limit one foe put to sleep
|rule|Species Clause: Limit one of each Pokémon
|rule|OHKO Clause: OHKO moves are banned
|rule|Moody Clause: Moody is banned
|rule|Evasion Moves Clause: Evasion moves are banned
|rule|Endless Battle Clause: Forcing endless battles is banned
|rule|HP Percentage Mod: HP is shown in percentages
|
|start
|switch|p1a: Heatran|Heatran, M|324\/324
|switch|p2a: Celebi|Celebi|351\/351
|turn|1
|join|ALEXANDER
|join|W2S
|join|YOUsucke
|
|move|p2a: Celebi|Earth Power|p1a: Heatran
|-supereffective|p1a: Heatran
|-enditem|p1a: Heatran|Shuca Berry|[eat]
|-damage|p1a: Heatran|144\/324
|move|p1a: Heatran|Stealth Rock|p2a: Celebi
|-sidestart|p2: Tatatetetoto|move: Stealth Rock
|
|turn|2
|
|move|p2a: Celebi|Stealth Rock|p1a: Heatran
|-sidestart|p1: DennisEG|move: Stealth Rock
|move|p1a: Heatran|Explosion|p2a: Celebi
|-damage|p2a: Celebi|0 fnt
|faint|p2a: Celebi
|faint|p1a: Heatran
|
|join|Real FV13
|join|Meh RC
|
|switch|p2a: Infernape|Infernape, F|293\/293
|-damage|p2a: Infernape|257\/293|[from] Stealth Rock
|switch|p1a: Jirachi|Jirachi|341\/341
|-damage|p1a: Jirachi|320\/341|[from] Stealth Rock
|turn|3
|leave|Real FV13
|join|Tesung
|
|switch|p1a: Flygon|Flygon, F|301\/301
|-damage|p1a: Flygon|283\/301|[from] Stealth Rock
|move|p2a: Infernape|Fire Blast|p1a: Flygon
|-resisted|p1a: Flygon
|-damage|p1a: Flygon|166\/301
|
|turn|4
|leave|YOUsucke
|
|switch|p2a: Gliscor|Gliscor, M|354\/354
|-damage|p2a: Gliscor|310\/354|[from] Stealth Rock
|move|p1a: Flygon|U-turn|p2a: Gliscor
|-resisted|p2a: Gliscor
|-damage|p2a: Gliscor|284\/354
|
|switch|p1a: Rotom-Heat|Rotom-Heat|241\/241
|-damage|p1a: Rotom-Heat|211\/241|[from] Stealth Rock
|
|-heal|p2a: Gliscor|306\/354|[from] item: Leftovers
|turn|5
|
|move|p2a: Gliscor|Toxic|p1a: Rotom-Heat|[miss]
|-miss|p2a: Gliscor|p1a: Rotom-Heat
|move|p1a: Rotom-Heat|Shadow Ball|p2a: Gliscor
|-damage|p2a: Gliscor|69\/354
|
|-heal|p2a: Gliscor|91\/354|[from] item: Leftovers
|turn|6
|
|move|p2a: Gliscor|Toxic|p1a: Rotom-Heat
|-status|p1a: Rotom-Heat|tox
|move|p1a: Rotom-Heat|Shadow Ball|p2a: Gliscor
|-damage|p2a: Gliscor|0 fnt
|faint|p2a: Gliscor
|
|-damage|p1a: Rotom-Heat|196\/241 tox|[from] psn
|
|switch|p2a: Scizor|Scizor, M|325\/325
|-damage|p2a: Scizor|285\/325|[from] Stealth Rock
|turn|7
|
|move|p2a: Scizor|Pursuit|p1a: Rotom-Heat|[from]Pursuit
|-supereffective|p1a: Rotom-Heat
|-damage|p1a: Rotom-Heat|0 fnt
|faint|p1a: Rotom-Heat
|switch|p1a: Infernape|Infernape, F|293\/293
|-damage|p1a: Infernape|257\/293|[from] Stealth Rock
|
|turn|8
|
|move|p1a: Infernape|Close Combat|p2a: Scizor
|-damage|p2a: Scizor|96\/325
|-unboost|p1a: Infernape|def|1
|-unboost|p1a: Infernape|spd|1
|-damage|p1a: Infernape|228\/293|[from] item: Life Orb
|move|p2a: Scizor|Pursuit|p1a: Infernape
|-resisted|p1a: Infernape
|-damage|p1a: Infernape|109\/293
|
|turn|9
|
|move|p1a: Infernape|Close Combat|p2a: Scizor
|-damage|p2a: Scizor|0 fnt
|-unboost|p1a: Infernape|def|1
|-unboost|p1a: Infernape|spd|1
|-damage|p1a: Infernape|80\/293|[from] item: Life Orb
|faint|p2a: Scizor
|
|
|switch|p2a: Infernape|Infernape, F|257\/293
|-damage|p2a: Infernape|221\/293|[from] Stealth Rock
|turn|10
|
|move|p2a: Infernape|Close Combat|p1a: Infernape
|-damage|p1a: Infernape|0 fnt
|-unboost|p2a: Infernape|def|1
|-unboost|p2a: Infernape|spd|1
|faint|p1a: Infernape
|
|
|switch|p1a: Machamp|Machamp, F|381\/381
|-damage|p1a: Machamp|358\/381|[from] Stealth Rock
|turn|11
|
|switch|p2a: Kingdra|Kingdra, M|327\/327
|-damage|p2a: Kingdra|287\/327|[from] Stealth Rock
|move|p1a: Machamp|Stone Edge|p2a: Kingdra
|-damage|p2a: Kingdra|145\/327
|
|turn|12
|
|switch|p1a: Jirachi|Jirachi|320\/341
|-damage|p1a: Jirachi|299\/341|[from] Stealth Rock
|move|p2a: Kingdra|Outrage|p1a: Jirachi
|-resisted|p1a: Jirachi
|-damage|p1a: Jirachi|215\/341
|
|turn|13
|
|move|p1a: Jirachi|Iron Head|p2a: Kingdra
|-resisted|p2a: Kingdra
|-damage|p2a: Kingdra|88\/327
|move|p2a: Kingdra|Outrage|p1a: Jirachi
|-resisted|p1a: Jirachi
|-damage|p1a: Jirachi|121\/341
|
|turn|14
|
|move|p1a: Jirachi|Iron Head|p2a: Kingdra
|-resisted|p2a: Kingdra
|-damage|p2a: Kingdra|31\/327
|cant|p2a: Kingdra|flinch
|
|-end|p2a: Kingdra|rampage
|-start|p2a: Kingdra|confusion
|turn|15
|
|move|p1a: Jirachi|Iron Head|p2a: Kingdra
|-resisted|p2a: Kingdra
|-damage|p2a: Kingdra|0 fnt
|faint|p2a: Kingdra
|
|
|switch|p2a: Infernape|Infernape, F|221\/293
|-damage|p2a: Infernape|185\/293|[from] Stealth Rock
|turn|16
|
|move|p2a: Infernape|U-turn|p1a: Jirachi
|-damage|p1a: Jirachi|64\/341
|
|switch|p2a: Magnezone|Magnezone|302\/302
|-damage|p2a: Magnezone|284\/302|[from] Stealth Rock
|move|p1a: Jirachi|Iron Head|p2a: Magnezone
|-resisted|p2a: Magnezone
|-damage|p2a: Magnezone|257\/302
|
|turn|17
|
|move|p1a: Jirachi|Iron Head|p2a: Magnezone
|-resisted|p2a: Magnezone
|-damage|p2a: Magnezone|229\/302
|cant|p2a: Magnezone|flinch
|
|turn|18
|leave|W2S
|
|move|p1a: Jirachi|Iron Head|p2a: Magnezone
|-resisted|p2a: Magnezone
|-damage|p2a: Magnezone|197\/302
|cant|p2a: Magnezone|flinch
|
|turn|19
|
|move|p1a: Jirachi|Iron Head|p2a: Magnezone
|-resisted|p2a: Magnezone
|-damage|p2a: Magnezone|166\/302
|move|p2a: Magnezone|Flash Cannon|p1a: Jirachi
|-resisted|p1a: Jirachi
|-damage|p1a: Jirachi|0 fnt
|-damage|p2a: Magnezone|136\/302|[from] item: Life Orb
|faint|p1a: Jirachi
|
|
|switch|p1a: Flygon|Flygon, F|166\/301
|-damage|p1a: Flygon|148\/301|[from] Stealth Rock
|turn|20
|
|move|p1a: Flygon|Earthquake|p2a: Magnezone
|-supereffective|p2a: Magnezone
|-damage|p2a: Magnezone|0 fnt
|faint|p2a: Magnezone
|
|
|switch|p2a: Infernape|Infernape, F|185\/293
|-damage|p2a: Infernape|149\/293|[from] Stealth Rock
|turn|21
|
|move|p2a: Infernape|Fire Blast|p1a: Flygon
|-resisted|p1a: Flygon
|-damage|p1a: Flygon|44\/301
|move|p1a: Flygon|Earthquake|p2a: Infernape
|-supereffective|p2a: Infernape
|-damage|p2a: Infernape|0 fnt
|faint|p2a: Infernape
|
|win|DennisEG
|leave|Tatatetetoto
|player|p2
|c|★DennisEG|gg
|leave|DennisEG
|player|p1
|leave|Tesung