|join|juancar_tested
|join|Angler Management
|player|p1|juancar_tested|144
|player|p2|Angler Management|198
|gametype|singles
|gen|6
|tier|UU
|rated
|rule|Sleep Clause Mod: Limit one foe put to sleep
|rule|Species Clause: Limit one of each Pokémon
|rule|OHKO Clause: OHKO moves are banned
|rule|Moody Clause: Moody is banned
|rule|Evasion Moves Clause: Evasion moves are banned
|rule|Endless Battle Clause: Forcing endless battles is banned
|rule|HP Percentage Mod: HP is shown in percentages
|clearpoke
|poke|p1|Gallade, M
|poke|p1|Crobat, M
|poke|p1|Umbreon, F
|poke|p1|Arcanine, F
|poke|p1|Porygon-Z
|poke|p1|Gastrodon, F
|poke|p2|Slowking, M
|poke|p2|Lopunny, F
|poke|p2|Zygarde
|poke|p2|Tornadus, M, shiny
|poke|p2|Azelf, shiny
|poke|p2|Fletchinder, F
|rule|Swagger Clause: Swagger is banned
|rule|Baton Pass Clause: Limit one Pokémon knowing Baton Pass
|teampreview
|
|start
|switch|p1a: Ingenio|Porygon-Z|311\/311
|switch|p2a: King UU|Slowking, M|394\/394
|turn|1
|
|move|p1a: Ingenio|Dark Pulse|p2a: King UU
|-supereffective|p2a: King UU
|-damage|p2a: King UU|222\/394
|move|p2a: King UU|Scald|p1a: Ingenio
|-crit|p1a: Ingenio
|-damage|p1a: Ingenio|64\/311
|
|-heal|p2a: King UU|246\/394|[from] item: Leftovers
|turn|2
|
|switch|p1a: Belleza|Umbreon, F|394\/394
|move|p2a: King UU|Psyshock|p1a: Belleza
|-immune|p1a: Belleza|[msg]
|
|-heal|p2a: King UU|270\/394|[from] item: Leftovers
|turn|3
|
|switch|p2a: Dudeman130498|Azelf, shiny|291\/291
|move|p1a: Belleza|Wish|p1a: Belleza
|
|turn|4
|
|switch|p1a: Ingenio|Porygon-Z|64\/311
|move|p2a: Dudeman130498|Stealth Rock|p1a: Ingenio
|-sidestart|p1: juancar_tested|move: Stealth Rock
|
|-heal|p1a: Ingenio|261\/311|[from] move: Wish|[wisher] Belleza
|turn|5
|
|move|p1a: Ingenio|Dark Pulse|p2a: Dudeman130498
|-supereffective|p2a: Dudeman130498
|-damage|p2a: Dudeman130498|27\/291
|cant|p2a: Dudeman130498|flinch
|
|turn|6
|
|switch|p2a: DMT|Lopunny, F|271\/271
|move|p1a: Ingenio|Dark Pulse|p2a: DMT
|-damage|p2a: DMT|169\/271
|
|turn|7
|
|switch|p1a: BobEsmonja|Gastrodon, F|426\/426
|-damage|p1a: BobEsmonja|400\/426|[from] Stealth Rock
|detailschange|p2a: DMT|Lopunny-Mega, F
|message|Lopunny has Mega Evolved into Mega Lopunny!
|move|p2a: DMT|Frustration|p1a: BobEsmonja
|-damage|p1a: BobEsmonja|219\/426
|
|-heal|p1a: BobEsmonja|245\/426|[from] item: Leftovers
|turn|8
|
|move|p2a: DMT|High Jump Kick|p1a: BobEsmonja
|-damage|p1a: BobEsmonja|43\/426
|move|p1a: BobEsmonja|Recover|p1a: BobEsmonja
|-heal|p1a: BobEsmonja|256\/426
|
|-heal|p1a: BobEsmonja|282\/426|[from] item: Leftovers
|turn|9
|
|move|p2a: DMT|Encore|p1a: BobEsmonja
|-start|p1a: BobEsmonja|Encore
|move|p1a: BobEsmonja|Recover|p1a: BobEsmonja
|-heal|p1a: BobEsmonja|426\/426
|
|turn|10
|
|move|p2a: DMT|Frustration|p1a: BobEsmonja
|-damage|p1a: BobEsmonja|251\/426
|move|p1a: BobEsmonja|Recover|p1a: BobEsmonja
|-heal|p1a: BobEsmonja|426\/426
|
|turn|11
|
|move|p2a: DMT|Frustration|p1a: BobEsmonja
|-damage|p1a: BobEsmonja|260\/426
|move|p1a: BobEsmonja|Recover|p1a: BobEsmonja
|-heal|p1a: BobEsmonja|426\/426
|
|-end|p1a: BobEsmonja|Encore
|turn|12
|
|move|p2a: DMT|Encore|p1a: BobEsmonja
|-start|p1a: BobEsmonja|Encore
|move|p1a: BobEsmonja|Recover|p1a: BobEsmonja
|-fail|p1a: BobEsmonja
|
|turn|13
|
|switch|p2a: King UU|Slowking, M|394\/394
|move|p1a: BobEsmonja|Recover|p1a: BobEsmonja
|-fail|p1a: BobEsmonja
|
|turn|14
|
|switch|p1a: Belleza|Umbreon, F|394\/394
|-damage|p1a: Belleza|345\/394|[from] Stealth Rock
|move|p2a: King UU|Nasty Plot|p2a: King UU
|-boost|p2a: King UU|spa|2
|
|-heal|p1a: Belleza|369\/394|[from] item: Leftovers
|turn|15
|
|move|p1a: Belleza|Foul Play|p2a: King UU
|-supereffective|p2a: King UU
|-damage|p2a: King UU|230\/394
|move|p2a: King UU|Nasty Plot|p2a: King UU
|-boost|p2a: King UU|spa|2
|
|-heal|p1a: Belleza|393\/394|[from] item: Leftovers
|-heal|p2a: King UU|254\/394|[from] item: Leftovers
|turn|16
|
|move|p1a: Belleza|Foul Play|p2a: King UU
|-supereffective|p2a: King UU
|-damage|p2a: King UU|72\/394
|move|p2a: King UU|Scald|p1a: Belleza
|-crit|p1a: Belleza
|-damage|p1a: Belleza|45\/394
|
|-heal|p1a: Belleza|69\/394|[from] item: Leftovers
|-heal|p2a: King UU|96\/394|[from] item: Leftovers
|turn|17
|c|★juancar_tested|more crits for this?
|
|switch|p2a: DMT|Lopunny-Mega, F|169\/271
|move|p1a: Belleza|Foul Play|p2a: DMT
|-resisted|p2a: DMT
|-damage|p2a: DMT|73\/271
|
|-heal|p1a: Belleza|93\/394|[from] item: Leftovers
|turn|18
|
|move|p1a: Belleza|Protect|p1a: Belleza
|-singleturn|p1a: Belleza|Protect
|move|p2a: DMT|Frustration|p1a: Belleza
|-activate|p1a: Belleza|Protect
|
|-heal|p1a: Belleza|117\/394|[from] item: Leftovers
|turn|19
|join|Arisage
|
|switch|p1a: BobEsmonja|Gastrodon, F|426\/426
|-damage|p1a: BobEsmonja|400\/426|[from] Stealth Rock
|move|p2a: DMT|Frustration|p1a: BobEsmonja
|-damage|p1a: BobEsmonja|231\/426
|
|-heal|p1a: BobEsmonja|257\/426|[from] item: Leftovers
|turn|20
|
|switch|p2a: Dudeman130498|Azelf, shiny|27\/291
|move|p1a: BobEsmonja|Toxic|p2a: Dudeman130498
|-status|p2a: Dudeman130498|tox
|
|-heal|p1a: BobEsmonja|283\/426|[from] item: Leftovers
|-damage|p2a: Dudeman130498|9\/291 tox|[from] psn
|turn|21
|
|move|p2a: Dudeman130498|Explosion|p1a: BobEsmonja
|-damage|p1a: BobEsmonja|23\/426
|faint|p2a: Dudeman130498
|move|p1a: BobEsmonja|Recover|p1a: BobEsmonja
|-heal|p1a: BobEsmonja|236\/426
|
|-heal|p1a: BobEsmonja|262\/426|[from] item: Leftovers
|
|switch|p2a: Technosis|Tornadus, M, shiny|299\/299
|turn|22
|
|move|p2a: Technosis|Taunt|p1a: BobEsmonja
|-start|p1a: BobEsmonja|move: Taunt
|cant|p1a: BobEsmonja|move: Taunt|Toxic
|
|-heal|p1a: BobEsmonja|288\/426|[from] item: Leftovers
|turn|23
|
|move|p2a: Technosis|Knock Off|p1a: BobEsmonja
|-damage|p1a: BobEsmonja|195\/426
|-enditem|p1a: BobEsmonja|Leftovers|[from] move: Knock Off|[of] p2a: Technosis
|move|p1a: BobEsmonja|Scald|p2a: Technosis
|-damage|p2a: Technosis|185\/299
|
|turn|24
|
|move|p2a: Technosis|Acrobatics|p1a: BobEsmonja
|-damage|p1a: BobEsmonja|39\/426
|move|p1a: BobEsmonja|Counter|p2a: Technosis
|-damage|p2a: Technosis|0 fnt
|faint|p2a: Technosis
|
|-end|p1a: BobEsmonja|move: Taunt
|
|switch|p2a: DMT|Lopunny-Mega, F|73\/271
|turn|25
|
|move|p2a: DMT|Frustration|p1a: BobEsmonja
|-damage|p1a: BobEsmonja|0 fnt
|faint|p1a: BobEsmonja
|
|
|switch|p1a: Ingenio|Porygon-Z|261\/311
|-damage|p1a: Ingenio|223\/311|[from] Stealth Rock
|turn|26
|
|move|p1a: Ingenio|Tri Attack|p2a: DMT
|-damage|p2a: DMT|0 fnt
|faint|p2a: DMT
|
|
|switch|p2a: King UU|Slowking, M|227\/394
|turn|27
|
|move|p1a: Ingenio|Tri Attack|p2a: King UU
|-damage|p2a: King UU|61\/394
|move|p2a: King UU|Trick Room|p2a: King UU
|-fieldstart|move: Trick Room|[of] p2a: King UU
|
|-heal|p2a: King UU|85\/394|[from] item: Leftovers
|turn|28
|
|move|p2a: King UU|Scald|p1a: Ingenio
|-damage|p1a: Ingenio|67\/311
|move|p1a: Ingenio|Tri Attack|p2a: King UU
|-damage|p2a: King UU|0 fnt
|faint|p2a: King UU
|
|
|switch|p2a: xMarth|Zygarde|359\/359
|-ability|p2a: xMarth|Aura Break
|turn|29
|
|switch|p1a: Malestar|Crobat, M|373\/373
|-damage|p1a: Malestar|280\/373|[from] Stealth Rock
|move|p2a: xMarth|Earthquake|p1a: Malestar
|-immune|p1a: Malestar|[msg]
|
|-heal|p1a: Malestar|303\/373|[from] item: Leftovers
|turn|30
|
|move|p2a: xMarth|Dragon Dance|p2a: xMarth
|-boost|p2a: xMarth|atk|1
|-boost|p2a: xMarth|spe|1
|move|p1a: Malestar|Taunt|p2a: xMarth
|-start|p2a: xMarth|move: Taunt
|
|-heal|p1a: Malestar|326\/373|[from] item: Leftovers
|turn|31
|
|move|p2a: xMarth|Extreme Speed|p1a: Malestar
|-damage|p1a: Malestar|119\/373
|-damage|p2a: xMarth|324\/359|[from] item: Life Orb
|move|p1a: Malestar|Brave Bird|p2a: xMarth
|-damage|p2a: xMarth|213\/359
|-damage|p1a: Malestar|82\/373|[from] recoil|[of] p2a: xMarth
|
|-heal|p1a: Malestar|105\/373|[from] item: Leftovers
|-fieldend|move: Trick Room
|turn|32
|
|move|p2a: xMarth|Extreme Speed|p1a: Malestar
|-damage|p1a: Malestar|0 fnt
|-damage|p2a: xMarth|178\/359|[from] item: Life Orb
|faint|p1a: Malestar
|
|
|switch|p1a: Valentia|Arcanine, F|383\/383
|-damage|p1a: Valentia|288\/383|[from] Stealth Rock
|-ability|p1a: Valentia|Intimidate|[of] p2a: xMarth
|-unboost|p2a: xMarth|atk|1
|turn|33
|
|move|p1a: Valentia|Extreme Speed|p2a: xMarth
|-damage|p2a: xMarth|119\/359
|move|p2a: xMarth|Earthquake|p1a: Valentia
|-supereffective|p1a: Valentia
|-damage|p1a: Valentia|0 fnt
|-damage|p2a: xMarth|84\/359|[from] item: Life Orb
|faint|p1a: Valentia
|
|-end|p2a: xMarth|move: Taunt
|
|switch|p1a: Gallardia|Gallade, M|277\/277
|-damage|p1a: Gallardia|260\/277|[from] Stealth Rock
|turn|34
|
|detailschange|p1a: Gallardia|Gallade-Mega, M
|message|Gallade has Mega Evolved into Mega Gallade!
|move|p2a: xMarth|Outrage|p1a: Gallardia
|-damage|p1a: Gallardia|0 fnt
|-damage|p2a: xMarth|49\/359|[from] item: Life Orb
|faint|p1a: Gallardia
|
|
|switch|p1a: Belleza|Umbreon, F|117\/394
|-damage|p1a: Belleza|68\/394|[from] Stealth Rock
|turn|35
|
|move|p1a: Belleza|Protect|p1a: Belleza
|-singleturn|p1a: Belleza|Protect
|move|p2a: xMarth|Outrage|p1a: Belleza
|-activate|p1a: Belleza|Protect
|
|-end|p2a: xMarth|rampage
|-start|p2a: xMarth|confusion
|-heal|p1a: Belleza|92\/394|[from] item: Leftovers
|turn|36
|
|-activate|p2a: xMarth|confusion
|-damage|p2a: xMarth|4\/359|[from] confusion
|move|p1a: Belleza|Wish|p1a: Belleza
|
|-heal|p1a: Belleza|116\/394|[from] item: Leftovers
|turn|37
|
|move|p1a: Belleza|Protect|p1a: Belleza
|-singleturn|p1a: Belleza|Protect
|-end|p2a: xMarth|confusion
|move|p2a: xMarth|Earthquake|p1a: Belleza
|-activate|p1a: Belleza|Protect
|
|-heal|p1a: Belleza|313\/394|[from] move: Wish|[wisher] Belleza
|-heal|p1a: Belleza|337\/394|[from] item: Leftovers
|turn|38
|
|move|p2a: xMarth|Outrage|p1a: Belleza
|-damage|p1a: Belleza|84\/394
|-damage|p2a: xMarth|0 fnt|[from] item: Life Orb
|faint|p2a: xMarth
|move|p1a: Belleza|Wish|p1a: Belleza
|
|-heal|p1a: Belleza|108\/394|[from] item: Leftovers
|
|switch|p2a: sniperaim|Fletchinder, F|291\/291
|turn|39
|
|move|p1a: Belleza|Protect|p1a: Belleza
|-singleturn|p1a: Belleza|Protect
|move|p2a: sniperaim|Acrobatics|p1a: Belleza
|-activate|p1a: Belleza|Protect
|
|-heal|p1a: Belleza|305\/394|[from] move: Wish|[wisher] Belleza
|-heal|p1a: Belleza|329\/394|[from] item: Leftovers
|turn|40
|
|move|p2a: sniperaim|Will-O-Wisp|p1a: Belleza
|-status|p1a: Belleza|brn
|move|p1a: Belleza|Wish|p1a: Belleza
|
|-heal|p1a: Belleza|353\/394 brn|[from] item: Leftovers
|-damage|p1a: Belleza|304\/394 brn|[from] brn
|turn|41
|
|move|p2a: sniperaim|Swords Dance|p2a: sniperaim
|-boost|p2a: sniperaim|atk|2
|move|p1a: Belleza|Foul Play|p2a: sniperaim
|-damage|p2a: sniperaim|84\/291
|
|-heal|p1a: Belleza|394\/394 brn|[from] move: Wish|[wisher] Belleza
|-damage|p1a: Belleza|345\/394 brn|[from] brn
|turn|42
|
|move|p2a: sniperaim|Roost|p2a: sniperaim
|-heal|p2a: sniperaim|230\/291
|move|p1a: Belleza|Foul Play|p2a: sniperaim
|-damage|p2a: sniperaim|37\/291
|
|-heal|p1a: Belleza|369\/394 brn|[from] item: Leftovers
|-damage|p1a: Belleza|320\/394 brn|[from] brn
|turn|43
|
|move|p2a: sniperaim|Acrobatics|p1a: Belleza
|-damage|p1a: Belleza|61\/394 brn
|move|p1a: Belleza|Foul Play|p2a: sniperaim
|-damage|p2a: sniperaim|0 fnt
|faint|p2a: sniperaim
|
|win|juancar_tested
|raw|Ladder updating...
|raw|juancar_tested's rating: 1506 &rarr; <strong>1531<\/strong><br \/>(+25 for winning)
|raw|Angler Management's rating: 1596 &rarr; <strong>1571<\/strong><br \/>(-25 for losing)
|c|★juancar_tested|close
|c|★juancar_tested|gg
|leave|Angler Management
|player|p2