|join|SpecsPrimeape
|join|angler management
|player|p1|SpecsPrimeape|265
|player|p2|angler management|198
|gametype|singles
|gen|6
|tier|UU
|rated
|rule|Sleep Clause Mod: Limit one foe put to sleep
|rule|Species Clause: Limit one of each Pokemon
|rule|OHKO Clause: OHKO moves are banned
|rule|Moody Clause: Moody is banned
|rule|Evasion Moves Clause: Evasion moves are banned
|rule|Endless Battle Clause: Forcing endless battles is banned.
|rule|HP Percentage Mod: HP is reported as percentages
|clearpoke
|poke|p1|Blissey, F
|poke|p1|Mew
|poke|p1|Gastrodon, F, shiny
|poke|p1|Infernape, F
|poke|p1|Tauros, M
|poke|p1|Hydreigon, M
|poke|p2|Kabutops, M
|poke|p2|Claydol
|poke|p2|Sableye, M
|poke|p2|Tornadus, M
|poke|p2|Ludicolo, M
|poke|p2|Qwilfish, M
|teampreview
|join|sASSDSADSAD
|join|bleve
|
|start
|switch|p1a: Prominence|Infernape, F|293\/293
|switch|p2a: Zeroes and Ones|Claydol|261\/261
|turn|1
|
|move|p1a: Prominence|Fake Out|p2a: Zeroes and Ones
|-damage|p2a: Zeroes and Ones|219\/261
|cant|p2a: Zeroes and Ones|flinch
|
|turn|2
|
|switch|p1a: Drag trio|Hydreigon, M|325\/325
|move|p2a: Zeroes and Ones|Stealth Rock|p1a: Drag trio
|-sidestart|p1: SpecsPrimeape|move: Stealth Rock
|
|turn|3
|
|move|p1a: Drag trio|Dark Pulse|p2a: Zeroes and Ones
|-supereffective|p2a: Zeroes and Ones
|-damage|p2a: Zeroes and Ones|0 fnt
|faint|p2a: Zeroes and Ones
|
|chat|bleve|.
|
|switch|p2a: Tornadus|Tornadus, M|299\/299
|turn|4
|
|switch|p1a: Nymphy|Blissey, F|714\/714
|-damage|p1a: Nymphy|625\/714|[from] Stealth Rock
|move|p2a: Tornadus|Knock Off|p1a: Nymphy
|-damage|p1a: Nymphy|481\/714
|-enditem|p1a: Nymphy|Leftovers|[from] move: Knock Off|[of] p2a: Tornadus
|
|turn|5
|
|move|p2a: Tornadus|Taunt|p1a: Nymphy
|-start|p1a: Nymphy|move: Taunt
|cant|p1a: Nymphy|move: Taunt|Thunder Wave
|
|turn|6
|
|switch|p1a: Mew|Mew|364\/364
|-damage|p1a: Mew|319\/364|[from] Stealth Rock
|move|p2a: Tornadus|Knock Off|p1a: Mew
|-supereffective|p1a: Mew
|-damage|p1a: Mew|187\/364
|-enditem|p1a: Mew|Leftovers|[from] move: Knock Off|[of] p2a: Tornadus
|
|turn|7
|
|move|p2a: Tornadus|Taunt|p1a: Mew
|-start|p1a: Mew|move: Taunt
|move|p1a: Mew|Knock Off|p2a: Tornadus
|-damage|p2a: Tornadus|191\/299
|-enditem|p2a: Tornadus|Damp Rock|[from] move: Knock Off|[of] p1a: Mew
|
|turn|8
|
|move|p2a: Tornadus|Hurricane|p1a: Mew
|-damage|p1a: Mew|19\/364
|-start|p1a: Mew|confusion
|-activate|p1a: Mew|confusion
|-damage|p1a: Mew|0 fnt|[from] confusion
|faint|p1a: Mew
|
|
|switch|p1a: Warbandit|Tauros, M|292\/292
|-damage|p1a: Warbandit|256\/292|[from] Stealth Rock
|turn|9
|
|switch|p2a: Sableye|Sableye, M|304\/304
|move|p1a: Warbandit|Rock Climb|p2a: Sableye
|-immune|p2a: Sableye|[msg]
|
|turn|10
|
|switch|p1a: Prominence|Infernape, F|293\/293
|-damage|p1a: Prominence|257\/293|[from] Stealth Rock
|move|p2a: Sableye|Knock Off|p1a: Prominence
|-resisted|p1a: Prominence
|-damage|p1a: Prominence|196\/293
|-enditem|p1a: Prominence|Focus Sash|[from] move: Knock Off|[of] p2a: Sableye
|
|turn|11
|
|move|p2a: Sableye|Taunt|p1a: Prominence
|-start|p1a: Prominence|move: Taunt
|cant|p1a: Prominence|move: Taunt|Stealth Rock
|
|turn|12
|
|move|p2a: Sableye|Rain Dance|p2a: Sableye
|-weather|RainDance
|move|p1a: Prominence|Fire Blast|p2a: Sableye
|-damage|p2a: Sableye|234\/304
|
|-weather|RainDance|[upkeep]
|turn|13
|
|switch|p2a: Qwilfish|Qwilfish, M|275\/275
|move|p1a: Prominence|Close Combat|p2a: Qwilfish
|-resisted|p2a: Qwilfish
|-damage|p2a: Qwilfish|162\/275
|-unboost|p1a: Prominence|def|1
|-unboost|p1a: Prominence|spd|1
|
|-weather|RainDance|[upkeep]
|-end|p1a: Prominence|move: Taunt
|turn|14
|
|move|p2a: Qwilfish|Swords Dance|p2a: Qwilfish
|-boost|p2a: Qwilfish|atk|2
|move|p1a: Prominence|Stealth Rock|p2a: Qwilfish
|-sidestart|p2: angler management|move: Stealth Rock
|
|-weather|RainDance|[upkeep]
|turn|15
|
|switch|p1a: Diva|Gastrodon, F, shiny|400\/400
|-damage|p1a: Diva|375\/400|[from] Stealth Rock
|move|p2a: Qwilfish|Poison Jab|p1a: Diva
|-resisted|p1a: Diva
|-damage|p1a: Diva|233\/400
|-damage|p2a: Qwilfish|135\/275|[from] item: Life Orb
|
|-weather|RainDance|[upkeep]
|-heal|p1a: Diva|258\/400|[from] item: Leftovers
|turn|16
|
|move|p2a: Qwilfish|Explosion|p1a: Diva
|-damage|p1a: Diva|0 fnt
|faint|p2a: Qwilfish
|faint|p1a: Diva
|
|-weather|RainDance|[upkeep]
|chat|bleve|i feel like using
|chat|bleve|all out offensive volc
|chat|angler management|you should
|chat|angler management|too many fags are running bulky
|
|switch|p1a: Drag trio|Hydreigon, M|325\/325
|-damage|p1a: Drag trio|285\/325|[from] Stealth Rock
|switch|p2a: Ludicolo|Ludicolo, M|301\/301
|-damage|p2a: Ludicolo|264\/301|[from] Stealth Rock
|turn|17
|chat|bleve|yeah bulky is too weak
|
|move|p2a: Ludicolo|Ice Punch|p1a: Drag trio
|-crit|p1a: Drag trio
|-supereffective|p1a: Drag trio
|-damage|p1a: Drag trio|22\/325
|-damage|p2a: Ludicolo|234\/301|[from] item: Life Orb
|move|p1a: Drag trio|Dark Pulse|p2a: Ludicolo
|-damage|p2a: Ludicolo|44\/301
|
|-weather|RainDance|[upkeep]
|turn|18
|chat|bleve|and 
|chat|bleve|offensive qd
|
|move|p2a: Ludicolo|Waterfall|p1a: Drag trio
|-resisted|p1a: Drag trio
|-damage|p1a: Drag trio|0 fnt
|-damage|p2a: Ludicolo|14\/301|[from] item: Life Orb
|faint|p1a: Drag trio
|
|-weather|RainDance|[upkeep]
|chat|bleve|just dies to a physical hit
|
|switch|p1a: Prominence|Infernape, F|196\/293
|-damage|p1a: Prominence|160\/293|[from] Stealth Rock
|turn|19
|
|move|p1a: Prominence|Fake Out|p2a: Ludicolo
|-crit|p2a: Ludicolo
|-damage|p2a: Ludicolo|0 fnt
|faint|p2a: Ludicolo
|
|-weather|none
|
|switch|p2a: Sableye|Sableye, M|234\/304
|-damage|p2a: Sableye|196\/304|[from] Stealth Rock
|turn|20
|chat|bleve|lol
|chat|bleve|it gets cm
|
|move|p2a: Sableye|Rain Dance|p2a: Sableye
|-weather|RainDance
|move|p1a: Prominence|Fire Blast|p2a: Sableye
|-crit|p2a: Sableye
|-damage|p2a: Sableye|94\/304
|
|-weather|RainDance|[upkeep]
|turn|21
|chat|bleve|useless
|chat|bleve|af
|
|move|p1a: Prominence|Close Combat|p2a: Sableye
|-immune|p2a: Sableye|[msg]
|move|p2a: Sableye|Knock Off|p1a: Prominence
|-resisted|p1a: Prominence
|-damage|p1a: Prominence|118\/293
|
|-weather|RainDance|[upkeep]
|turn|22
|
|move|p1a: Prominence|Close Combat|p2a: Sableye
|-immune|p2a: Sableye|[msg]
|move|p2a: Sableye|Knock Off|p1a: Prominence
|-resisted|p1a: Prominence
|-damage|p1a: Prominence|70\/293
|
|-weather|RainDance|[upkeep]
|turn|23
|
|switch|p2a: Tornadus|Tornadus, M|191\/299
|-damage|p2a: Tornadus|117\/299|[from] Stealth Rock
|move|p1a: Prominence|Fire Blast|p2a: Tornadus
|-damage|p2a: Tornadus|0 fnt
|faint|p2a: Tornadus
|
|-weather|RainDance|[upkeep]
|
|switch|p2a: Kabutops|Kabutops, M|261\/261
|-damage|p2a: Kabutops|229\/261|[from] Stealth Rock
|turn|24
|
|move|p2a: Kabutops|Waterfall|p1a: Prominence
|-supereffective|p1a: Prominence
|-damage|p1a: Prominence|0 fnt
|-damage|p2a: Kabutops|203\/261|[from] item: Life Orb
|faint|p1a: Prominence
|
|-weather|RainDance|[upkeep]
|
|switch|p1a: Nymphy|Blissey, F|481\/714
|-damage|p1a: Nymphy|392\/714|[from] Stealth Rock
|turn|25
|
|move|p2a: Kabutops|Waterfall|p1a: Nymphy
|-damage|p1a: Nymphy|0 fnt
|-damage|p2a: Kabutops|177\/261|[from] item: Life Orb
|faint|p1a: Nymphy
|
|-weather|RainDance|[upkeep]
|
|switch|p1a: Warbandit|Tauros, M|256\/292
|-damage|p1a: Warbandit|220\/292|[from] Stealth Rock
|turn|26
|
|move|p1a: Warbandit|Earthquake|p2a: Kabutops
|-supereffective|p2a: Kabutops
|-damage|p2a: Kabutops|0 fnt
|faint|p2a: Kabutops
|
|-weather|RainDance|[upkeep]
|chat|angler management|i c
|
|switch|p2a: Sableye|Sableye, M|94\/304
|-damage|p2a: Sableye|56\/304|[from] Stealth Rock
|turn|27
|chat|bleve|lol
|
|move|p2a: Sableye|Recover|p2a: Sableye
|-heal|p2a: Sableye|208\/304
|move|p1a: Warbandit|Earthquake|p2a: Sableye
|-damage|p2a: Sableye|99\/304
|
|-weather|none
|turn|28
|chat|bleve|scarf
|
|move|p2a: Sableye|Recover|p2a: Sableye
|-heal|p2a: Sableye|251\/304
|move|p1a: Warbandit|Earthquake|p2a: Sableye
|-damage|p2a: Sableye|125\/304
|
|turn|29
|
|move|p2a: Sableye|Recover|p2a: Sableye
|-heal|p2a: Sableye|277\/304
|move|p1a: Warbandit|Earthquake|p2a: Sableye
|-damage|p2a: Sableye|157\/304
|
|turn|30
|c|★angler management|!data earthquake
|c|~|\/data-move Earthquake

|
|move|p2a: Sableye|Recover|p2a: Sableye
|-heal|p2a: Sableye|304\/304
|move|p1a: Warbandit|Earthquake|p2a: Sableye
|-damage|p2a: Sableye|189\/304
|
|turn|31
|
|move|p2a: Sableye|Rain Dance|p2a: Sableye
|-weather|RainDance
|move|p1a: Warbandit|Earthquake|p2a: Sableye
|-damage|p2a: Sableye|72\/304
|
|-weather|RainDance|[upkeep]
|turn|32
|
|move|p2a: Sableye|Recover|p2a: Sableye
|-heal|p2a: Sableye|224\/304
|move|p1a: Warbandit|Earthquake|p2a: Sableye
|-crit|p2a: Sableye
|-damage|p2a: Sableye|64\/304
|
|-weather|RainDance|[upkeep]
|turn|33
|chat|bleve|no attacking move?
|chat|angler management|I have knock off
|chat|bleve|o
|chat|angler management|but I want him to struggle
|chat|bleve|ur stalling
|chat|angler management|its easier
|
|move|p2a: Sableye|Recover|p2a: Sableye
|-heal|p2a: Sableye|216\/304
|move|p1a: Warbandit|Earthquake|p2a: Sableye
|-damage|p2a: Sableye|102\/304
|
|-weather|RainDance|[upkeep]
|turn|34
|chat|bleve|pp
|
|move|p2a: Sableye|Recover|p2a: Sableye
|-heal|p2a: Sableye|254\/304
|move|p1a: Warbandit|Earthquake|p2a: Sableye
|-damage|p2a: Sableye|128\/304
|
|-weather|RainDance|[upkeep]
|turn|35
|
|move|p2a: Sableye|Recover|p2a: Sableye
|-heal|p2a: Sableye|280\/304
|move|p1a: Warbandit|Earthquake|p2a: Sableye
|-damage|p2a: Sableye|173\/304
|
|-weather|RainDance|[upkeep]
|turn|36
|
|move|p2a: Sableye|Taunt|p1a: Warbandit
|-start|p1a: Warbandit|move: Taunt
|move|p1a: Warbandit|Earthquake|p2a: Sableye
|-damage|p2a: Sableye|53\/304
|
|-weather|RainDance|[upkeep]
|turn|37
|
|move|p2a: Sableye|Recover|p2a: Sableye
|-heal|p2a: Sableye|205\/304
|move|p1a: Warbandit|Earthquake|p2a: Sableye
|-damage|p2a: Sableye|83\/304
|
|-weather|RainDance|[upkeep]
|turn|38
|
|move|p2a: Sableye|Recover|p2a: Sableye
|-heal|p2a: Sableye|235\/304
|move|p1a: Warbandit|Earthquake|p2a: Sableye
|-damage|p2a: Sableye|123\/304
|
|-weather|none
|-end|p1a: Warbandit|move: Taunt
|turn|39
|
|move|p2a: Sableye|Recover|p2a: Sableye
|-heal|p2a: Sableye|275\/304
|move|p1a: Warbandit|Earthquake|p2a: Sableye
|-damage|p2a: Sableye|162\/304
|
|turn|40
|
|move|p2a: Sableye|Recover|p2a: Sableye
|-heal|p2a: Sableye|304\/304
|move|p1a: Warbandit|Earthquake|p2a: Sableye
|-damage|p2a: Sableye|186\/304
|
|turn|41
|
|move|p2a: Sableye|Taunt|p1a: Warbandit
|-start|p1a: Warbandit|move: Taunt
|move|p1a: Warbandit|Earthquake|p2a: Sableye
|-damage|p2a: Sableye|74\/304
|
|turn|42
|
|move|p2a: Sableye|Recover|p2a: Sableye
|-heal|p2a: Sableye|226\/304
|-activate|p1a: Warbandit|move: Struggle
|move|p1a: Warbandit|Struggle|p2a: Sableye
|-damage|p2a: Sableye|172\/304
|-damage|p1a: Warbandit|147\/292
|
|turn|43
|
|move|p2a: Sableye|Recover|p2a: Sableye
|-heal|p2a: Sableye|304\/304
|-activate|p1a: Warbandit|move: Struggle
|move|p1a: Warbandit|Struggle|p2a: Sableye
|-damage|p2a: Sableye|249\/304
|-damage|p1a: Warbandit|74\/292
|
|-end|p1a: Warbandit|move: Taunt
|turn|44
|
|-activate|p1a: Warbandit|move: Struggle
|move|p1a: Warbandit|Struggle|p2a: Sableye
|-damage|p2a: Sableye|189\/304
|-damage|p1a: Warbandit|1\/292
|move|p2a: Sableye|Knock Off|p1a: Warbandit
|-damage|p1a: Warbandit|0 fnt
|faint|p1a: Warbandit
|
|win|angler management
|raw|Ladder updating...
|raw|SpecsPrimeape's rating: 1458 &rarr; <strong>1442<\/strong><br \/>(-16 for losing)
|raw|angler management's rating: 1541 &rarr; <strong>1556<\/strong><br \/>(+15 for winning)