|join|ult lowgock
|join|Typhozzz
|player|p1|ult lowgock|102
|player|p2|Typhozzz|143
|gametype|singles
|gen|6
|tier|UU
|rated
|rule|Sleep Clause Mod: Limit one foe put to sleep
|rule|Species Clause: Limit one of each Pokémon
|rule|OHKO Clause: OHKO moves are banned
|rule|Moody Clause: Moody is banned
|rule|Evasion Moves Clause: Evasion moves are banned
|rule|Endless Battle Clause: Forcing endless battles is banned
|rule|HP Percentage Mod: HP is shown in percentages
|clearpoke
|poke|p1|Sharpedo, M
|poke|p1|Fletchinder, M
|poke|p1|Rhyperior, M
|poke|p1|Celebi
|poke|p1|Milotic, F
|poke|p1|Forretress, M
|poke|p2|Blastoise, M
|poke|p2|Florges, F
|poke|p2|Chesnaught, M
|poke|p2|Arcanine, M
|poke|p2|Hippowdon, M
|poke|p2|Darmanitan, M
|rule|Swagger Clause: Swagger is banned
|rule|Baton Pass Clause: Limit one Pokémon knowing Baton Pass
|teampreview
|
|start
|switch|p1a: Milotic|Milotic, F|393\/393
|switch|p2a: ArmCannons|Blastoise, M|362\/362
|turn|1
|
|detailschange|p2a: ArmCannons|Blastoise-Mega, M
|-mega|p2a: ArmCannons|Blastoise|Blastoisinite
|move|p1a: Milotic|Toxic|p2a: ArmCannons
|-status|p2a: ArmCannons|tox
|move|p2a: ArmCannons|Scald|p1a: Milotic
|-resisted|p1a: Milotic
|-damage|p1a: Milotic|343\/393
|
|-heal|p1a: Milotic|367\/393|[from] item: Leftovers
|-damage|p2a: ArmCannons|340\/362 tox|[from] psn
|turn|2
|
|switch|p1a: Celebi|Celebi|404\/404
|switch|p2a: Gimme Dem Soulz|Chesnaught, M|380\/380
|
|turn|3
|
|move|p1a: Celebi|Swords Dance|p1a: Celebi
|-boost|p1a: Celebi|atk|2
|move|p2a: Gimme Dem Soulz|Spikes|p1a: Celebi
|-sidestart|p1: ult lowgock|Spikes
|
|turn|4
|
|switch|p2a: Yummy|Arcanine, M|384\/384
|-ability|p2a: Yummy|Intimidate|[of] p1a: Celebi
|-unboost|p1a: Celebi|atk|1
|move|p1a: Celebi|Swords Dance|p1a: Celebi
|-boost|p1a: Celebi|atk|2
|
|turn|5
|
|move|p1a: Celebi|Baton Pass|p1a: Celebi
|
|switch|p1a: Fletchinder|Fletchinder, M|291\/291
|move|p2a: Yummy|Roar|p1a: Fletchinder
|drag|p1a: Sharpedo|Sharpedo, M|285\/285
|-damage|p1a: Sharpedo|250\/285|[from] Spikes
|
|turn|6
|
|switch|p2a: Gimme Dem Soulz|Chesnaught, M|380\/380
|move|p1a: Sharpedo|Waterfall|p2a: Gimme Dem Soulz
|-resisted|p2a: Gimme Dem Soulz
|-damage|p2a: Gimme Dem Soulz|332\/380
|-damage|p1a: Sharpedo|203\/285|[from] item: Rocky Helmet|[of] p2a: Gimme Dem Soulz
|
|-boost|p1a: Sharpedo|spe|1|[from] ability: Speed Boost
|turn|7
|
|switch|p1a: Forretress|Forretress, M|354\/354
|-damage|p1a: Forretress|310\/354|[from] Spikes
|move|p2a: Gimme Dem Soulz|Spikes|p1a: Forretress
|-sidestart|p1: ult lowgock|Spikes
|
|-heal|p1a: Forretress|332\/354|[from] item: Leftovers
|turn|8
|
|switch|p2a: Yummy|Arcanine, M|384\/384
|-ability|p2a: Yummy|Intimidate|[of] p1a: Forretress
|-unboost|p1a: Forretress|atk|1
|move|p1a: Forretress|Rapid Spin|p2a: Yummy
|-damage|p2a: Yummy|376\/384
|-sideend|p1: ult lowgock|Spikes|[from] move: Rapid Spin|[of] p1a: Forretress
|
|-heal|p2a: Yummy|384\/384|[from] item: Leftovers
|-heal|p1a: Forretress|354\/354|[from] item: Leftovers
|turn|9
|
|switch|p1a: Rhyperior|Rhyperior, M|434\/434
|move|p2a: Yummy|Will-O-Wisp|p1a: Rhyperior
|-status|p1a: Rhyperior|brn
|
|-damage|p1a: Rhyperior|380\/434 brn|[from] brn
|turn|10
|
|switch|p2a: FAT BWOII|Hippowdon, M|420\/420
|-weather|Sandstorm
|move|p1a: Rhyperior|Stealth Rock|p2a: FAT BWOII
|-sidestart|p2: Typhozzz|move: Stealth Rock
|
|-weather|Sandstorm|[upkeep]
|-heal|p1a: Rhyperior|407\/434 brn|[from] item: Leftovers
|-damage|p1a: Rhyperior|353\/434 brn|[from] brn
|turn|11
|
|switch|p1a: Forretress|Forretress, M|354\/354
|move|p2a: FAT BWOII|Stealth Rock|p1a: Forretress
|-sidestart|p1: ult lowgock|move: Stealth Rock
|
|-weather|Sandstorm|[upkeep]
|turn|12
|
|switch|p2a: ArmCannons|Blastoise-Mega, M|340\/362 tox
|-damage|p2a: ArmCannons|295\/362 tox|[from] Stealth Rock
|move|p1a: Forretress|Rapid Spin|p2a: ArmCannons
|-crit|p2a: ArmCannons
|-damage|p2a: ArmCannons|274\/362 tox
|-sideend|p1: ult lowgock|Stealth Rock|[from] move: Rapid Spin|[of] p1a: Forretress
|
|-weather|Sandstorm|[upkeep]
|-damage|p2a: ArmCannons|252\/362 tox|[from] sandstorm
|-damage|p2a: ArmCannons|230\/362 tox|[from] psn
|turn|13
|
|move|p2a: ArmCannons|Dark Pulse|p1a: Forretress
|-damage|p1a: Forretress|132\/354
|move|p1a: Forretress|Volt Switch|p2a: ArmCannons
|-supereffective|p2a: ArmCannons
|-damage|p2a: ArmCannons|172\/362 tox
|
|switch|p1a: Celebi|Celebi|404\/404
|
|-weather|Sandstorm|[upkeep]
|-damage|p1a: Celebi|379\/404|[from] sandstorm
|-damage|p2a: ArmCannons|150\/362 tox|[from] sandstorm
|-heal|p1a: Celebi|404\/404|[from] item: Leftovers
|-damage|p2a: ArmCannons|106\/362 tox|[from] psn
|turn|14
|
|switch|p2a: Yummy|Arcanine, M|384\/384
|-damage|p2a: Yummy|288\/384|[from] Stealth Rock
|-ability|p2a: Yummy|Intimidate|[of] p1a: Celebi
|-unboost|p1a: Celebi|atk|1
|move|p1a: Celebi|Seed Bomb|p2a: Yummy
|-resisted|p2a: Yummy
|-damage|p2a: Yummy|263\/384
|
|-weather|none
|-heal|p2a: Yummy|287\/384|[from] item: Leftovers
|turn|15
|
|switch|p1a: Milotic|Milotic, F|367\/393
|move|p2a: Yummy|Flare Blitz|p1a: Milotic
|-crit|p1a: Milotic
|-resisted|p1a: Milotic
|-damage|p1a: Milotic|248\/393
|-damage|p2a: Yummy|248\/384|[from] recoil|[of] p1a: Milotic
|
|-heal|p2a: Yummy|272\/384|[from] item: Leftovers
|-heal|p1a: Milotic|272\/393|[from] item: Leftovers
|turn|16
|
|switch|p2a: Flower Power|Florges, F|360\/360
|-damage|p2a: Flower Power|315\/360|[from] Stealth Rock
|switch|p1a: Fletchinder|Fletchinder, M|291\/291
|
|-heal|p2a: Flower Power|337\/360|[from] item: Leftovers
|turn|17
|
|move|p1a: Fletchinder|Swords Dance|p1a: Fletchinder
|-boost|p1a: Fletchinder|atk|2
|move|p2a: Flower Power|Aromatherapy|p2a: Flower Power
|-cureteam|p2a: Flower Power|[from] move: Aromatherapy
|
|-heal|p2a: Flower Power|359\/360|[from] item: Leftovers
|turn|18
|
|switch|p2a: FAT BWOII|Hippowdon, M|420\/420
|-damage|p2a: FAT BWOII|394\/420|[from] Stealth Rock
|-weather|Sandstorm
|move|p1a: Fletchinder|Swords Dance|p1a: Fletchinder
|-boost|p1a: Fletchinder|atk|2
|
|-weather|Sandstorm|[upkeep]
|-damage|p1a: Fletchinder|273\/291|[from] sandstorm
|-heal|p2a: FAT BWOII|420\/420|[from] item: Leftovers
|turn|19
|
|move|p1a: Fletchinder|Will-O-Wisp|p2a: FAT BWOII
|-status|p2a: FAT BWOII|brn
|move|p2a: FAT BWOII|Toxic|p1a: Fletchinder
|-status|p1a: Fletchinder|tox
|
|-weather|Sandstorm|[upkeep]
|-damage|p1a: Fletchinder|255\/291 tox|[from] sandstorm
|-damage|p1a: Fletchinder|237\/291 tox|[from] psn
|-damage|p2a: FAT BWOII|368\/420 brn|[from] brn
|turn|20
|
|move|p1a: Fletchinder|Acrobatics|p2a: FAT BWOII
|-damage|p2a: FAT BWOII|0 fnt
|faint|p2a: FAT BWOII
|
|-weather|Sandstorm|[upkeep]
|-damage|p1a: Fletchinder|219\/291 tox|[from] sandstorm
|-damage|p1a: Fletchinder|183\/291 tox|[from] psn
|
|switch|p2a: Yummy|Arcanine, M|272\/384
|-damage|p2a: Yummy|176\/384|[from] Stealth Rock
|-ability|p2a: Yummy|Intimidate|[of] p1a: Fletchinder
|-unboost|p1a: Fletchinder|atk|1
|turn|21
|c|★Typhozzz|welp
|c|★Typhozzz|lmao
|c|★Typhozzz|gg
|
|move|p1a: Fletchinder|Acrobatics|p2a: Yummy
|-damage|p2a: Yummy|0 fnt
|faint|p2a: Yummy
|
|-weather|Sandstorm|[upkeep]
|-damage|p1a: Fletchinder|165\/291 tox|[from] sandstorm
|-damage|p1a: Fletchinder|111\/291 tox|[from] psn
|
|switch|p2a: Gimme Dem Soulz|Chesnaught, M|332\/380
|-damage|p2a: Gimme Dem Soulz|309\/380|[from] Stealth Rock
|turn|22
|
|move|p1a: Fletchinder|Acrobatics|p2a: Gimme Dem Soulz
|-supereffective|p2a: Gimme Dem Soulz
|-damage|p2a: Gimme Dem Soulz|0 fnt
|-damage|p1a: Fletchinder|63\/291 tox|[from] item: Rocky Helmet|[of] p2a: Gimme Dem Soulz
|faint|p2a: Gimme Dem Soulz
|
|-weather|none
|-damage|p1a: Fletchinder|0 fnt|[from] psn
|faint|p1a: Fletchinder
|
|switch|p2a: Eyebrows On Fleek|Darmanitan, M|351\/351
|switch|p1a: Celebi|Celebi|404\/404
|-damage|p2a: Eyebrows On Fleek|264\/351|[from] Stealth Rock
|turn|23
|
|switch|p1a: Rhyperior|Rhyperior, M|353\/434 brn
|move|p2a: Eyebrows On Fleek|U-turn|p1a: Rhyperior
|-damage|p1a: Rhyperior|278\/434 brn
|
|switch|p2a: ArmCannons|Blastoise-Mega, M|106\/362
|-damage|p2a: ArmCannons|61\/362|[from] Stealth Rock
|
|-heal|p1a: Rhyperior|305\/434 brn|[from] item: Leftovers
|-damage|p1a: Rhyperior|251\/434 brn|[from] brn
|turn|24
|
|switch|p1a: Celebi|Celebi|404\/404
|move|p2a: ArmCannons|Rapid Spin|p1a: Celebi
|-damage|p1a: Celebi|388\/404
|-sideend|p2: Typhozzz|Stealth Rock|[from] move: Rapid Spin|[of] p2a: ArmCannons
|
|-heal|p1a: Celebi|404\/404|[from] item: Leftovers
|turn|25
|
|switch|p2a: Eyebrows On Fleek|Darmanitan, M|264\/351
|move|p1a: Celebi|Seed Bomb|p2a: Eyebrows On Fleek
|-resisted|p2a: Eyebrows On Fleek
|-damage|p2a: Eyebrows On Fleek|192\/351
|
|turn|26
|
|switch|p1a: Forretress|Forretress, M|132\/354
|move|p2a: Eyebrows On Fleek|Flare Blitz|p1a: Forretress
|-supereffective|p1a: Forretress
|-damage|p1a: Forretress|0 fnt
|-damage|p2a: Eyebrows On Fleek|148\/351|[from] recoil|[of] p1a: Forretress
|faint|p1a: Forretress
|
|
|switch|p1a: Rhyperior|Rhyperior, M|251\/434 brn
|turn|27
|
|switch|p2a: ArmCannons|Blastoise-Mega, M|61\/362
|move|p1a: Rhyperior|Stealth Rock|p2a: ArmCannons
|-sidestart|p2: Typhozzz|move: Stealth Rock
|
|-heal|p1a: Rhyperior|278\/434 brn|[from] item: Leftovers
|-damage|p1a: Rhyperior|224\/434 brn|[from] brn
|turn|28
|
|move|p2a: ArmCannons|Rapid Spin|p1a: Rhyperior
|-resisted|p1a: Rhyperior
|-damage|p1a: Rhyperior|218\/434 brn
|-sideend|p2: Typhozzz|Stealth Rock|[from] move: Rapid Spin|[of] p2a: ArmCannons
|move|p1a: Rhyperior|Stealth Rock|p2a: ArmCannons
|-sidestart|p2: Typhozzz|move: Stealth Rock
|
|-heal|p1a: Rhyperior|245\/434 brn|[from] item: Leftovers
|-damage|p1a: Rhyperior|191\/434 brn|[from] brn
|turn|29
|
|move|p2a: ArmCannons|Rapid Spin|p1a: Rhyperior
|-resisted|p1a: Rhyperior
|-damage|p1a: Rhyperior|185\/434 brn
|-sideend|p2: Typhozzz|Stealth Rock|[from] move: Rapid Spin|[of] p2a: ArmCannons
|move|p1a: Rhyperior|Stealth Rock|p2a: ArmCannons
|-sidestart|p2: Typhozzz|move: Stealth Rock
|
|-heal|p1a: Rhyperior|212\/434 brn|[from] item: Leftovers
|-damage|p1a: Rhyperior|158\/434 brn|[from] brn
|turn|30
|
|move|p2a: ArmCannons|Rapid Spin|p1a: Rhyperior
|-resisted|p1a: Rhyperior
|-damage|p1a: Rhyperior|152\/434 brn
|-sideend|p2: Typhozzz|Stealth Rock|[from] move: Rapid Spin|[of] p2a: ArmCannons
|move|p1a: Rhyperior|Stealth Rock|p2a: ArmCannons
|-sidestart|p2: Typhozzz|move: Stealth Rock
|
|-heal|p1a: Rhyperior|179\/434 brn|[from] item: Leftovers
|-damage|p1a: Rhyperior|125\/434 brn|[from] brn
|turn|31
|
|move|p2a: ArmCannons|Rapid Spin|p1a: Rhyperior
|-resisted|p1a: Rhyperior
|-damage|p1a: Rhyperior|120\/434 brn
|-sideend|p2: Typhozzz|Stealth Rock|[from] move: Rapid Spin|[of] p2a: ArmCannons
|move|p1a: Rhyperior|Stealth Rock|p2a: ArmCannons
|-sidestart|p2: Typhozzz|move: Stealth Rock
|
|-heal|p1a: Rhyperior|147\/434 brn|[from] item: Leftovers
|-damage|p1a: Rhyperior|93\/434 brn|[from] brn
|turn|32
|
|move|p2a: ArmCannons|Rapid Spin|p1a: Rhyperior
|-resisted|p1a: Rhyperior
|-damage|p1a: Rhyperior|88\/434 brn
|-sideend|p2: Typhozzz|Stealth Rock|[from] move: Rapid Spin|[of] p2a: ArmCannons
|move|p1a: Rhyperior|Stealth Rock|p2a: ArmCannons
|-sidestart|p2: Typhozzz|move: Stealth Rock
|
|-heal|p1a: Rhyperior|115\/434 brn|[from] item: Leftovers
|-damage|p1a: Rhyperior|61\/434 brn|[from] brn
|turn|33
|
|move|p2a: ArmCannons|Rapid Spin|p1a: Rhyperior
|-resisted|p1a: Rhyperior
|-damage|p1a: Rhyperior|56\/434 brn
|-sideend|p2: Typhozzz|Stealth Rock|[from] move: Rapid Spin|[of] p2a: ArmCannons
|move|p1a: Rhyperior|Stealth Rock|p2a: ArmCannons
|-sidestart|p2: Typhozzz|move: Stealth Rock
|
|-heal|p1a: Rhyperior|83\/434 brn|[from] item: Leftovers
|-damage|p1a: Rhyperior|29\/434 brn|[from] brn
|turn|34
|
|move|p2a: ArmCannons|Rapid Spin|p1a: Rhyperior
|-resisted|p1a: Rhyperior
|-damage|p1a: Rhyperior|24\/434 brn
|-sideend|p2: Typhozzz|Stealth Rock|[from] move: Rapid Spin|[of] p2a: ArmCannons
|move|p1a: Rhyperior|Stealth Rock|p2a: ArmCannons
|-sidestart|p2: Typhozzz|move: Stealth Rock
|
|-heal|p1a: Rhyperior|51\/434 brn|[from] item: Leftovers
|-damage|p1a: Rhyperior|0 fnt|[from] brn
|faint|p1a: Rhyperior
|
|switch|p1a: Celebi|Celebi|404\/404
|turn|35
|
|move|p1a: Celebi|Seed Bomb|p2a: ArmCannons
|-supereffective|p2a: ArmCannons
|-damage|p2a: ArmCannons|0 fnt
|faint|p2a: ArmCannons
|
|
|switch|p2a: Flower Power|Florges, F|359\/360
|-damage|p2a: Flower Power|314\/360|[from] Stealth Rock
|turn|36
|
|move|p1a: Celebi|Swords Dance|p1a: Celebi
|-boost|p1a: Celebi|atk|2
|move|p2a: Flower Power|Moonblast|p1a: Celebi
|-damage|p1a: Celebi|292\/404
|
|-heal|p1a: Celebi|317\/404|[from] item: Leftovers
|-heal|p2a: Flower Power|336\/360|[from] item: Leftovers
|turn|37
|
|move|p1a: Celebi|Seed Bomb|p2a: Flower Power
|-damage|p2a: Flower Power|138\/360
|move|p2a: Flower Power|Moonblast|p1a: Celebi
|-damage|p1a: Celebi|199\/404
|
|-heal|p1a: Celebi|224\/404|[from] item: Leftovers
|-heal|p2a: Flower Power|160\/360|[from] item: Leftovers
|turn|38
|
|move|p2a: Flower Power|Protect|p2a: Flower Power
|-singleturn|p2a: Flower Power|Protect
|move|p1a: Celebi|Seed Bomb|p2a: Flower Power
|-activate|p2a: Flower Power|Protect
|
|-heal|p1a: Celebi|249\/404|[from] item: Leftovers
|-heal|p2a: Flower Power|182\/360|[from] item: Leftovers
|turn|39
|
|move|p1a: Celebi|Seed Bomb|p2a: Flower Power
|-damage|p2a: Flower Power|0 fnt
|faint|p2a: Flower Power
|
|-heal|p1a: Celebi|274\/404|[from] item: Leftovers
|
|switch|p2a: Eyebrows On Fleek|Darmanitan, M|148\/351
|-damage|p2a: Eyebrows On Fleek|61\/351|[from] Stealth Rock
|turn|40
|
|move|p2a: Eyebrows On Fleek|Flare Blitz|p1a: Celebi
|-supereffective|p1a: Celebi
|-damage|p1a: Celebi|0 fnt
|-damage|p2a: Eyebrows On Fleek|0 fnt|[from] recoil|[of] p1a: Celebi
|faint|p1a: Celebi
|faint|p2a: Eyebrows On Fleek
|
|win|ult lowgock
|raw|Ladder updating...
|c|★Typhozzz|gg