|join|PenisWobbler2016
|join|ult lowgock
|player|p1|PenisWobbler2016|288
|player|p2|ult lowgock|169
|gametype|singles
|gen|6
|tier|UU
|rated
|rule|Sleep Clause Mod: Limit one foe put to sleep
|rule|Species Clause: Limit one of each Pokémon
|rule|OHKO Clause: OHKO moves are banned
|rule|Moody Clause: Moody is banned
|rule|Evasion Moves Clause: Evasion moves are banned
|rule|Endless Battle Clause: Forcing endless battles is banned
|rule|HP Percentage Mod: HP is shown in percentages
|clearpoke
|poke|p1|Medicham, M
|poke|p1|Krookodile, F
|poke|p1|Jirachi
|poke|p1|Tentacruel, M
|poke|p1|Shaymin
|poke|p1|Porygon-Z
|poke|p2|Slurpuff, F
|poke|p2|Kingdra, F
|poke|p2|Aerodactyl, M
|poke|p2|Nidoqueen, F
|poke|p2|Cobalion
|poke|p2|Honchkrow, M
|rule|Swagger Clause: Swagger is banned
|rule|Baton Pass Clause: Limit one Pokémon knowing Baton Pass
|teampreview
|join|UU mmmm
|
|start
|switch|p1a: Krookodile|Krookodile, F|331\/331
|switch|p2a: Aerodactyl|Aerodactyl, M|301\/301
|-ability|p1a: Krookodile|Intimidate|[of] p2a: Aerodactyl
|-unboost|p2a: Aerodactyl|atk|1
|turn|1
|
|detailschange|p2a: Aerodactyl|Aerodactyl-Mega, M
|-mega|p2a: Aerodactyl|Aerodactyl|Aerodactylite
|move|p2a: Aerodactyl|Aqua Tail|p1a: Krookodile
|-supereffective|p1a: Krookodile
|-damage|p1a: Krookodile|105\/331
|move|p1a: Krookodile|Stealth Rock|p2a: Aerodactyl
|-sidestart|p2: ult lowgock|move: Stealth Rock
|
|turn|2
|
|switch|p1a: Tentacruel|Tentacruel, M|301\/301
|move|p2a: Aerodactyl|Aqua Tail|p1a: Tentacruel
|-resisted|p1a: Tentacruel
|-damage|p1a: Tentacruel|235\/301
|
|turn|3
|
|switch|p2a: Kingdra|Kingdra, F|301\/301
|-damage|p2a: Kingdra|264\/301|[from] Stealth Rock
|move|p1a: Tentacruel|Hydro Pump|p2a: Kingdra
|-resisted|p2a: Kingdra
|-damage|p2a: Kingdra|216\/301
|-damage|p1a: Tentacruel|205\/301|[from] item: Life Orb
|
|turn|4
|
|move|p1a: Tentacruel|Sludge Wave|p2a: Kingdra
|-damage|p2a: Kingdra|44\/301
|-damage|p1a: Tentacruel|175\/301|[from] item: Life Orb
|move|p2a: Kingdra|Dragon Dance|p2a: Kingdra
|-boost|p2a: Kingdra|atk|1
|-boost|p2a: Kingdra|spe|1
|
|turn|5
|
|switch|p1a: Krookodile|Krookodile, F|105\/331
|-ability|p1a: Krookodile|Intimidate|[of] p2a: Kingdra
|-unboost|p2a: Kingdra|atk|1
|move|p2a: Kingdra|Outrage|p1a: Krookodile
|-damage|p1a: Krookodile|0 fnt
|faint|p1a: Krookodile
|
|
|switch|p1a: Medicham|Medicham, M|261\/261
|turn|6
|
|detailschange|p1a: Medicham|Medicham-Mega, M
|-mega|p1a: Medicham|Medicham|Medichamite
|move|p1a: Medicham|Fake Out|p2a: Kingdra
|-damage|p2a: Kingdra|0 fnt
|faint|p2a: Kingdra
|
|
|switch|p2a: Aerodactyl|Aerodactyl-Mega, M|301\/301
|-damage|p2a: Aerodactyl|226\/301|[from] Stealth Rock
|turn|7
|join|brokenwings
|
|switch|p1a: Jirachi|Jirachi|404\/404
|move|p2a: Aerodactyl|Aerial Ace|p1a: Jirachi
|-resisted|p1a: Jirachi
|-damage|p1a: Jirachi|328\/404
|
|-heal|p1a: Jirachi|353\/404|[from] item: Leftovers
|turn|8
|
|switch|p2a: Nidoqueen|Nidoqueen, F|345\/345
|-damage|p2a: Nidoqueen|324\/345|[from] Stealth Rock
|move|p1a: Jirachi|Substitute|p1a: Jirachi
|-start|p1a: Jirachi|Substitute
|-damage|p1a: Jirachi|252\/404
|
|-heal|p1a: Jirachi|277\/404|[from] item: Leftovers
|turn|9
|
|move|p1a: Jirachi|Iron Head|p2a: Nidoqueen
|-crit|p2a: Nidoqueen
|-damage|p2a: Nidoqueen|156\/345
|cant|p2a: Nidoqueen|flinch
|
|-heal|p1a: Jirachi|302\/404|[from] item: Leftovers
|turn|10
|
|switch|p2a: Cobalion|Cobalion|323\/323
|-damage|p2a: Cobalion|313\/323|[from] Stealth Rock
|move|p1a: Jirachi|Iron Head|p2a: Cobalion
|-resisted|p2a: Cobalion
|-damage|p2a: Cobalion|276\/323
|
|-heal|p1a: Jirachi|327\/404|[from] item: Leftovers
|turn|11
|
|move|p2a: Cobalion|Close Combat|p1a: Jirachi
|-end|p1a: Jirachi|Substitute
|-unboost|p2a: Cobalion|def|1
|-unboost|p2a: Cobalion|spd|1
|move|p1a: Jirachi|Fire Punch|p2a: Cobalion
|-supereffective|p2a: Cobalion
|-damage|p2a: Cobalion|136\/323
|-status|p2a: Cobalion|brn
|-enditem|p2a: Cobalion|Lum Berry|[eat]
|-curestatus|p2a: Cobalion|brn
|
|-heal|p1a: Jirachi|352\/404|[from] item: Leftovers
|turn|12
|
|switch|p2a: Nidoqueen|Nidoqueen, F|156\/345
|-damage|p2a: Nidoqueen|135\/345|[from] Stealth Rock
|switch|p1a: Tentacruel|Tentacruel, M|175\/301
|
|turn|13
|
|move|p1a: Tentacruel|Hydro Pump|p2a: Nidoqueen
|-supereffective|p2a: Nidoqueen
|-damage|p2a: Nidoqueen|0 fnt
|-damage|p1a: Tentacruel|145\/301|[from] item: Life Orb
|faint|p2a: Nidoqueen
|
|
|switch|p2a: Aerodactyl|Aerodactyl-Mega, M|226\/301
|-damage|p2a: Aerodactyl|151\/301|[from] Stealth Rock
|turn|14
|
|move|p2a: Aerodactyl|Aerial Ace|p1a: Tentacruel
|-damage|p1a: Tentacruel|0 fnt
|faint|p1a: Tentacruel
|
|
|switch|p1a: Porygon-Z|Porygon-Z|331\/331
|turn|15
|
|move|p2a: Aerodactyl|Roost|p2a: Aerodactyl
|-heal|p2a: Aerodactyl|301\/301
|move|p1a: Porygon-Z|Tri Attack|p2a: Aerodactyl
|-resisted|p2a: Aerodactyl
|-damage|p2a: Aerodactyl|191\/301
|
|turn|16
|
|move|p2a: Aerodactyl|Aqua Tail|p1a: Porygon-Z
|-damage|p1a: Porygon-Z|123\/331
|move|p1a: Porygon-Z|Agility|p1a: Porygon-Z
|-boost|p1a: Porygon-Z|spe|2
|
|turn|17
|
|move|p1a: Porygon-Z|Dark Pulse|p2a: Aerodactyl
|-damage|p2a: Aerodactyl|80\/301
|move|p2a: Aerodactyl|Aerial Ace|p1a: Porygon-Z
|-damage|p1a: Porygon-Z|0 fnt
|faint|p1a: Porygon-Z
|
|
|switch|p1a: Medicham|Medicham-Mega, M|261\/261
|turn|18
|
|move|p1a: Medicham|Bullet Punch|p2a: Aerodactyl
|-supereffective|p2a: Aerodactyl
|-damage|p2a: Aerodactyl|0 fnt
|faint|p2a: Aerodactyl
|
|
|switch|p2a: Honchkrow|Honchkrow, M|341\/341
|-damage|p2a: Honchkrow|256\/341|[from] Stealth Rock
|turn|19
|
|move|p2a: Honchkrow|Pursuit|p1a: Medicham|[from]Pursuit
|-damage|p1a: Medicham|27\/261
|-damage|p2a: Honchkrow|222\/341|[from] item: Life Orb
|switch|p1a: Jirachi|Jirachi|352\/404
|
|-heal|p1a: Jirachi|377\/404|[from] item: Leftovers
|turn|20
|
|move|p1a: Jirachi|Substitute|p1a: Jirachi
|-start|p1a: Jirachi|Substitute
|-damage|p1a: Jirachi|276\/404
|move|p2a: Honchkrow|Pursuit|p1a: Jirachi
|-supereffective|p1a: Jirachi
|-end|p1a: Jirachi|Substitute
|-damage|p2a: Honchkrow|188\/341|[from] item: Life Orb
|
|-heal|p1a: Jirachi|301\/404|[from] item: Leftovers
|turn|21
|
|move|p1a: Jirachi|Substitute|p1a: Jirachi
|-start|p1a: Jirachi|Substitute
|-damage|p1a: Jirachi|200\/404
|move|p2a: Honchkrow|Pursuit|p1a: Jirachi
|-supereffective|p1a: Jirachi
|-end|p1a: Jirachi|Substitute
|-damage|p2a: Honchkrow|154\/341|[from] item: Life Orb
|
|-heal|p1a: Jirachi|225\/404|[from] item: Leftovers
|turn|22
|
|move|p1a: Jirachi|Substitute|p1a: Jirachi
|-start|p1a: Jirachi|Substitute
|-damage|p1a: Jirachi|124\/404
|move|p2a: Honchkrow|Pursuit|p1a: Jirachi
|-crit|p1a: Jirachi
|-supereffective|p1a: Jirachi
|-end|p1a: Jirachi|Substitute
|-damage|p2a: Honchkrow|120\/341|[from] item: Life Orb
|
|-heal|p1a: Jirachi|149\/404|[from] item: Leftovers
|turn|23
|
|move|p1a: Jirachi|Iron Head|p2a: Honchkrow
|-damage|p2a: Honchkrow|0 fnt
|faint|p2a: Honchkrow
|
|-heal|p1a: Jirachi|174\/404|[from] item: Leftovers
|
|switch|p2a: Cobalion|Cobalion|136\/323
|-damage|p2a: Cobalion|126\/323|[from] Stealth Rock
|turn|24
|
|move|p2a: Cobalion|Swords Dance|p2a: Cobalion
|-boost|p2a: Cobalion|atk|2
|move|p1a: Jirachi|Fire Punch|p2a: Cobalion
|-supereffective|p2a: Cobalion
|-damage|p2a: Cobalion|32\/323
|
|-heal|p1a: Jirachi|199\/404|[from] item: Leftovers
|turn|25
|
|move|p2a: Cobalion|Close Combat|p1a: Jirachi
|-damage|p1a: Jirachi|0 fnt
|-unboost|p2a: Cobalion|def|1
|-unboost|p2a: Cobalion|spd|1
|faint|p1a: Jirachi
|
|
|switch|p1a: Medicham|Medicham-Mega, M|27\/261
|turn|26
|
|move|p1a: Medicham|Fake Out|p2a: Cobalion
|-resisted|p2a: Cobalion
|-damage|p2a: Cobalion|0 fnt
|faint|p2a: Cobalion
|
|
|switch|p2a: Slurpuff|Slurpuff, F|316\/316
|-damage|p2a: Slurpuff|277\/316|[from] Stealth Rock
|turn|27
|
|move|p1a: Medicham|Zen Headbutt|p2a: Slurpuff
|-damage|p2a: Slurpuff|13\/316
|-enditem|p2a: Slurpuff|Sitrus Berry|[eat]
|-heal|p2a: Slurpuff|92\/316|[from] item: Sitrus Berry
|move|p2a: Slurpuff|Drain Punch|p1a: Medicham
|-resisted|p1a: Medicham
|-damage|p1a: Medicham|0 fnt
|-heal|p2a: Slurpuff|106\/316|[from] drain|[of] p1a: Medicham
|faint|p1a: Medicham
|
|
|switch|p1a: Shaymin|Shaymin|341\/341
|turn|28
|
|move|p2a: Slurpuff|Play Rough|p1a: Shaymin
|-crit|p1a: Shaymin
|-damage|p1a: Shaymin|179\/341
|move|p1a: Shaymin|Earth Power|p2a: Slurpuff
|-crit|p2a: Slurpuff
|-damage|p2a: Slurpuff|0 fnt
|faint|p2a: Slurpuff
|
|win|PenisWobbler2016
|raw|Ladder updating...
|raw|PenisWobbler2016's rating: 1390 &rarr; <strong>1413<\/strong><br \/>(+23 for winning)
|raw|ult lowgock's rating: 1431 &rarr; <strong>1409<\/strong><br \/>(-22 for losing)
|c|★PenisWobbler2016|gg
|leave|PenisWobbler2016
|leave|ult lowgock
|player|p1
|player|p2
|leave|brokenwings
|leave|UU mmmm
|join|UU mmmm
|leave|UU mmmm
|join|UU mmmm