|join|ult lowgock
|join|juancartested
|player|p1|ult lowgock|1
|player|p2|juancartested|144
|gametype|singles
|gen|6
|tier|UU
|rated
|rule|Sleep Clause Mod: Limit one foe put to sleep
|rule|Species Clause: Limit one of each Pokémon
|rule|OHKO Clause: OHKO moves are banned
|rule|Moody Clause: Moody is banned
|rule|Evasion Moves Clause: Evasion moves are banned
|rule|Endless Battle Clause: Forcing endless battles is banned
|rule|HP Percentage Mod: HP is shown in percentages
|clearpoke
|poke|p1|Slurpuff, M
|poke|p1|Kingdra, F
|poke|p1|Aerodactyl, M
|poke|p1|Nidoqueen, F
|poke|p1|Cobalion
|poke|p1|Honchkrow, F
|poke|p2|Forretress, M
|poke|p2|Chandelure, M, shiny
|poke|p2|Chesnaught, M
|poke|p2|Jirachi
|poke|p2|Vaporeon, F
|poke|p2|Mienshao, M
|rule|Swagger Clause: Swagger is banned
|rule|Baton Pass Clause: Limit one Pokémon knowing Baton Pass
|teampreview
|
|start
|switch|p1a: Nidoqueen|Nidoqueen, F|345\/345
|switch|p2a: Vaporeon|Vaporeon, F|464\/464
|turn|1
|
|move|p1a: Nidoqueen|Stealth Rock|p2a: Vaporeon
|-sidestart|p2: juancartested|move: Stealth Rock
|move|p2a: Vaporeon|Scald|p1a: Nidoqueen
|-supereffective|p1a: Nidoqueen
|-damage|p1a: Nidoqueen|111\/345
|
|turn|2
|
|switch|p1a: Kingdra|Kingdra, F|301\/301
|move|p2a: Vaporeon|Scald|p1a: Kingdra
|-resisted|p1a: Kingdra
|-damage|p1a: Kingdra|275\/301
|-status|p1a: Kingdra|brn
|-enditem|p1a: Kingdra|Lum Berry|[eat]
|-curestatus|p1a: Kingdra|brn
|
|turn|3
|
|move|p1a: Kingdra|Dragon Dance|p1a: Kingdra
|-boost|p1a: Kingdra|atk|1
|-boost|p1a: Kingdra|spe|1
|move|p2a: Vaporeon|Roar|p1a: Kingdra
|drag|p1a: Honchkrow|Honchkrow, F|341\/341
|
|turn|4
|
|move|p1a: Honchkrow|Brave Bird|p2a: Vaporeon
|-damage|p2a: Vaporeon|42\/464
|-damage|p1a: Honchkrow|202\/341|[from] recoil|[of] p2a: Vaporeon
|-damage|p1a: Honchkrow|168\/341|[from] item: Life Orb
|move|p2a: Vaporeon|Scald|p1a: Honchkrow
|-damage|p1a: Honchkrow|11\/341
|
|-heal|p2a: Vaporeon|71\/464|[from] item: Leftovers
|turn|5
|
|move|p1a: Honchkrow|Pursuit|p2a: Vaporeon
|-damage|p2a: Vaporeon|0 fnt
|-damage|p1a: Honchkrow|0 fnt|[from] item: Life Orb
|faint|p2a: Vaporeon
|faint|p1a: Honchkrow
|
|
|switch|p1a: Nidoqueen|Nidoqueen, F|111\/345
|switch|p2a: Forretress|Forretress, M|353\/353
|-damage|p2a: Forretress|309\/353|[from] Stealth Rock
|turn|6
|
|switch|p2a: Chesnaught|Chesnaught, M|380\/380
|-damage|p2a: Chesnaught|357\/380|[from] Stealth Rock
|move|p1a: Nidoqueen|Earth Power|p2a: Chesnaught
|-resisted|p2a: Chesnaught
|-damage|p2a: Chesnaught|223\/380
|
|-heal|p2a: Chesnaught|246\/380|[from] item: Leftovers
|turn|7
|
|switch|p2a: Jirachi|Jirachi|341\/341
|-damage|p2a: Jirachi|320\/341|[from] Stealth Rock
|move|p1a: Nidoqueen|Ice Beam|p2a: Jirachi
|-resisted|p2a: Jirachi
|-damage|p2a: Jirachi|246\/341
|
|turn|8
|
|switch|p1a: Cobalion|Cobalion|323\/323
|move|p2a: Jirachi|Zen Headbutt|p1a: Cobalion
|-damage|p1a: Cobalion|229\/323
|
|turn|9
|
|switch|p2a: Chesnaught|Chesnaught, M|246\/380
|-damage|p2a: Chesnaught|223\/380|[from] Stealth Rock
|move|p1a: Cobalion|Swords Dance|p1a: Cobalion
|-boost|p1a: Cobalion|atk|2
|
|-heal|p2a: Chesnaught|246\/380|[from] item: Leftovers
|turn|10
|
|move|p1a: Cobalion|Close Combat|p2a: Chesnaught
|-damage|p2a: Chesnaught|54\/380
|-unboost|p1a: Cobalion|def|1
|-unboost|p1a: Cobalion|spd|1
|move|p2a: Chesnaught|Leech Seed|p1a: Cobalion
|-start|p1a: Cobalion|move: Leech Seed
|
|-heal|p2a: Chesnaught|77\/380|[from] item: Leftovers
|-damage|p1a: Cobalion|189\/323|[from] Leech Seed|[of] p2a: Chesnaught
|-heal|p2a: Chesnaught|117\/380|[silent]
|turn|11
|
|switch|p1a: Nidoqueen|Nidoqueen, F|111\/345
|move|p2a: Chesnaught|Spiky Shield|p2a: Chesnaught
|-fail|p2a: Chesnaught
|
|-heal|p2a: Chesnaught|140\/380|[from] item: Leftovers
|turn|12
|
|move|p1a: Nidoqueen|Ice Beam|p2a: Chesnaught
|-supereffective|p2a: Chesnaught
|-damage|p2a: Chesnaught|0 fnt
|faint|p2a: Chesnaught
|
|
|switch|p2a: Mienshao|Mienshao, M|271\/271
|-damage|p2a: Mienshao|255\/271|[from] Stealth Rock
|turn|13
|
|move|p2a: Mienshao|Knock Off|p1a: Nidoqueen
|-damage|p1a: Nidoqueen|0 fnt
|-enditem|p1a: Nidoqueen|Life Orb|[from] move: Knock Off|[of] p2a: Mienshao
|-damage|p2a: Mienshao|228\/271|[from] item: Life Orb
|faint|p1a: Nidoqueen
|
|
|switch|p1a: Cobalion|Cobalion|189\/323
|turn|14
|
|switch|p2a: Forretress|Forretress, M|309\/353
|-damage|p2a: Forretress|265\/353|[from] Stealth Rock
|move|p1a: Cobalion|Close Combat|p2a: Forretress
|-damage|p2a: Forretress|171\/353
|-unboost|p1a: Cobalion|def|1
|-unboost|p1a: Cobalion|spd|1
|
|-heal|p2a: Forretress|193\/353|[from] item: Leftovers
|turn|15
|
|move|p1a: Cobalion|Swords Dance|p1a: Cobalion
|-boost|p1a: Cobalion|atk|2
|move|p2a: Forretress|Rapid Spin|p1a: Cobalion
|-resisted|p1a: Cobalion
|-damage|p1a: Cobalion|182\/323
|-sideend|p2: juancartested|Stealth Rock|[from] move: Rapid Spin|[of] p2a: Forretress
|
|-heal|p2a: Forretress|215\/353|[from] item: Leftovers
|turn|16
|
|move|p1a: Cobalion|Close Combat|p2a: Forretress
|-crit|p2a: Forretress
|-damage|p2a: Forretress|0 fnt
|-unboost|p1a: Cobalion|def|1
|-unboost|p1a: Cobalion|spd|1
|faint|p2a: Forretress
|
|
|switch|p2a: Jirachi|Jirachi|246\/341
|turn|17
|
|switch|p1a: Aerodactyl|Aerodactyl, M|301\/301
|move|p2a: Jirachi|Zen Headbutt|p1a: Aerodactyl
|-damage|p1a: Aerodactyl|141\/301
|
|turn|18
|
|detailschange|p1a: Aerodactyl|Aerodactyl-Mega, M
|-mega|p1a: Aerodactyl|Aerodactyl|Aerodactylite
|move|p2a: Jirachi|Zen Headbutt|p1a: Aerodactyl
|-damage|p1a: Aerodactyl|0 fnt
|faint|p1a: Aerodactyl
|
|
|switch|p1a: Slurpuff|Slurpuff, M|316\/316
|turn|19
|
|move|p2a: Jirachi|Zen Headbutt|p1a: Slurpuff
|-damage|p1a: Slurpuff|174\/316
|cant|p1a: Slurpuff|flinch
|
|turn|20
|
|move|p2a: Jirachi|Zen Headbutt|p1a: Slurpuff
|-damage|p1a: Slurpuff|35\/316
|-enditem|p1a: Slurpuff|Sitrus Berry|[eat]
|-heal|p1a: Slurpuff|114\/316|[from] item: Sitrus Berry
|move|p1a: Slurpuff|Drain Punch|p2a: Jirachi
|-damage|p2a: Jirachi|177\/341
|-heal|p1a: Slurpuff|149\/316|[from] drain|[of] p2a: Jirachi
|
|turn|21
|
|switch|p2a: Chandelure|Chandelure, M, shiny|279\/279
|move|p1a: Slurpuff|Drain Punch|p2a: Chandelure
|-immune|p2a: Chandelure|[msg]
|
|turn|22
|
|move|p1a: Slurpuff|Play Rough|p2a: Chandelure
|-resisted|p2a: Chandelure
|-damage|p2a: Chandelure|217\/279
|move|p2a: Chandelure|Substitute|p2a: Chandelure
|-start|p2a: Chandelure|Substitute
|-damage|p2a: Chandelure|148\/279
|
|-heal|p2a: Chandelure|165\/279|[from] item: Leftovers
|turn|23
|
|move|p1a: Slurpuff|Play Rough|p2a: Chandelure
|-resisted|p2a: Chandelure
|-activate|p2a: Chandelure|Substitute|[damage]
|move|p2a: Chandelure|Flamethrower|p1a: Slurpuff
|-damage|p1a: Slurpuff|0 fnt
|faint|p1a: Slurpuff
|
|-heal|p2a: Chandelure|182\/279|[from] item: Leftovers
|
|switch|p1a: Cobalion|Cobalion|182\/323
|turn|24
|
|move|p1a: Cobalion|Stone Edge|p2a: Chandelure
|-supereffective|p2a: Chandelure
|-end|p2a: Chandelure|Substitute
|move|p2a: Chandelure|Flamethrower|p1a: Cobalion
|-supereffective|p1a: Cobalion
|-damage|p1a: Cobalion|0 fnt
|faint|p1a: Cobalion
|
|-heal|p2a: Chandelure|199\/279|[from] item: Leftovers
|
|switch|p1a: Kingdra|Kingdra, F|275\/301
|turn|25
|
|move|p1a: Kingdra|Dragon Dance|p1a: Kingdra
|-boost|p1a: Kingdra|atk|1
|-boost|p1a: Kingdra|spe|1
|move|p2a: Chandelure|Shadow Ball|p1a: Kingdra
|-damage|p1a: Kingdra|130\/301
|
|-heal|p2a: Chandelure|216\/279|[from] item: Leftovers
|turn|26
|
|move|p1a: Kingdra|Waterfall|p2a: Chandelure
|-supereffective|p2a: Chandelure
|-damage|p2a: Chandelure|0 fnt
|faint|p2a: Chandelure
|
|
|switch|p2a: Jirachi|Jirachi|177\/341
|turn|27
|
|move|p2a: Jirachi|U-turn|p1a: Kingdra
|-damage|p1a: Kingdra|52\/301
|
|switch|p2a: Mienshao|Mienshao, M|271\/271
|move|p1a: Kingdra|Waterfall|p2a: Mienshao
|-damage|p2a: Mienshao|1\/271
|
|turn|28
|
|move|p1a: Kingdra|Waterfall|p2a: Mienshao
|-crit|p2a: Mienshao
|-damage|p2a: Mienshao|0 fnt
|faint|p2a: Mienshao
|
|
|switch|p2a: Jirachi|Jirachi|177\/341
|turn|29
|
|move|p2a: Jirachi|U-turn|p1a: Kingdra
|-damage|p1a: Kingdra|0 fnt
|faint|p1a: Kingdra
|
|win|juancartested
|raw|Ladder updating...
|raw|ult lowgock's rating: 1680 &rarr; <strong>1649<\/strong><br \/>(-31 for losing)
|raw|juancartested's rating: 1462 &rarr; <strong>1493<\/strong><br \/>(+31 for winning)
|leave|ult lowgock
|player|p1
|c|★juancartested|gg