|join|ult lowgock
|join|Fuck Yeah Murica
|player|p1|ult lowgock|273
|player|p2|Fuck Yeah Murica|288
|gametype|singles
|gen|6
|tier|UU
|rated
|rule|Sleep Clause Mod: Limit one foe put to sleep
|rule|Species Clause: Limit one of each Pokémon
|rule|OHKO Clause: OHKO moves are banned
|rule|Moody Clause: Moody is banned
|rule|Evasion Moves Clause: Evasion moves are banned
|rule|Endless Battle Clause: Forcing endless battles is banned
|rule|HP Percentage Mod: HP is shown in percentages
|clearpoke
|poke|p1|Slurpuff, F
|poke|p1|Kingdra, M
|poke|p1|Aerodactyl, M
|poke|p1|Nidoqueen, F
|poke|p1|Cobalion
|poke|p1|Honchkrow, M
|poke|p2|Entei, shiny
|poke|p2|Roserade, F
|poke|p2|Blastoise, F
|poke|p2|Jirachi
|poke|p2|Krookodile, M
|poke|p2|Yanmega, F
|rule|Swagger Clause: Swagger is banned
|rule|Baton Pass Clause: Limit one Pokémon knowing Baton Pass
|teampreview
|
|start
|switch|p1a: Aerodactyl|Aerodactyl, M|301\/301
|switch|p2a: Blastoise|Blastoise, F|313\/313
|turn|1
|
|switch|p1a: Kingdra|Kingdra, M|301\/301
|detailschange|p2a: Blastoise|Blastoise-Mega, F
|-mega|p2a: Blastoise|Blastoise|Blastoisinite
|move|p2a: Blastoise|Scald|p1a: Kingdra
|-resisted|p1a: Kingdra
|-damage|p1a: Kingdra|261\/301
|
|turn|2
|
|move|p1a: Kingdra|Dragon Dance|p1a: Kingdra
|-boost|p1a: Kingdra|atk|1
|-boost|p1a: Kingdra|spe|1
|move|p2a: Blastoise|Ice Beam|p1a: Kingdra
|-damage|p1a: Kingdra|134\/301
|
|turn|3
|
|switch|p2a: Jirachi|Jirachi|341\/341
|move|p1a: Kingdra|Outrage|p2a: Jirachi
|-resisted|p2a: Jirachi
|-damage|p2a: Jirachi|205\/341
|
|turn|4
|
|move|p2a: Jirachi|Iron Head|p1a: Kingdra
|-resisted|p1a: Kingdra
|-damage|p1a: Kingdra|77\/301
|cant|p1a: Kingdra|flinch
|
|-end|p1a: Kingdra|rampage
|-start|p1a: Kingdra|confusion
|-enditem|p1a: Kingdra|Lum Berry|[eat]
|-end|p1a: Kingdra|confusion
|turn|5
|
|switch|p2a: Entei|Entei, shiny|371\/371
|-ability|p2a: Entei|Pressure
|move|p1a: Kingdra|Dragon Dance|p1a: Kingdra
|-boost|p1a: Kingdra|atk|1
|-boost|p1a: Kingdra|spe|1
|
|turn|6
|
|switch|p1a: Aerodactyl|Aerodactyl, M|301\/301
|move|p2a: Entei|Extreme Speed|p1a: Aerodactyl
|-resisted|p1a: Aerodactyl
|-damage|p1a: Aerodactyl|208\/301
|
|turn|7
|
|switch|p2a: Krookodile|Krookodile, M|331\/331
|-ability|p2a: Krookodile|Intimidate|[of] p1a: Aerodactyl
|-unboost|p1a: Aerodactyl|atk|1
|detailschange|p1a: Aerodactyl|Aerodactyl-Mega, M
|-mega|p1a: Aerodactyl|Aerodactyl|Aerodactylite
|move|p1a: Aerodactyl|Stone Edge|p2a: Krookodile
|-resisted|p2a: Krookodile
|-damage|p2a: Krookodile|254\/331
|
|turn|8
|
|move|p1a: Aerodactyl|Aqua Tail|p2a: Krookodile|[miss]
|-miss|p1a: Aerodactyl|p2a: Krookodile
|move|p2a: Krookodile|Knock Off|p1a: Aerodactyl
|-damage|p1a: Aerodactyl|70\/301
|
|turn|9
|
|move|p1a: Aerodactyl|Roost|p1a: Aerodactyl
|-heal|p1a: Aerodactyl|221\/301
|move|p2a: Krookodile|Earthquake|p1a: Aerodactyl
|-supereffective|p1a: Aerodactyl
|-damage|p1a: Aerodactyl|0 fnt
|faint|p1a: Aerodactyl
|
|
|switch|p1a: Cobalion|Cobalion|323\/323
|turn|10
|
|switch|p2a: Jirachi|Jirachi|205\/341
|move|p1a: Cobalion|Swords Dance|p1a: Cobalion
|-boost|p1a: Cobalion|atk|2
|
|turn|11
|
|move|p2a: Jirachi|Trick|p1a: Cobalion
|-activate|p2a: Jirachi|move: Trick|[of] p1a: Cobalion
|-item|p1a: Cobalion|Choice Scarf|[from] move: Trick
|-item|p2a: Jirachi|Lum Berry|[from] move: Trick
|move|p1a: Cobalion|Close Combat|p2a: Jirachi
|-damage|p2a: Jirachi|0 fnt
|-unboost|p1a: Cobalion|def|1
|-unboost|p1a: Cobalion|spd|1
|faint|p2a: Jirachi
|
|
|switch|p2a: Yanmega|Yanmega, F|313\/313
|turn|12
|
|switch|p1a: Kingdra|Kingdra, M|77\/301
|move|p2a: Yanmega|Air Slash|p1a: Kingdra
|-damage|p1a: Kingdra|0 fnt
|-damage|p2a: Yanmega|282\/313|[from] item: Life Orb
|faint|p1a: Kingdra
|
|-boost|p2a: Yanmega|spe|1|[from] ability: Speed Boost
|
|switch|p1a: Nidoqueen|Nidoqueen, F|345\/345
|turn|13
|
|switch|p2a: Krookodile|Krookodile, M|254\/331
|-ability|p2a: Krookodile|Intimidate|[of] p1a: Nidoqueen
|-unboost|p1a: Nidoqueen|atk|1
|move|p1a: Nidoqueen|Ice Beam|p2a: Krookodile
|-supereffective|p2a: Krookodile
|-damage|p2a: Krookodile|0 fnt
|faint|p2a: Krookodile
|
|
|switch|p2a: Blastoise|Blastoise-Mega, F|313\/313
|turn|14
|
|move|p2a: Blastoise|Scald|p1a: Nidoqueen
|-supereffective|p1a: Nidoqueen
|-damage|p1a: Nidoqueen|0 fnt
|faint|p1a: Nidoqueen
|
|
|switch|p1a: Cobalion|Cobalion|323\/323
|turn|15
|
|move|p1a: Cobalion|Close Combat|p2a: Blastoise
|-crit|p2a: Blastoise
|-damage|p2a: Blastoise|111\/313
|-unboost|p1a: Cobalion|def|1
|-unboost|p1a: Cobalion|spd|1
|move|p2a: Blastoise|Scald|p1a: Cobalion
|-damage|p1a: Cobalion|29\/323
|-status|p1a: Cobalion|brn
|
|-damage|p1a: Cobalion|0 fnt|[from] brn
|faint|p1a: Cobalion
|
|switch|p1a: Slurpuff|Slurpuff, F|316\/316
|turn|16
|
|move|p1a: Slurpuff|Belly Drum|p1a: Slurpuff
|-damage|p1a: Slurpuff|158\/316
|-setboost|p1a: Slurpuff|atk|6|[from] move: Belly Drum
|-enditem|p1a: Slurpuff|Sitrus Berry|[eat]
|-heal|p1a: Slurpuff|237\/316|[from] item: Sitrus Berry
|move|p2a: Blastoise|Scald|p1a: Slurpuff
|-damage|p1a: Slurpuff|15\/316
|-status|p1a: Slurpuff|brn
|
|-damage|p1a: Slurpuff|0 fnt|[from] brn
|faint|p1a: Slurpuff
|-message|ult lowgock forfeited.
|
|win|Fuck Yeah Murica
|raw|Ladder updating...
|leave|ult lowgock
|player|p1
|raw|ult lowgock's rating: 1518 &rarr; <strong>1485<\/strong><br \/>(-33 for losing)
|raw|Fuck Yeah Murica's rating: 1232 &rarr; <strong>1274<\/strong><br \/>(+42 for winning)