|join|ult lowgock
|join|ORAS UU Testing
|player|p1|ult lowgock|273
|player|p2|ORAS UU Testing|126
|gametype|singles
|gen|6
|tier|UU
|rated
|rule|Sleep Clause Mod: Limit one foe put to sleep
|rule|Species Clause: Limit one of each Pokémon
|rule|OHKO Clause: OHKO moves are banned
|rule|Moody Clause: Moody is banned
|rule|Evasion Moves Clause: Evasion moves are banned
|rule|Endless Battle Clause: Forcing endless battles is banned
|rule|HP Percentage Mod: HP is shown in percentages
|clearpoke
|poke|p1|Slurpuff, M
|poke|p1|Kingdra, M
|poke|p1|Aerodactyl, M
|poke|p1|Nidoqueen, F
|poke|p1|Cobalion
|poke|p1|Honchkrow, M
|poke|p2|Nidoqueen, F
|poke|p2|Machamp, F
|poke|p2|Jirachi
|poke|p2|Vaporeon, F
|poke|p2|Hydreigon, F
|poke|p2|Crobat, F
|rule|Swagger Clause: Swagger is banned
|rule|Baton Pass Clause: Limit one Pokémon knowing Baton Pass
|teampreview
|join|PenisWobbler2016
ORAS UU Testing made this room hidden.
|
|start
|switch|p1a: Nidoqueen|Nidoqueen, F|345\/345
|switch|p2a: Jirachi|Jirachi|341\/341
|turn|1
|
|move|p2a: Jirachi|Iron Head|p1a: Nidoqueen
|-damage|p1a: Nidoqueen|216\/345
|cant|p1a: Nidoqueen|flinch
|
|turn|2
|
|switch|p2a: Hydreigon|Hydreigon, F|325\/325
|move|p1a: Nidoqueen|Stealth Rock|p2a: Hydreigon
|-sidestart|p2: ORAS UU Testing|move: Stealth Rock
|
|turn|3
|
|switch|p1a: Cobalion|Cobalion|323\/323
|move|p2a: Hydreigon|Dark Pulse|p1a: Cobalion
|-resisted|p1a: Cobalion
|-damage|p1a: Cobalion|178\/323
|-boost|p1a: Cobalion|atk|1|[from] ability: Justified
|
|turn|4
|
|switch|p2a: Nidoqueen|Nidoqueen, F|359\/359
|-damage|p2a: Nidoqueen|337\/359|[from] Stealth Rock
|move|p1a: Cobalion|Iron Head|p2a: Nidoqueen
|-damage|p2a: Nidoqueen|163\/359
|
|turn|5
|
|move|p1a: Cobalion|Iron Head|p2a: Nidoqueen
|-damage|p2a: Nidoqueen|0 fnt
|faint|p2a: Nidoqueen
|
|
|switch|p2a: Crobat|Crobat, F|337\/337
|-damage|p2a: Crobat|253\/337|[from] Stealth Rock
|turn|6
|
|move|p2a: Crobat|Brave Bird|p1a: Cobalion
|-crit|p1a: Cobalion
|-damage|p1a: Cobalion|3\/323
|-damage|p2a: Crobat|195\/337|[from] recoil|[of] p1a: Cobalion
|move|p1a: Cobalion|Stone Edge|p2a: Crobat|[miss]
|-miss|p1a: Cobalion|p2a: Crobat
|
|-heal|p2a: Crobat|216\/337|[from] item: Black Sludge
|turn|7
|
|move|p2a: Crobat|U-turn|p1a: Cobalion
|-resisted|p1a: Cobalion
|-damage|p1a: Cobalion|0 fnt
|faint|p1a: Cobalion
|
|switch|p2a: Hydreigon|Hydreigon, F|325\/325
|-damage|p2a: Hydreigon|285\/325|[from] Stealth Rock
|
|
|switch|p1a: Honchkrow|Honchkrow, M|341\/341
|turn|8
|
|move|p2a: Hydreigon|Draco Meteor|p1a: Honchkrow
|-damage|p1a: Honchkrow|0 fnt
|-unboost|p2a: Hydreigon|spa|2
|faint|p1a: Honchkrow
|
|
|switch|p1a: Slurpuff|Slurpuff, M|316\/316
|turn|9
|
|switch|p2a: Jirachi|Jirachi|341\/341
|-damage|p2a: Jirachi|320\/341|[from] Stealth Rock
|move|p1a: Slurpuff|Belly Drum|p1a: Slurpuff
|-damage|p1a: Slurpuff|158\/316
|-setboost|p1a: Slurpuff|atk|6|[from] move: Belly Drum
|-enditem|p1a: Slurpuff|Sitrus Berry|[eat]
|-heal|p1a: Slurpuff|237\/316|[from] item: Sitrus Berry
|
|turn|10
|
|move|p1a: Slurpuff|Drain Punch|p2a: Jirachi
|-damage|p2a: Jirachi|65\/341
|-heal|p1a: Slurpuff|316\/316|[from] drain|[of] p2a: Jirachi
|move|p2a: Jirachi|Iron Head|p1a: Slurpuff
|-supereffective|p1a: Slurpuff
|-damage|p1a: Slurpuff|68\/316
|
|turn|11
|
|switch|p2a: Crobat|Crobat, F|216\/337
|-damage|p2a: Crobat|132\/337|[from] Stealth Rock
|move|p1a: Slurpuff|Drain Punch|p2a: Crobat
|-resisted|p2a: Crobat
|-damage|p2a: Crobat|59\/337
|-heal|p1a: Slurpuff|105\/316|[from] drain|[of] p2a: Crobat
|
|-heal|p2a: Crobat|80\/337|[from] item: Black Sludge
|turn|12
|
|move|p1a: Slurpuff|Return|p2a: Crobat
|-damage|p2a: Crobat|0 fnt
|faint|p2a: Crobat
|
|
|switch|p2a: Machamp|Machamp, F|341\/341
|-damage|p2a: Machamp|320\/341|[from] Stealth Rock
|turn|13
|
|move|p2a: Machamp|Bullet Punch|p1a: Slurpuff
|-supereffective|p1a: Slurpuff
|-damage|p1a: Slurpuff|0 fnt
|faint|p1a: Slurpuff
|
|
|switch|p1a: Nidoqueen|Nidoqueen, F|216\/345
|turn|14
|
|switch|p2a: Vaporeon|Vaporeon, F|451\/451
|-damage|p2a: Vaporeon|395\/451|[from] Stealth Rock
|move|p1a: Nidoqueen|Sludge Wave|p2a: Vaporeon
|-damage|p2a: Vaporeon|183\/451
|
|-heal|p2a: Vaporeon|211\/451|[from] item: Leftovers
|turn|15
|
|switch|p1a: Kingdra|Kingdra, M|301\/301
|move|p2a: Vaporeon|Baton Pass|p2a: Vaporeon
|
|switch|p2a: Hydreigon|Hydreigon, F|285\/325
|-damage|p2a: Hydreigon|245\/325|[from] Stealth Rock
|
|turn|16
|
|switch|p1a: Nidoqueen|Nidoqueen, F|216\/345
|move|p2a: Hydreigon|Dragon Pulse|p1a: Nidoqueen
|-damage|p1a: Nidoqueen|0 fnt
|faint|p1a: Nidoqueen
|
|
|switch|p1a: Aerodactyl|Aerodactyl, M|301\/301
|turn|17
|
|switch|p2a: Vaporeon|Vaporeon, F|211\/451
|-damage|p2a: Vaporeon|155\/451|[from] Stealth Rock
|detailschange|p1a: Aerodactyl|Aerodactyl-Mega, M
|-mega|p1a: Aerodactyl|Aerodactyl|Aerodactylite
|move|p1a: Aerodactyl|Aerial Ace|p2a: Vaporeon
|-damage|p2a: Vaporeon|0 fnt
|faint|p2a: Vaporeon
|
|
|switch|p2a: Hydreigon|Hydreigon, F|245\/325
|-damage|p2a: Hydreigon|205\/325|[from] Stealth Rock
|turn|18
|
|move|p1a: Aerodactyl|Stone Edge|p2a: Hydreigon|[miss]
|-miss|p1a: Aerodactyl|p2a: Hydreigon
|move|p2a: Hydreigon|Draco Meteor|p1a: Aerodactyl
|-damage|p1a: Aerodactyl|0 fnt
|-unboost|p2a: Hydreigon|spa|2
|faint|p1a: Aerodactyl
|
|
|switch|p1a: Kingdra|Kingdra, M|301\/301
|turn|19
|
|move|p2a: Hydreigon|Draco Meteor|p1a: Kingdra
|-supereffective|p1a: Kingdra
|-damage|p1a: Kingdra|0 fnt
|-unboost|p2a: Hydreigon|spa|2
|faint|p1a: Kingdra
|
|win|ORAS UU Testing
|raw|Ladder updating...
|raw|ult lowgock's rating: 1683 &rarr; <strong>1655<\/strong><br \/>(-28 for losing)
|raw|ORAS UU Testing's rating: 1523 &rarr; <strong>1552<\/strong><br \/>(+29 for winning)
|leave|ult lowgock
|leave|PenisWobbler2016
|player|p1
ORAS UU Testing made this room public.