|join|TheEdgeOfAttack
|join|elwind
|player|p1|TheEdgeOfAttack|274
|player|p2|elwind|218
|gametype|singles
|gen|6
|tier|OU
|rated
|clearpoke
|poke|p1|Greninja, F
|poke|p1|Espeon, M
|poke|p1|Venusaur, F
|poke|p1|Heatran, M
|poke|p1|Umbreon, F
|poke|p1|Gyarados, F
|poke|p2|Charizard, M
|poke|p2|Mandibuzz, F
|poke|p2|Azumarill, F
|poke|p2|Scizor, F
|poke|p2|Hippowdon, M
|poke|p2|Keldeo
|rule|Swagger Clause: Swagger is banned
|rule|Baton Pass Clause: Limit one Pokémon knowing Baton Pass
|rule|Sleep Clause Mod: Limit one foe put to sleep
|rule|Species Clause: Limit one of each Pokémon
|rule|OHKO Clause: OHKO moves are banned
|rule|Moody Clause: Moody is banned
|rule|Evasion Moves Clause: Evasion moves are banned
|rule|Endless Battle Clause: Forcing endless battles is banned
|rule|HP Percentage Mod: HP is reported as percentages
|teampreview
|
|start
|switch|p1a: Greninja|Greninja, F|286\/286
|switch|p2a: Charizard|Charizard, M|297\/297
|turn|1
|
|switch|p1a: Gyarados|Gyarados, F|394\/394
|-ability|p1a: Gyarados|Intimidate|[of] p2a: Charizard
|-unboost|p2a: Charizard|atk|1
|detailschange|p2a: Charizard|Charizard-Mega-Y, M
|message|Charizard has Mega Evolved into Mega Charizard!
|-weather|SunnyDay
|move|p2a: Charizard|Solar Beam|p1a: Gyarados|[still]
|-prepare|p2a: Charizard|Solar Beam|p1a: Gyarados
|-anim|p2a: Charizard|Solar Beam|p1a: Gyarados
|-damage|p1a: Gyarados|290\/394
|
|-weather|SunnyDay|[upkeep]
|turn|2
|
|switch|p2a: Azumarill|Azumarill, F|403\/403
|move|p1a: Gyarados|Stone Edge|p2a: Azumarill
|-damage|p2a: Azumarill|256\/403
|
|-weather|SunnyDay|[upkeep]
|turn|3
|
|move|p1a: Gyarados|Earthquake|p2a: Azumarill
|-damage|p2a: Azumarill|114\/403
|move|p2a: Azumarill|Play Rough|p1a: Gyarados
|-damage|p1a: Gyarados|0 fnt
|faint|p1a: Gyarados
|
|-weather|SunnyDay|[upkeep]
|
|switch|p1a: Greninja|Greninja, F|286\/286
|turn|4
|
|switch|p2a: Scizor|Scizor, F|302\/302
|-start|p1a: Greninja|typechange|Psychic|[from] Protean
|move|p1a: Greninja|Extrasensory|p2a: Scizor
|-resisted|p2a: Scizor
|-damage|p2a: Scizor|199\/302
|-damage|p1a: Greninja|258\/286|[from] item: Life Orb
|
|-weather|SunnyDay|[upkeep]
|turn|5
|
|-start|p1a: Greninja|typechange|Fire|[from] Protean
|move|p1a: Greninja|Hidden Power|p2a: Scizor
|-supereffective|p2a: Scizor
|-damage|p2a: Scizor|0 fnt
|-damage|p1a: Greninja|230\/286|[from] item: Life Orb
|faint|p2a: Scizor
|
|-weather|none
|
|switch|p2a: Azumarill|Azumarill, F|114\/403
|turn|6
|
|switch|p1a: Venusaur|Venusaur, F|302\/302
|switch|p2a: Charizard|Charizard-Mega-Y, M|297\/297
|-weather|SunnyDay
|
|-weather|SunnyDay|[upkeep]
|turn|7
|
|switch|p1a: Umbreon|Umbreon, F|394\/394
|move|p2a: Charizard|Fire Blast|p1a: Umbreon
|-crit|p1a: Umbreon
|-damage|p1a: Umbreon|102\/394
|
|-weather|SunnyDay|[upkeep]
|-heal|p1a: Umbreon|126\/394|[from] item: Leftovers
|turn|8
|
|move|p2a: Charizard|Fire Blast|p1a: Umbreon|[miss]
|-miss|p2a: Charizard|p1a: Umbreon
|move|p1a: Umbreon|Toxic|p2a: Charizard
|-status|p2a: Charizard|tox
|
|-weather|SunnyDay|[upkeep]
|-heal|p1a: Umbreon|150\/394|[from] item: Leftovers
|-damage|p2a: Charizard|279\/297 tox|[from] psn
|turn|9
|
|switch|p2a: Azumarill|Azumarill, F|114\/403
|switch|p1a: Heatran|Heatran, M|386\/386
|
|-weather|SunnyDay|[upkeep]
|turn|10
|
|switch|p2a: Hippowdon|Hippowdon, M|420\/420
|-weather|Sandstorm
|move|p1a: Heatran|Fire Blast|p2a: Hippowdon
|-damage|p2a: Hippowdon|122\/420
|
|-weather|Sandstorm|[upkeep]
|-heal|p2a: Hippowdon|148\/420|[from] item: Leftovers
|turn|11
|
|switch|p2a: Charizard|Charizard-Mega-Y, M|279\/297 tox
|-weather|SunnyDay
|move|p1a: Heatran|Fire Blast|p2a: Charizard
|-resisted|p2a: Charizard
|-damage|p2a: Charizard|78\/297 tox
|
|-weather|SunnyDay|[upkeep]
|-damage|p2a: Charizard|60\/297 tox|[from] psn
|turn|12
|
|switch|p1a: Umbreon|Umbreon, F|150\/394
|move|p2a: Charizard|Focus Blast|p1a: Umbreon|[miss]
|-miss|p2a: Charizard|p1a: Umbreon
|
|-weather|SunnyDay|[upkeep]
|-heal|p1a: Umbreon|174\/394|[from] item: Leftovers
|-damage|p2a: Charizard|24\/297 tox|[from] psn
|turn|13
|-message|elwind forfeited.
|
|win|TheEdgeOfAttack
|raw|Ladder updating...
|leave|elwind
|player|p2
|raw|TheEdgeOfAttack's rating: 1532 &rarr; <strong>1553<\/strong><br \/>(+21 for winning)
|raw|elwind's rating: 1537 &rarr; <strong>1516<\/strong><br \/>(-21 for losing)