|join|elwind
|join|471V3
|player|p1|elwind|266
|player|p2|471V3|158
|gametype|singles
|gen|6
|tier|OU
|rated
|clearpoke
|poke|p1|Latias, F
|poke|p1|Mew
|poke|p1|Ferrothorn, F
|poke|p1|Landorus, M
|poke|p1|Gliscor, M
|poke|p1|Sylveon, F
|poke|p2|Kyurem-Black
|poke|p2|Heracross, F
|poke|p2|Jirachi
|poke|p2|Azumarill, M
|poke|p2|Landorus-Therian, M
|poke|p2|Mew
|rule|Swagger Clause: Swagger is banned
|rule|Baton Pass Clause: Limit one Pokémon knowing Baton Pass
|rule|Sleep Clause Mod: Limit one foe put to sleep
|rule|Species Clause: Limit one of each Pokémon
|rule|OHKO Clause: OHKO moves are banned
|rule|Moody Clause: Moody is banned
|rule|Evasion Moves Clause: Evasion moves are banned
|rule|Endless Battle Clause: Forcing endless battles is banned
|rule|HP Percentage Mod: HP is shown in percentages
|teampreview
|join|Alesitou
|
|start
|switch|p1a: Ferrothorn|Ferrothorn, F|351\/351
|switch|p2a: Kyurem-Black|Kyurem-Black|417\/417
|-ability|p2a: Kyurem-Black|Teravolt
|turn|1
|
|move|p2a: Kyurem-Black|Hidden Power|p1a: Ferrothorn
|-supereffective|p1a: Ferrothorn
|-damage|p1a: Ferrothorn|115\/351
|move|p1a: Ferrothorn|Gyro Ball|p2a: Kyurem-Black
|-supereffective|p2a: Kyurem-Black
|-damage|p2a: Kyurem-Black|33\/417
|
|turn|2
|
|switch|p1a: Mew|Mew|404\/404
|move|p2a: Kyurem-Black|Ice Beam|p1a: Mew
|-damage|p1a: Mew|257\/404
|
|-heal|p1a: Mew|282\/404|[from] item: Leftovers
|turn|3
|
|move|p2a: Kyurem-Black|Fusion Bolt|p1a: Mew
|-damage|p1a: Mew|198\/404
|move|p1a: Mew|Will-O-Wisp|p2a: Kyurem-Black
|-status|p2a: Kyurem-Black|brn
|
|-heal|p1a: Mew|223\/404|[from] item: Leftovers
|-damage|p2a: Kyurem-Black|0 fnt|[from] brn
|faint|p2a: Kyurem-Black
|
|switch|p2a: Heracross|Heracross, F|301\/301
|turn|4
|
|switch|p1a: Landorus|Landorus, M|319\/319
|detailschange|p2a: Heracross|Heracross-Mega, F
|-mega|p2a: Heracross|Heracross|Heracronite
|move|p2a: Heracross|Pin Missile|p1a: Landorus
|-resisted|p1a: Landorus
|-damage|p1a: Landorus|286\/319
|-resisted|p1a: Landorus
|-damage|p1a: Landorus|253\/319
|-crit|p1a: Landorus
|-resisted|p1a: Landorus
|-damage|p1a: Landorus|203\/319
|-resisted|p1a: Landorus
|-damage|p1a: Landorus|172\/319
|-resisted|p1a: Landorus
|-damage|p1a: Landorus|143\/319
|-hitcount|p1a: Landorus|5
|
|turn|5
|
|switch|p2a: Mew|Mew|401\/401
|move|p1a: Landorus|Earth Power|p2a: Mew
|-damage|p2a: Mew|159\/401
|
|-heal|p2a: Mew|184\/401|[from] item: Leftovers
|turn|6
|
|switch|p1a: Ferrothorn|Ferrothorn, F|115\/351
|switch|p2a: Landorus-Therian|Landorus-Therian, M|351\/351
|-ability|p2a: Landorus-Therian|Intimidate|[of] p1a: Ferrothorn
|-unboost|p1a: Ferrothorn|atk|1
|
|turn|7
|
|move|p2a: Landorus-Therian|Swords Dance|p2a: Landorus-Therian
|-boost|p2a: Landorus-Therian|atk|2
|move|p1a: Ferrothorn|Stealth Rock|p2a: Landorus-Therian
|-sidestart|p2: 471V3|move: Stealth Rock
|
|turn|8
|
|move|p2a: Landorus-Therian|Rock Polish|p2a: Landorus-Therian
|-boost|p2a: Landorus-Therian|spe|2
|move|p1a: Ferrothorn|Gyro Ball|p2a: Landorus-Therian
|-damage|p2a: Landorus-Therian|228\/351
|
|-heal|p2a: Landorus-Therian|249\/351|[from] item: Leftovers
|turn|9
|
|move|p2a: Landorus-Therian|Swords Dance|p2a: Landorus-Therian
|-boost|p2a: Landorus-Therian|atk|2
|move|p1a: Ferrothorn|Power Whip|p2a: Landorus-Therian
|-damage|p2a: Landorus-Therian|146\/351
|
|-heal|p2a: Landorus-Therian|167\/351|[from] item: Leftovers
|turn|10
|
|move|p2a: Landorus-Therian|Swords Dance|p2a: Landorus-Therian
|-boost|p2a: Landorus-Therian|atk|2
|move|p1a: Ferrothorn|Gyro Ball|p2a: Landorus-Therian
|-damage|p2a: Landorus-Therian|53\/351
|
|-heal|p2a: Landorus-Therian|74\/351|[from] item: Leftovers
|turn|11
|
|switch|p1a: Latias|Latias, F|357\/357
|move|p2a: Landorus-Therian|Earthquake|p1a: Latias
|-immune|p1a: Latias|[msg]
|
|-heal|p2a: Landorus-Therian|95\/351|[from] item: Leftovers
|turn|12
|
|detailschange|p1a: Latias|Latias-Mega, F
|-mega|p1a: Latias|Latias|Latiasite
|move|p2a: Landorus-Therian|Smack Down|p1a: Latias
|-damage|p1a: Latias|111\/357
|-start|p1a: Latias|Smack Down
|move|p1a: Latias|Dragon Pulse|p2a: Landorus-Therian
|-damage|p2a: Landorus-Therian|0 fnt
|faint|p2a: Landorus-Therian
|
|
|switch|p2a: Jirachi|Jirachi|401\/401
|-damage|p2a: Jirachi|376\/401|[from] Stealth Rock
|turn|13
|
|move|p1a: Latias|Recover|p1a: Latias
|-heal|p1a: Latias|290\/357
|move|p2a: Jirachi|Body Slam|p1a: Latias
|-damage|p1a: Latias|226\/357
|-status|p1a: Latias|par
|
|-heal|p2a: Jirachi|401\/401|[from] item: Leftovers
|turn|14
|
|switch|p1a: Ferrothorn|Ferrothorn, F|115\/351
|move|p2a: Jirachi|Body Slam|p1a: Ferrothorn
|-resisted|p1a: Ferrothorn
|-damage|p1a: Ferrothorn|91\/351
|-damage|p2a: Jirachi|351\/401|[from] ability: Iron Barbs|[of] p1a: Ferrothorn
|-damage|p2a: Jirachi|285\/401|[from] item: Rocky Helmet|[of] p1a: Ferrothorn
|
|-heal|p2a: Jirachi|310\/401|[from] item: Leftovers
|turn|15
|
|move|p2a: Jirachi|Stealth Rock|p1a: Ferrothorn
|-sidestart|p1: elwind|move: Stealth Rock
|move|p1a: Ferrothorn|Leech Seed|p2a: Jirachi|[miss]
|-miss|p1a: Ferrothorn|p2a: Jirachi
|
|-heal|p2a: Jirachi|335\/401|[from] item: Leftovers
|turn|16
|
|move|p2a: Jirachi|Fire Punch|p1a: Ferrothorn
|-supereffective|p1a: Ferrothorn
|-damage|p1a: Ferrothorn|0 fnt
|-damage|p2a: Jirachi|285\/401|[from] ability: Iron Barbs|[of] p1a: Ferrothorn
|-damage|p2a: Jirachi|219\/401|[from] item: Rocky Helmet|[of] p1a: Ferrothorn
|faint|p1a: Ferrothorn
|
|-heal|p2a: Jirachi|244\/401|[from] item: Leftovers
|
|switch|p1a: Landorus|Landorus, M|143\/319
|-damage|p1a: Landorus|104\/319|[from] Stealth Rock
|turn|17
|
|switch|p2a: Mew|Mew|184\/401
|-damage|p2a: Mew|134\/401|[from] Stealth Rock
|move|p1a: Landorus|Earth Power|p2a: Mew
|-damage|p2a: Mew|0 fnt
|faint|p2a: Mew
|
|
|switch|p2a: Azumarill|Azumarill, M|389\/389
|-damage|p2a: Azumarill|341\/389|[from] Stealth Rock
|turn|18
|
|move|p2a: Azumarill|Aqua Jet|p1a: Landorus
|-supereffective|p1a: Landorus
|-damage|p1a: Landorus|0 fnt
|faint|p1a: Landorus
|
|
|switch|p1a: Gliscor|Gliscor, M|354\/354
|-damage|p1a: Gliscor|310\/354|[from] Stealth Rock
|turn|19
|
|switch|p2a: Heracross|Heracross-Mega, F|301\/301
|-damage|p2a: Heracross|264\/301|[from] Stealth Rock
|move|p1a: Gliscor|Earthquake|p2a: Heracross
|-resisted|p2a: Heracross
|-damage|p2a: Heracross|214\/301
|
|-status|p1a: Gliscor|tox|[from] item: Toxic Orb
|turn|20
|
|switch|p1a: Latias|Latias-Mega, F|226\/357 par
|-damage|p1a: Latias|182\/357 par|[from] Stealth Rock
|move|p2a: Heracross|Swords Dance|p2a: Heracross
|-boost|p2a: Heracross|atk|2
|
|turn|21
|-message|elwind forfeited.
|
|win|471V3
|raw|Ladder updating...
|leave|elwind
|player|p1
|raw|elwind's rating: 1696 &rarr; <strong>1665<\/strong><br \/>(-31 for losing)
|raw|471V3's rating: 1495 &rarr; <strong>1525<\/strong><br \/>(+30 for winning)
|c| Alesitou|oh
|c|★471V3|tasty
|c| Alesitou|delicious
|c|★471V3|heracross
|c|★471V3|le hacia
|c|★471V3|pim pam pim pam
|c|★471V3|tenia casi casi 1700
|c|★471V3|lol
|c| Alesitou|no tenia nada que hacer ya xD
|c| Alesitou|pero si
|c| Alesitou|le ha dolido
|c| Alesitou|seguro
|c|★471V3|sip
|c|★471V3|perdio
|c|★471V3|desde que saceo
|c|★471V3|a landorus
|c|★471V3|xD
|c| Alesitou|mira que me gusta mas ese landorus que el therian
|c|★471V3|ahora la gente lo esta usando mucho mas
|c|★471V3|que al therian
|c|★471V3|ese latias
|c|★471V3|cochino
|c|★471V3|era full defensivo
|c| Alesitou|que bueno, su set me parece mejor que el del therian si te soy sincero xD
|c|★471V3|xD
|c|★471V3|no habria resistido mi smack down
|c|★471V3|a x6
|c|★471V3|eso fue una locura