|join|FooPossum
|join|marco901
|player|p1|FooPossum|224
|player|p2|marco901|157
|gametype|singles
|gen|6
|tier|UU
|rated
|rule|Sleep Clause Mod: Limit one foe put to sleep
|rule|Species Clause: Limit one of each Pokémon
|rule|OHKO Clause: OHKO moves are banned
|rule|Moody Clause: Moody is banned
|rule|Evasion Moves Clause: Evasion moves are banned
|rule|Endless Battle Clause: Forcing endless battles is banned
|rule|HP Percentage Mod: HP is shown in percentages
|clearpoke
|poke|p1|Whimsicott, F
|poke|p1|Nidoqueen, F
|poke|p1|Aerodactyl, F
|poke|p1|Lucario, M
|poke|p1|Jirachi, shiny
|poke|p1|Hydreigon, M
|poke|p2|Nidoqueen, F
|poke|p2|Krookodile, F
|poke|p2|Alakazam, F
|poke|p2|Jirachi
|poke|p2|Hydreigon, F
|poke|p2|Ampharos, M
|rule|Swagger Clause: Swagger is banned
|rule|Baton Pass Clause: Limit one Pokémon knowing Baton Pass
|teampreview
|
|start
|switch|p1a: Aerodactyl|Aerodactyl, F|321\/321
|switch|p2a: Krookodile|Krookodile, F|331\/331
|-ability|p2a: Krookodile|Intimidate|[of] p1a: Aerodactyl
|-unboost|p1a: Aerodactyl|atk|1
|turn|1
|
|detailschange|p1a: Aerodactyl|Aerodactyl-Mega, F
|message|Aerodactyl has Mega Evolved into Mega Aerodactyl!
|move|p1a: Aerodactyl|Aqua Tail|p2a: Krookodile
|-supereffective|p2a: Krookodile
|-damage|p2a: Krookodile|55\/331
|move|p2a: Krookodile|Knock Off|p1a: Aerodactyl
|-damage|p1a: Aerodactyl|152\/321
|
|turn|2
|
|switch|p2a: Jirachi|Jirachi|341\/341
|move|p1a: Aerodactyl|Stone Edge|p2a: Jirachi
|-resisted|p2a: Jirachi
|-damage|p2a: Jirachi|272\/341
|
|turn|3
|
|switch|p1a: Jirachi|Jirachi, shiny|341\/341
|move|p2a: Jirachi|Iron Head|p1a: Jirachi
|-resisted|p1a: Jirachi
|-damage|p1a: Jirachi|280\/341
|
|-heal|p1a: Jirachi|301\/341|[from] item: Leftovers
|turn|4
|
|switch|p2a: Ampharos|Ampharos, M|373\/373
|move|p1a: Jirachi|Calm Mind|p1a: Jirachi
|-boost|p1a: Jirachi|spa|1
|-boost|p1a: Jirachi|spd|1
|
|-heal|p1a: Jirachi|322\/341|[from] item: Leftovers
|turn|5
|
|detailschange|p2a: Ampharos|Ampharos-Mega, M
|message|Ampharos has Mega Evolved into Mega Ampharos!
|-ability|p2a: Ampharos|Mold Breaker
|move|p1a: Jirachi|Moonblast|p2a: Ampharos
|-supereffective|p2a: Ampharos
|-damage|p2a: Ampharos|95\/373
|-unboost|p2a: Ampharos|spa|1
|move|p2a: Ampharos|Volt Switch|p1a: Jirachi
|-damage|p1a: Jirachi|252\/341
|
|switch|p2a: Jirachi|Jirachi|272\/341
|
|-heal|p1a: Jirachi|273\/341|[from] item: Leftovers
|turn|6
|
|move|p2a: Jirachi|Fire Punch|p1a: Jirachi
|-crit|p1a: Jirachi
|-supereffective|p1a: Jirachi
|-damage|p1a: Jirachi|49\/341
|-status|p1a: Jirachi|brn
|move|p1a: Jirachi|Shadow Ball|p2a: Jirachi
|-supereffective|p2a: Jirachi
|-damage|p2a: Jirachi|22\/341
|
|-heal|p1a: Jirachi|70\/341 brn|[from] item: Leftovers
|-damage|p1a: Jirachi|28\/341 brn|[from] brn
|turn|7
|
|move|p2a: Jirachi|Fire Punch|p1a: Jirachi
|-crit|p1a: Jirachi
|-supereffective|p1a: Jirachi
|-damage|p1a: Jirachi|0 fnt
|faint|p1a: Jirachi
|
|
|switch|p1a: Nidoqueen|Nidoqueen, F|366\/366
|turn|8
|
|switch|p2a: Ampharos|Ampharos-Mega, M|95\/373
|-ability|p2a: Ampharos|Mold Breaker
|move|p1a: Nidoqueen|Stealth Rock|p2a: Ampharos
|-sidestart|p2: marco901|move: Stealth Rock
|
|turn|9
|
|move|p1a: Nidoqueen|Sludge Wave|p2a: Ampharos
|-damage|p2a: Ampharos|0 fnt
|faint|p2a: Ampharos
|
|
|switch|p2a: Krookodile|Krookodile, F|55\/331
|-damage|p2a: Krookodile|35\/331|[from] Stealth Rock
|-ability|p2a: Krookodile|Intimidate|[of] p1a: Nidoqueen
|-unboost|p1a: Nidoqueen|atk|1
|turn|10
|
|switch|p1a: Whimsicott|Whimsicott, F|261\/261
|move|p2a: Krookodile|Knock Off|p1a: Whimsicott
|-resisted|p1a: Whimsicott
|-damage|p1a: Whimsicott|117\/261
|-enditem|p1a: Whimsicott|Life Orb|[from] move: Knock Off|[of] p2a: Krookodile
|
|turn|11
|
|move|p1a: Whimsicott|U-turn|p2a: Krookodile
|-supereffective|p2a: Krookodile
|-damage|p2a: Krookodile|0 fnt
|faint|p2a: Krookodile
|
|switch|p1a: Aerodactyl|Aerodactyl-Mega, F|152\/321
|
|
|switch|p2a: Jirachi|Jirachi|22\/341
|-damage|p2a: Jirachi|1\/341|[from] Stealth Rock
|turn|12
|
|switch|p1a: Nidoqueen|Nidoqueen, F|366\/366
|move|p2a: Jirachi|Iron Head|p1a: Nidoqueen
|-damage|p1a: Nidoqueen|239\/366
|
|turn|13
|
|switch|p1a: Lucario|Lucario, M|281\/281
|move|p2a: Jirachi|Iron Head|p1a: Lucario
|-resisted|p1a: Lucario
|-damage|p1a: Lucario|208\/281
|
|turn|14
|
|move|p2a: Jirachi|Iron Head|p1a: Lucario
|-resisted|p1a: Lucario
|-damage|p1a: Lucario|130\/281
|cant|p1a: Lucario|flinch
|
|turn|15
|
|move|p2a: Jirachi|Iron Head|p1a: Lucario
|-resisted|p1a: Lucario
|-damage|p1a: Lucario|43\/281
|move|p1a: Lucario|Swords Dance|p1a: Lucario
|-boost|p1a: Lucario|atk|2
|
|turn|16
|
|move|p1a: Lucario|Extreme Speed|p2a: Jirachi
|-resisted|p2a: Jirachi
|-damage|p2a: Jirachi|0 fnt
|-damage|p1a: Lucario|15\/281|[from] item: Life Orb
|faint|p2a: Jirachi
|
|
|switch|p2a: Alakazam|Alakazam, F|251\/251
|turn|17
|
|move|p1a: Lucario|Extreme Speed|p2a: Alakazam
|-enditem|p2a: Alakazam|Focus Sash
|-damage|p2a: Alakazam|1\/251
|-damage|p1a: Lucario|0 fnt|[from] item: Life Orb
|faint|p1a: Lucario
|move|p2a: Alakazam|Psyshock|p1: Lucario|[notarget]
|-notarget
|
|
|switch|p1a: Hydreigon|Hydreigon, M|325\/325
|turn|18
|
|move|p1a: Hydreigon|U-turn|p2a: Alakazam
|-supereffective|p2a: Alakazam
|-damage|p2a: Alakazam|0 fnt
|faint|p2a: Alakazam
|
|switch|p1a: Aerodactyl|Aerodactyl-Mega, F|152\/321
|
|
|switch|p2a: Hydreigon|Hydreigon, F|325\/325
|-damage|p2a: Hydreigon|285\/325|[from] Stealth Rock
|turn|19
|
|move|p1a: Aerodactyl|Stone Edge|p2a: Hydreigon|[miss]
|-miss|p1a: Aerodactyl|p2a: Hydreigon
|move|p2a: Hydreigon|Dark Pulse|p1a: Aerodactyl
|-damage|p1a: Aerodactyl|0 fnt
|-damage|p2a: Hydreigon|253\/325|[from] item: Life Orb
|faint|p1a: Aerodactyl
|
|
|switch|p1a: Hydreigon|Hydreigon, M|325\/325
|turn|20
|
|move|p1a: Hydreigon|U-turn|p2a: Hydreigon
|-supereffective|p2a: Hydreigon
|-damage|p2a: Hydreigon|115\/325
|
|switch|p1a: Whimsicott|Whimsicott, F|117\/261
|move|p2a: Hydreigon|Draco Meteor|p1a: Whimsicott
|-immune|p1a: Whimsicott|[msg]
|
|turn|21
|
|move|p1a: Whimsicott|Moonblast|p2a: Hydreigon
|-supereffective|p2a: Hydreigon
|-damage|p2a: Hydreigon|0 fnt
|faint|p2a: Hydreigon
|
|
|switch|p2a: Nidoqueen|Nidoqueen, F|345\/345
|-damage|p2a: Nidoqueen|324\/345|[from] Stealth Rock
|turn|22
|
|move|p1a: Whimsicott|Tailwind|p1a: Whimsicott
|-sidestart|p1: FooPossum|move: Tailwind
|move|p2a: Nidoqueen|Ice Beam|p1a: Whimsicott
|-supereffective|p1a: Whimsicott
|-damage|p1a: Whimsicott|0 fnt
|faint|p1a: Whimsicott
|
|
|switch|p1a: Nidoqueen|Nidoqueen, F|239\/366
|turn|23
|
|move|p1a: Nidoqueen|Earth Power|p2a: Nidoqueen
|-supereffective|p2a: Nidoqueen
|-damage|p2a: Nidoqueen|0 fnt
|faint|p2a: Nidoqueen
|
|win|FooPossum
|raw|Ladder updating...
|raw|FooPossum's rating: 1647 &rarr; <strong>1657<\/strong><br \/>(+10 for winning)
|raw|marco901's rating: 1456 &rarr; <strong>1446<\/strong><br \/>(-10 for losing)
|c|★marco901|gg
|leave|marco901
|player|p2