|join|cybuster
|join|LMay
|player|p1|cybuster|162
|player|p2|LMay|283
|gametype|singles
|gen|6
|tier|OU
|rated
|clearpoke
|poke|p1|Pidgeot, M, shiny
|poke|p1|Blissey, F, shiny
|poke|p1|Diggersby, M, shiny
|poke|p1|Rotom-Wash
|poke|p1|Jirachi, shiny
|poke|p1|Mew
|poke|p2|Altaria, M, shiny
|poke|p2|Mamoswine, F, shiny
|poke|p2|Slowbro, M, shiny
|poke|p2|Chansey, F, shiny
|poke|p2|Gengar, M, shiny
|poke|p2|Magnezone, shiny
|rule|Swagger Clause: Swagger is banned
|rule|Baton Pass Clause: Limit one Pokémon knowing Baton Pass
|rule|Sleep Clause Mod: Limit one foe put to sleep
|rule|Species Clause: Limit one of each Pokémon
|rule|OHKO Clause: OHKO moves are banned
|rule|Moody Clause: Moody is banned
|rule|Evasion Moves Clause: Evasion moves are banned
|rule|Endless Battle Clause: Forcing endless battles is banned
|rule|HP Percentage Mod: HP is shown in percentages
|teampreview
|
|start
|switch|p1a: Jirachi|Jirachi, shiny|400\/400
|switch|p2a: Magnum|Mamoswine, F, shiny|362\/362
|turn|1
|
|move|p1a: Jirachi|Iron Head|p2a: Magnum
|-supereffective|p2a: Magnum
|-damage|p2a: Magnum|30\/362
|cant|p2a: Magnum|flinch
|
|turn|2
|
|switch|p2a: Roger|Slowbro, M, shiny|394\/394
|move|p1a: Jirachi|Iron Head|p2a: Roger
|-resisted|p2a: Roger
|-damage|p2a: Roger|354\/394
|
|-heal|p2a: Roger|378\/394|[from] item: Leftovers
|turn|3
|
|switch|p1a: Blissey|Blissey, F, shiny|714\/714
|move|p2a: Roger|Scald|p1a: Blissey
|-damage|p1a: Blissey|641\/714
|-status|p1a: Blissey|brn
|
|-heal|p1a: Blissey|685\/714 brn|[from] item: Leftovers
|-heal|p2a: Roger|394\/394|[from] item: Leftovers
|-damage|p1a: Blissey|596\/714 brn|[from] brn
|turn|4
|
|switch|p2a: Ghostic|Gengar, M, shiny|263\/263
|move|p1a: Blissey|Stealth Rock|p2a: Ghostic
|-sidestart|p2: LMay|move: Stealth Rock
|
|-heal|p1a: Blissey|640\/714 brn|[from] item: Leftovers
|-damage|p1a: Blissey|551\/714 brn|[from] brn
|turn|5
|
|move|p2a: Ghostic|Substitute|p2a: Ghostic
|-start|p2a: Ghostic|Substitute
|-damage|p2a: Ghostic|198\/263
|move|p1a: Blissey|Thunder Wave|p2a: Ghostic
|
|-heal|p2a: Ghostic|214\/263|[from] item: Black Sludge
|-heal|p1a: Blissey|595\/714 brn|[from] item: Leftovers
|-damage|p1a: Blissey|506\/714 brn|[from] brn
|turn|6
|
|switch|p1a: Jirachi|Jirachi, shiny|400\/400
|move|p2a: Ghostic|Taunt|p1a: Jirachi
|-start|p1a: Jirachi|move: Taunt
|
|-heal|p2a: Ghostic|230\/263|[from] item: Black Sludge
|turn|7
|
|move|p1a: Jirachi|U-turn|p2a: Ghostic
|-resisted|p2a: Ghostic
|-activate|p2a: Ghostic|Substitute|[damage]
|
|switch|p1a: Blissey|Blissey, F, shiny|506\/714
|move|p2a: Ghostic|Will-O-Wisp|p1a: Blissey
|-status|p1a: Blissey|brn
|
|-heal|p2a: Ghostic|246\/263|[from] item: Black Sludge
|-heal|p1a: Blissey|550\/714 brn|[from] item: Leftovers
|-damage|p1a: Blissey|461\/714 brn|[from] brn
|turn|8
|
|switch|p1a: Jirachi|Jirachi, shiny|400\/400
|move|p2a: Ghostic|Taunt|p1a: Jirachi
|-start|p1a: Jirachi|move: Taunt
|
|-heal|p2a: Ghostic|262\/263|[from] item: Black Sludge
|turn|9
|
|move|p1a: Jirachi|Iron Head|p2a: Ghostic
|-end|p2a: Ghostic|Substitute
|move|p2a: Ghostic|Shadow Ball|p1a: Jirachi
|-supereffective|p1a: Jirachi
|-damage|p1a: Jirachi|106\/400
|
|-heal|p2a: Ghostic|263\/263|[from] item: Black Sludge
|turn|10
|
|switch|p1a: Mew|Mew|404\/404
|switch|p2a: Roger|Slowbro, M, shiny|394\/394
|-damage|p2a: Roger|345\/394|[from] Stealth Rock
|
|-heal|p2a: Roger|369\/394|[from] item: Leftovers
|turn|11
|
|move|p1a: Mew|Will-O-Wisp|p2a: Roger
|-status|p2a: Roger|brn
|move|p2a: Roger|Scald|p1a: Mew
|-damage|p1a: Mew|340\/404
|
|-heal|p1a: Mew|365\/404|[from] item: Leftovers
|-heal|p2a: Roger|393\/394 brn|[from] item: Leftovers
|-damage|p2a: Roger|344\/394 brn|[from] brn
|turn|12
|
|move|p1a: Mew|Knock Off|p2a: Roger
|-supereffective|p2a: Roger
|-damage|p2a: Roger|234\/394 brn
|-enditem|p2a: Roger|Leftovers|[from] move: Knock Off|[of] p1a: Mew
|move|p2a: Roger|Thunder Wave|p1a: Mew
|-status|p1a: Mew|par
|
|-heal|p1a: Mew|390\/404 par|[from] item: Leftovers
|-damage|p2a: Roger|185\/394 brn|[from] brn
|turn|13
|
|switch|p2a: Ghostic|Gengar, M, shiny|263\/263
|-damage|p2a: Ghostic|231\/263|[from] Stealth Rock
|switch|p1a: Rotom-Wash|Rotom-Wash|304\/304
|
|-heal|p2a: Ghostic|247\/263|[from] item: Black Sludge
|turn|14
|
|move|p2a: Ghostic|Shadow Ball|p1a: Rotom-Wash
|-damage|p1a: Rotom-Wash|174\/304
|move|p1a: Rotom-Wash|Volt Switch|p2a: Ghostic
|-damage|p2a: Ghostic|139\/263
|
|switch|p1a: Pidgeot|Pidgeot, M, shiny|308\/308
|
|-heal|p2a: Ghostic|155\/263|[from] item: Black Sludge
|turn|15
|
|switch|p2a: FREEZE|Chansey, F, shiny|704\/704
|-damage|p2a: FREEZE|616\/704|[from] Stealth Rock
|detailschange|p1a: Pidgeot|Pidgeot-Mega, M, shiny
|message|Pidgeot has Mega Evolved into Mega Pidgeot!
|move|p1a: Pidgeot|Substitute|p1a: Pidgeot
|-start|p1a: Pidgeot|Substitute
|-damage|p1a: Pidgeot|231\/308
|
|turn|16
|
|move|p1a: Pidgeot|Hurricane|p2a: FREEZE
|-damage|p2a: FREEZE|492\/704
|move|p2a: FREEZE|Seismic Toss|p1a: Pidgeot
|-end|p1a: Pidgeot|Substitute
|
|turn|17
|
|switch|p1a: Rotom-Wash|Rotom-Wash|174\/304
|move|p2a: FREEZE|Seismic Toss|p1a: Rotom-Wash
|-damage|p1a: Rotom-Wash|74\/304
|
|-heal|p1a: Rotom-Wash|93\/304|[from] item: Leftovers
|turn|18
|
|switch|p2a: Magnum|Mamoswine, F, shiny|30\/362
|-damage|p2a: Magnum|0 fnt|[from] Stealth Rock
|faint|p2a: Magnum
|move|p1a: Rotom-Wash|Pain Split|p2: Magnum|[notarget]
|-notarget
|
|-heal|p1a: Rotom-Wash|112\/304|[from] item: Leftovers
|
|switch|p2a: Ghostic|Gengar, M, shiny|155\/263
|-damage|p2a: Ghostic|123\/263|[from] Stealth Rock
|turn|19
|
|move|p2a: Ghostic|Substitute|p2a: Ghostic
|-start|p2a: Ghostic|Substitute
|-damage|p2a: Ghostic|58\/263
|move|p1a: Rotom-Wash|Volt Switch|p2a: Ghostic
|-end|p2a: Ghostic|Substitute
|
|switch|p1a: Pidgeot|Pidgeot-Mega, M, shiny|231\/308
|
|-heal|p2a: Ghostic|74\/263|[from] item: Black Sludge
|turn|20
|
|move|p1a: Pidgeot|Hurricane|p2a: Ghostic
|-damage|p2a: Ghostic|0 fnt
|faint|p2a: Ghostic
|
|
|switch|p2a: Android|Magnezone, shiny|339\/339
|-damage|p2a: Android|318\/339|[from] Stealth Rock
|turn|21
|
|switch|p1a: Diggersby|Diggersby, M, shiny|311\/311
|move|p2a: Android|Flash Cannon|p1a: Diggersby
|-damage|p1a: Diggersby|46\/311
|-unboost|p1a: Diggersby|spd|1
|
|turn|22
|
|switch|p2a: Roger|Slowbro, M, shiny|316\/394 brn
|-damage|p2a: Roger|267\/394 brn|[from] Stealth Rock
|move|p1a: Diggersby|Earthquake|p2a: Roger
|-damage|p2a: Roger|116\/394 brn
|
|-damage|p2a: Roger|67\/394 brn|[from] brn
|turn|23
|
|switch|p1a: Rotom-Wash|Rotom-Wash|112\/304
|move|p2a: Roger|Scald|p1a: Rotom-Wash
|-resisted|p1a: Rotom-Wash
|-damage|p1a: Rotom-Wash|67\/304
|
|-heal|p1a: Rotom-Wash|86\/304|[from] item: Leftovers
|-damage|p2a: Roger|18\/394 brn|[from] brn
|turn|24
|
|move|p1a: Rotom-Wash|Volt Switch|p2a: Roger
|-supereffective|p2a: Roger
|-damage|p2a: Roger|0 fnt
|faint|p2a: Roger
|
|switch|p1a: Jirachi|Jirachi, shiny|106\/400
|
|
|switch|p2a: Android|Magnezone, shiny|318\/339
|-damage|p2a: Android|297\/339|[from] Stealth Rock
|turn|25
|
|move|p1a: Jirachi|U-turn|p2a: Android
|-resisted|p2a: Android
|-damage|p2a: Android|266\/339
|
|switch|p1a: Blissey|Blissey, F, shiny|461\/714
|move|p2a: Android|Hidden Power|p1a: Blissey
|-damage|p1a: Blissey|368\/714
|
|-heal|p1a: Blissey|412\/714|[from] item: Leftovers
|turn|26
|
|switch|p2a: Altaria|Altaria, M, shiny|307\/307
|-damage|p2a: Altaria|231\/307|[from] Stealth Rock
|move|p1a: Blissey|Seismic Toss|p2a: Altaria
|-damage|p2a: Altaria|131\/307
|
|-heal|p1a: Blissey|456\/714|[from] item: Leftovers
|turn|27
|
|move|p2a: Altaria|Roost|p2a: Altaria
|-heal|p2a: Altaria|285\/307
|move|p1a: Blissey|Thunder Wave|p2a: Altaria
|-status|p2a: Altaria|par
|
|-heal|p1a: Blissey|500\/714|[from] item: Leftovers
|turn|28
|
|switch|p2a: FREEZE|Chansey, F, shiny|492\/704
|-damage|p2a: FREEZE|404\/704|[from] Stealth Rock
|move|p1a: Blissey|Seismic Toss|p2a: FREEZE
|-damage|p2a: FREEZE|304\/704
|
|-heal|p1a: Blissey|544\/714|[from] item: Leftovers
|turn|29
|
|switch|p1a: Jirachi|Jirachi, shiny|106\/400
|move|p2a: FREEZE|Thunder Wave|p1a: Jirachi
|-status|p1a: Jirachi|par
|
|turn|30
|
|move|p2a: FREEZE|Soft-Boiled|p2a: FREEZE
|-heal|p2a: FREEZE|656\/704
|move|p1a: Jirachi|Trick|p2a: FREEZE
|-activate|p1a: Jirachi|move: Trick|[of] p2a: FREEZE
|-item|p2a: FREEZE|Choice Scarf|[from] move: Trick
|-item|p1a: Jirachi|Eviolite|[from] move: Trick
|
|turn|31
|
|move|p2a: FREEZE|Seismic Toss|p1a: Jirachi
|-damage|p1a: Jirachi|6\/400 par
|move|p1a: Jirachi|U-turn|p2a: FREEZE
|-damage|p2a: FREEZE|499\/704
|
|switch|p1a: Rotom-Wash|Rotom-Wash|86\/304
|
|-heal|p1a: Rotom-Wash|105\/304|[from] item: Leftovers
|turn|32
|
|switch|p2a: Android|Magnezone, shiny|266\/339
|-damage|p2a: Android|245\/339|[from] Stealth Rock
|move|p1a: Rotom-Wash|Pain Split|p2a: Android
|-sethp|p2a: Android|175\/339|p1a: Rotom-Wash|175\/304|[from] move: Pain Split
|
|-heal|p1a: Rotom-Wash|194\/304|[from] item: Leftovers
|turn|33
|
|switch|p1a: Jirachi|Jirachi, shiny|6\/400 par
|move|p2a: Android|Volt Switch|p1a: Jirachi
|-damage|p1a: Jirachi|0 fnt
|faint|p1a: Jirachi
|
|switch|p2a: FREEZE|Chansey, F, shiny|499\/704
|-damage|p2a: FREEZE|411\/704|[from] Stealth Rock
|
|
|switch|p1a: Rotom-Wash|Rotom-Wash|194\/304
|turn|34
|
|switch|p2a: Android|Magnezone, shiny|175\/339
|-damage|p2a: Android|154\/339|[from] Stealth Rock
|move|p1a: Rotom-Wash|Will-O-Wisp|p2a: Android
|-status|p2a: Android|brn
|
|-heal|p1a: Rotom-Wash|213\/304|[from] item: Leftovers
|-damage|p2a: Android|112\/339 brn|[from] brn
|turn|35
|
|switch|p1a: Diggersby|Diggersby, M, shiny|46\/311
|move|p2a: Android|Flash Cannon|p1a: Diggersby
|-damage|p1a: Diggersby|0 fnt
|faint|p1a: Diggersby
|
|-damage|p2a: Android|70\/339 brn|[from] brn
|
|switch|p1a: Blissey|Blissey, F, shiny|544\/714
|turn|36
|
|move|p2a: Android|Flash Cannon|p1a: Blissey
|-damage|p1a: Blissey|360\/714
|move|p1a: Blissey|Seismic Toss|p2a: Android
|-damage|p2a: Android|0 fnt
|faint|p2a: Android
|
|-heal|p1a: Blissey|404\/714|[from] item: Leftovers
|
|switch|p2a: Altaria|Altaria, M, shiny|285\/307
|-damage|p2a: Altaria|209\/307|[from] Stealth Rock
|turn|37
|
|detailschange|p2a: Altaria|Altaria-Mega, M, shiny
|message|Altaria has Mega Evolved into Mega Altaria!
|move|p2a: Altaria|Return|p1a: Blissey
|-damage|p1a: Blissey|32\/714
|move|p1a: Blissey|Thunder Wave|p2a: Altaria
|-status|p2a: Altaria|par
|
|-heal|p1a: Blissey|76\/714|[from] item: Leftovers
|turn|38
|
|move|p1a: Blissey|Soft-Boiled|p1a: Blissey
|-heal|p1a: Blissey|433\/714
|move|p2a: Altaria|Roost|p2a: Altaria
|-heal|p2a: Altaria|307\/307 par
|
|-heal|p1a: Blissey|477\/714|[from] item: Leftovers
|turn|39
|
|switch|p2a: FREEZE|Chansey, F, shiny|411\/704
|-damage|p2a: FREEZE|323\/704|[from] Stealth Rock
|move|p1a: Blissey|Soft-Boiled|p1a: Blissey
|-heal|p1a: Blissey|714\/714
|
|turn|40
|
|move|p2a: FREEZE|Aromatherapy|p2a: FREEZE
|-cureteam|p2a: FREEZE|[from] move: Aromatherapy
|move|p1a: Blissey|Seismic Toss|p2a: FREEZE
|-damage|p2a: FREEZE|223\/704
|
|turn|41
|c|★cybuster|gg
|
|switch|p2a: Altaria|Altaria-Mega, M, shiny|307\/307
|-damage|p2a: Altaria|269\/307|[from] Stealth Rock
|move|p1a: Blissey|Thunder Wave|p2a: Altaria
|-status|p2a: Altaria|par
|
|turn|42
|
|move|p1a: Blissey|Seismic Toss|p2a: Altaria
|-damage|p2a: Altaria|169\/307 par
|cant|p2a: Altaria|par
|
|turn|43
|
|move|p1a: Blissey|Seismic Toss|p2a: Altaria
|-damage|p2a: Altaria|69\/307 par
|move|p2a: Altaria|Roost|p2a: Altaria
|-heal|p2a: Altaria|223\/307 par
|
|turn|44
|
|move|p1a: Blissey|Seismic Toss|p2a: Altaria
|-damage|p2a: Altaria|123\/307 par
|move|p2a: Altaria|Dragon Dance|p2a: Altaria
|-boost|p2a: Altaria|atk|1
|-boost|p2a: Altaria|spe|1
|
|turn|45
|
|move|p1a: Blissey|Seismic Toss|p2a: Altaria
|-damage|p2a: Altaria|23\/307 par
|cant|p2a: Altaria|par
|
|turn|46
|-message|LMay forfeited.
|
|win|cybuster
|raw|Ladder updating...
|leave|LMay
|player|p2
|raw|cybuster's rating: 1436 &rarr; <strong>1457<\/strong><br \/>(+21 for winning)
|raw|LMay's rating: 1469 &rarr; <strong>1447<\/strong><br \/>(-22 for losing)