|join|sp141
|join|Alvadora
|player|p1|sp141|101
|player|p2|Alvadora|256
|gametype|singles
|gen|6
|tier|OU
|rated
|clearpoke
|poke|p1|Weavile, F
|poke|p1|Talonflame, F
|poke|p1|Starmie
|poke|p1|Rotom-Wash
|poke|p1|Heatran, M
|poke|p1|Metagross
|poke|p2|Gothitelle, F
|poke|p2|Skarmory, M
|poke|p2|Cresselia, F
|poke|p2|Quagsire, M
|poke|p2|Sableye, F
|poke|p2|Chansey, F
|rule|Swagger Clause: Swagger is banned
|rule|Baton Pass Clause: Limit one Pokémon knowing Baton Pass
|rule|Sleep Clause Mod: Limit one foe put to sleep
|rule|Species Clause: Limit one of each Pokémon
|rule|OHKO Clause: OHKO moves are banned
|rule|Moody Clause: Moody is banned
|rule|Evasion Moves Clause: Evasion moves are banned
|rule|Endless Battle Clause: Forcing endless battles is banned
|rule|HP Percentage Mod: HP is shown in percentages
|teampreview
|join|JohnxYiu
|
|start
|switch|p1a: Talonflame|Talonflame, F|319\/319
|switch|p2a: Chansey|Chansey, F|642\/642
|turn|1
|
|switch|p1a: Heatran|Heatran, M|324\/324
|-item|p1a: Heatran|Air Balloon
|move|p2a: Chansey|Stealth Rock|p1a: Heatran
|-sidestart|p1: sp141|move: Stealth Rock
|
|turn|2
|
|move|p1a: Heatran|Stealth Rock|p2a: Chansey
|-sidestart|p2: Alvadora|move: Stealth Rock
|move|p2a: Chansey|Seismic Toss|p1a: Heatran
|-damage|p1a: Heatran|224\/324
|-enditem|p1a: Heatran|Air Balloon
|
|turn|3
|
|switch|p1a: Starmie|Starmie|324\/324
|-damage|p1a: Starmie|284\/324|[from] Stealth Rock
|move|p2a: Chansey|Seismic Toss|p1a: Starmie
|-damage|p1a: Starmie|184\/324
|
|-heal|p1a: Starmie|204\/324|[from] item: Leftovers
|turn|4
|
|switch|p2a: Gothitelle|Gothitelle, F|301\/301
|-damage|p2a: Gothitelle|264\/301|[from] Stealth Rock
|move|p1a: Starmie|Scald|p2a: Gothitelle
|-damage|p2a: Gothitelle|171\/301
|
|-heal|p1a: Starmie|224\/324|[from] item: Leftovers
|turn|5
|
|switch|p2a: Chansey|Chansey, F|642\/642
|-damage|p2a: Chansey|562\/642|[from] Stealth Rock
|move|p1a: Starmie|Scald|p2a: Chansey
|-damage|p2a: Chansey|508\/642
|
|-heal|p1a: Starmie|244\/324|[from] item: Leftovers
|turn|6
|
|move|p1a: Starmie|Scald|p2a: Chansey
|-damage|p2a: Chansey|457\/642
|move|p2a: Chansey|Seismic Toss|p1a: Starmie
|-damage|p1a: Starmie|144\/324
|
|-heal|p1a: Starmie|164\/324|[from] item: Leftovers
|turn|7
|
|move|p1a: Starmie|Rapid Spin|p2a: Chansey
|-damage|p2a: Chansey|443\/642
|-sideend|p1: sp141|Stealth Rock|[from] move: Rapid Spin|[of] p1a: Starmie
|move|p2a: Chansey|Seismic Toss|p1a: Starmie
|-damage|p1a: Starmie|64\/324
|
|-heal|p1a: Starmie|84\/324|[from] item: Leftovers
|turn|8
|
|move|p1a: Starmie|Recover|p1a: Starmie
|-heal|p1a: Starmie|246\/324
|move|p2a: Chansey|Stealth Rock|p1a: Starmie
|-sidestart|p1: sp141|move: Stealth Rock
|
|-heal|p1a: Starmie|266\/324|[from] item: Leftovers
|turn|9
|
|switch|p2a: Sableye|Sableye, F|303\/303
|-damage|p2a: Sableye|266\/303|[from] Stealth Rock
|move|p1a: Starmie|Scald|p2a: Sableye
|-damage|p2a: Sableye|169\/303
|
|-heal|p1a: Starmie|286\/324|[from] item: Leftovers
|turn|10
|
|switch|p1a: Talonflame|Talonflame, F|319\/319
|-damage|p1a: Talonflame|160\/319|[from] Stealth Rock
|detailschange|p2a: Sableye|Sableye-Mega, F
|-mega|p2a: Sableye|Sableye|Sablenite
|move|p2a: Sableye|Recover|p2a: Sableye
|-heal|p2a: Sableye|303\/303
|
|turn|11
|join|U got Solid Snake
|
|switch|p2a: Quagsire|Quagsire, M|394\/394
|-damage|p2a: Quagsire|370\/394|[from] Stealth Rock
|move|p1a: Talonflame|Roost|p1a: Talonflame
|-heal|p1a: Talonflame|319\/319
|
|-heal|p2a: Quagsire|394\/394|[from] item: Leftovers
|turn|12
|
|switch|p1a: Starmie|Starmie|286\/324
|-damage|p1a: Starmie|246\/324|[from] Stealth Rock
|move|p2a: Quagsire|Toxic|p1a: Starmie
|-status|p1a: Starmie|tox
|
|-heal|p1a: Starmie|266\/324 tox|[from] item: Leftovers
|-damage|p1a: Starmie|246\/324 tox|[from] psn
|turn|13
|
|switch|p2a: Sableye|Sableye-Mega, F|303\/303
|-damage|p2a: Sableye|266\/303|[from] Stealth Rock
|move|p1a: Starmie|Scald|p2a: Sableye
|-damage|p2a: Sableye|200\/303
|
|-heal|p1a: Starmie|266\/324 tox|[from] item: Leftovers
|-damage|p1a: Starmie|226\/324 tox|[from] psn
|turn|14
|join|Swaqfeq
|
|move|p1a: Starmie|Scald|p2a: Sableye
|-damage|p2a: Sableye|131\/303
|move|p2a: Sableye|Recover|p2a: Sableye
|-heal|p2a: Sableye|283\/303
|
|-heal|p1a: Starmie|246\/324 tox|[from] item: Leftovers
|-damage|p1a: Starmie|186\/324 tox|[from] psn
|turn|15
|
|switch|p1a: Talonflame|Talonflame, F|319\/319
|-damage|p1a: Talonflame|160\/319|[from] Stealth Rock
|move|p2a: Sableye|Snarl|p1a: Talonflame
|-damage|p1a: Talonflame|79\/319
|-unboost|p1a: Talonflame|spa|1
|
|turn|16
|
|switch|p2a: Quagsire|Quagsire, M|394\/394
|-damage|p2a: Quagsire|370\/394|[from] Stealth Rock
|move|p1a: Talonflame|Roost|p1a: Talonflame
|-heal|p1a: Talonflame|239\/319
|
|-heal|p2a: Quagsire|394\/394|[from] item: Leftovers
|turn|17
|
|switch|p1a: Starmie|Starmie|186\/324
|-damage|p1a: Starmie|146\/324|[from] Stealth Rock
|move|p2a: Quagsire|Scald|p1a: Starmie
|-resisted|p1a: Starmie
|-damage|p1a: Starmie|106\/324
|
|-heal|p1a: Starmie|126\/324|[from] item: Leftovers
|turn|18
|
|switch|p2a: Sableye|Sableye-Mega, F|283\/303
|-damage|p2a: Sableye|246\/303|[from] Stealth Rock
|move|p1a: Starmie|Recover|p1a: Starmie
|-heal|p1a: Starmie|288\/324
|
|-heal|p1a: Starmie|308\/324|[from] item: Leftovers
|turn|19
|join|bluri
|
|move|p1a: Starmie|Scald|p2a: Sableye
|-damage|p2a: Sableye|180\/303
|move|p2a: Sableye|Calm Mind|p2a: Sableye
|-boost|p2a: Sableye|spa|1
|-boost|p2a: Sableye|spd|1
|
|-heal|p1a: Starmie|324\/324|[from] item: Leftovers
|turn|20
|c|★Alvadora|mind if you make your moves a little faster? idw this to take too long
|c|★sp141|lag
|c|★Alvadora|oh ok
|
|move|p1a: Starmie|Scald|p2a: Sableye
|-crit|p2a: Sableye
|-damage|p2a: Sableye|78\/303
|move|p2a: Sableye|Recover|p2a: Sableye
|-heal|p2a: Sableye|230\/303
|
|turn|21
|
|move|p1a: Starmie|Scald|p2a: Sableye
|-damage|p2a: Sableye|184\/303
|move|p2a: Sableye|Snarl|p1a: Starmie
|-supereffective|p1a: Starmie
|-damage|p1a: Starmie|126\/324
|-unboost|p1a: Starmie|spa|1
|
|-heal|p1a: Starmie|146\/324|[from] item: Leftovers
|turn|22
|
|move|p1a: Starmie|Scald|p2a: Sableye
|-damage|p2a: Sableye|150\/303
|move|p2a: Sableye|Recover|p2a: Sableye
|-heal|p2a: Sableye|302\/303
|
|-heal|p1a: Starmie|166\/324|[from] item: Leftovers
|turn|23
|c|★sp141|..............................
|c|★Alvadora|?
|c|★sp141|10 scalds
|c|★sp141|no burn
|
|move|p1a: Starmie|Scald|p2a: Sableye
|-damage|p2a: Sableye|268\/303
|move|p2a: Sableye|Snarl|p1a: Starmie
|-supereffective|p1a: Starmie
|-damage|p1a: Starmie|0 fnt
|faint|p1a: Starmie
|
|
|switch|p1a: Talonflame|Talonflame, F|239\/319
|-damage|p1a: Talonflame|80\/319|[from] Stealth Rock
|turn|24
|
|switch|p2a: Quagsire|Quagsire, M|394\/394
|-damage|p2a: Quagsire|370\/394|[from] Stealth Rock
|move|p1a: Talonflame|Roost|p1a: Talonflame
|-heal|p1a: Talonflame|240\/319
|
|-heal|p2a: Quagsire|394\/394|[from] item: Leftovers
|turn|25
|
|switch|p1a: Rotom-Wash|Rotom-Wash|304\/304
|-damage|p1a: Rotom-Wash|266\/304|[from] Stealth Rock
|move|p2a: Quagsire|Scald|p1a: Rotom-Wash
|-resisted|p1a: Rotom-Wash
|-damage|p1a: Rotom-Wash|236\/304
|
|turn|26
|
|move|p1a: Rotom-Wash|Volt Switch|p2a: Quagsire
|-immune|p2a: Quagsire|[msg]
|move|p2a: Quagsire|Toxic|p1a: Rotom-Wash
|-status|p1a: Rotom-Wash|tox
|
|-damage|p1a: Rotom-Wash|217\/304 tox|[from] psn
|turn|27
|c|★sp141|seriously?
|c|★sp141|jesus...
|
|move|p1a: Rotom-Wash|Volt Switch|p2a: Quagsire
|-immune|p2a: Quagsire|[msg]
|move|p2a: Quagsire|Recover|p2a: Quagsire
|-fail|p2a: Quagsire
|
|-damage|p1a: Rotom-Wash|179\/304 tox|[from] psn
|turn|28
|
|switch|p1a: Heatran|Heatran, M|224\/324
|-damage|p1a: Heatran|184\/324|[from] Stealth Rock
|switch|p2a: Chansey|Chansey, F|443\/642
|-damage|p2a: Chansey|363\/642|[from] Stealth Rock
|
|turn|29
|c| bluri|lol
|
|move|p1a: Heatran|Taunt|p2a: Chansey
|-start|p2a: Chansey|move: Taunt
|cant|p2a: Chansey|move: Taunt|Soft-Boiled
|
|turn|30
|
|switch|p2a: Quagsire|Quagsire, M|394\/394
|-damage|p2a: Quagsire|370\/394|[from] Stealth Rock
|move|p1a: Heatran|Lava Plume|p2a: Quagsire
|-resisted|p2a: Quagsire
|-damage|p2a: Quagsire|269\/394
|
|-heal|p2a: Quagsire|293\/394|[from] item: Leftovers
|turn|31
|
|move|p1a: Heatran|Will-O-Wisp|p2a: Quagsire|[miss]
|-miss|p1a: Heatran|p2a: Quagsire
|move|p2a: Quagsire|Earthquake|p1a: Heatran
|-supereffective|p1a: Heatran
|-damage|p1a: Heatran|0 fnt
|faint|p1a: Heatran
|
|-heal|p2a: Quagsire|317\/394|[from] item: Leftovers
|c|★sp141|LMAO
|c|★Alvadora|sorry
|
|switch|p1a: Rotom-Wash|Rotom-Wash|179\/304 tox
|-damage|p1a: Rotom-Wash|141\/304 tox|[from] Stealth Rock
|turn|32
|
|move|p1a: Rotom-Wash|Hydro Pump|p2a: Quagsire
|-damage|p2a: Quagsire|0 fnt
|faint|p2a: Quagsire
|
|-damage|p1a: Rotom-Wash|122\/304 tox|[from] psn
|c|★Alvadora|dafuq
|c|★Alvadora|is that like specs
|
|switch|p2a: Chansey|Chansey, F|363\/642
|-damage|p2a: Chansey|283\/642|[from] Stealth Rock
|turn|33
|
|switch|p1a: Metagross|Metagross|302\/302
|-damage|p1a: Metagross|284\/302|[from] Stealth Rock
|move|p2a: Chansey|Soft-Boiled|p2a: Chansey
|-heal|p2a: Chansey|604\/642
|
|turn|34
|leave|bluri
|
|switch|p2a: Skarmory|Skarmory, M|334\/334
|-damage|p2a: Skarmory|293\/334|[from] Stealth Rock
|detailschange|p1a: Metagross|Metagross-Mega
|-mega|p1a: Metagross|Metagross|Metagrossite
|move|p1a: Metagross|Hammer Arm|p2a: Skarmory
|-damage|p2a: Skarmory|202\/334
|-unboost|p1a: Metagross|spe|1
|
|turn|35
|
|switch|p2a: Sableye|Sableye-Mega, F|268\/303
|-damage|p2a: Sableye|231\/303|[from] Stealth Rock
|move|p1a: Metagross|Hammer Arm|p2a: Sableye
|-immune|p2a: Sableye|[msg]
|
|turn|36
|
|move|p1a: Metagross|Meteor Mash|p2a: Sableye|[miss]
|-miss|p1a: Metagross|p2a: Sableye
|move|p2a: Sableye|Snarl|p1a: Metagross
|-supereffective|p1a: Metagross
|-damage|p1a: Metagross|180\/302
|-unboost|p1a: Metagross|spa|1
|
|turn|37
|
|switch|p1a: Rotom-Wash|Rotom-Wash|122\/304 tox
|-damage|p1a: Rotom-Wash|84\/304 tox|[from] Stealth Rock
|move|p2a: Sableye|Will-O-Wisp|p1a: Rotom-Wash|[miss]
|-miss|p2a: Sableye|p1a: Rotom-Wash
|
|-damage|p1a: Rotom-Wash|65\/304 tox|[from] psn
|turn|38
|
|move|p1a: Rotom-Wash|Volt Switch|p2a: Sableye
|-damage|p2a: Sableye|87\/303
|
|switch|p1a: Talonflame|Talonflame, F|240\/319
|-damage|p1a: Talonflame|81\/319|[from] Stealth Rock
|move|p2a: Sableye|Recover|p2a: Sableye
|-heal|p2a: Sableye|239\/303
|
|turn|39
|
|switch|p2a: Cresselia|Cresselia, F|444\/444
|-damage|p2a: Cresselia|389\/444|[from] Stealth Rock
|move|p1a: Talonflame|Roost|p1a: Talonflame
|-heal|p1a: Talonflame|241\/319
|
|-heal|p2a: Cresselia|416\/444|[from] item: Leftovers
|turn|40
|
|switch|p1a: Metagross|Metagross-Mega|180\/302
|-damage|p1a: Metagross|162\/302|[from] Stealth Rock
|move|p2a: Cresselia|Thunder Wave|p1a: Metagross
|-status|p1a: Metagross|par
|
|-heal|p2a: Cresselia|443\/444|[from] item: Leftovers
|turn|41
|
|switch|p2a: Gothitelle|Gothitelle, F|171\/301
|-damage|p2a: Gothitelle|134\/301|[from] Stealth Rock
|move|p1a: Metagross|Meteor Mash|p2a: Gothitelle
|-damage|p2a: Gothitelle|0 fnt
|faint|p2a: Gothitelle
|
|
|switch|p2a: Sableye|Sableye-Mega, F|239\/303
|-damage|p2a: Sableye|202\/303|[from] Stealth Rock
|turn|42
|
|move|p1a: Metagross|Meteor Mash|p2a: Sableye
|-damage|p2a: Sableye|39\/303
|move|p2a: Sableye|Recover|p2a: Sableye
|-heal|p2a: Sableye|191\/303
|
|turn|43
|
|cant|p1a: Metagross|par
|move|p2a: Sableye|Snarl|p1a: Metagross
|-supereffective|p1a: Metagross
|-damage|p1a: Metagross|52\/302 par
|-unboost|p1a: Metagross|spa|1
|
|turn|44
|
|move|p1a: Metagross|Meteor Mash|p2a: Sableye
|-damage|p2a: Sableye|40\/303
|move|p2a: Sableye|Snarl|p1a: Metagross
|-supereffective|p1a: Metagross
|-damage|p1a: Metagross|0 fnt
|faint|p1a: Metagross
|
|
|switch|p1a: Rotom-Wash|Rotom-Wash|65\/304 tox
|-damage|p1a: Rotom-Wash|27\/304 tox|[from] Stealth Rock
|turn|45
|
|move|p1a: Rotom-Wash|Thunderbolt|p2a: Sableye
|-damage|p2a: Sableye|0 fnt
|faint|p2a: Sableye
|
|-damage|p1a: Rotom-Wash|8\/304 tox|[from] psn
|
|switch|p2a: Chansey|Chansey, F|604\/642
|-damage|p2a: Chansey|524\/642|[from] Stealth Rock
|turn|46
|
|move|p1a: Rotom-Wash|Thunderbolt|p2a: Chansey
|-damage|p2a: Chansey|407\/642
|move|p2a: Chansey|Soft-Boiled|p2a: Chansey
|-heal|p2a: Chansey|642\/642
|
|-damage|p1a: Rotom-Wash|0 fnt|[from] psn
|faint|p1a: Rotom-Wash
|leave|Swaqfeq
|c|★Alvadora|quagsire would had been so useful against these last 2mons
|c|★Alvadora|damn this specs rotom
|
|switch|p1a: Talonflame|Talonflame, F|241\/319
|-damage|p1a: Talonflame|82\/319|[from] Stealth Rock
|turn|47
|
|switch|p2a: Cresselia|Cresselia, F|443\/444
|-damage|p2a: Cresselia|388\/444|[from] Stealth Rock
|move|p1a: Talonflame|Roost|p1a: Talonflame
|-heal|p1a: Talonflame|242\/319
|
|-heal|p2a: Cresselia|415\/444|[from] item: Leftovers
|turn|48
|
|move|p1a: Talonflame|Swords Dance|p1a: Talonflame
|-boost|p1a: Talonflame|atk|2
|move|p2a: Cresselia|Thunder Wave|p1a: Talonflame
|-status|p1a: Talonflame|par
|
|-heal|p2a: Cresselia|442\/444|[from] item: Leftovers
|turn|49
|
|switch|p2a: Skarmory|Skarmory, M|202\/334
|-damage|p2a: Skarmory|161\/334|[from] Stealth Rock
|move|p1a: Talonflame|Roost|p1a: Talonflame
|-heal|p1a: Talonflame|319\/319 par
|
|turn|50
|
|move|p2a: Skarmory|Roost|p2a: Skarmory
|-heal|p2a: Skarmory|328\/334
|cant|p1a: Talonflame|par
|
|turn|51
|
|move|p2a: Skarmory|Brave Bird|p1a: Talonflame
|-damage|p1a: Talonflame|172\/319 par
|-damage|p2a: Skarmory|279\/334|[from] recoil|[of] p1a: Talonflame
|cant|p1a: Talonflame|par
|
|turn|52
|c|★sp141|how lucky can someone be?
|
|move|p1a: Talonflame|Roost|p1a: Talonflame
|-heal|p1a: Talonflame|319\/319 par
|move|p2a: Skarmory|Roost|p2a: Skarmory
|-heal|p2a: Skarmory|334\/334
|
|turn|53
|
|move|p2a: Skarmory|Brave Bird|p1a: Talonflame
|-damage|p1a: Talonflame|157\/319 par
|-damage|p2a: Skarmory|281\/334|[from] recoil|[of] p1a: Talonflame
|move|p1a: Talonflame|Flare Blitz|p2a: Skarmory
|-supereffective|p2a: Skarmory
|-damage|p2a: Skarmory|0 fnt
|-damage|p1a: Talonflame|64\/319 par|[from] recoil|[of] p2a: Skarmory
|faint|p2a: Skarmory
|
|
|switch|p2a: Chansey|Chansey, F|642\/642
|-damage|p2a: Chansey|562\/642|[from] Stealth Rock
|turn|54
|
|cant|p1a: Talonflame|par
|move|p2a: Chansey|Seismic Toss|p1a: Talonflame
|-damage|p1a: Talonflame|0 fnt
|faint|p1a: Talonflame
|
|
|switch|p1a: Weavile|Weavile, F|281\/281
|-damage|p1a: Weavile|211\/281|[from] Stealth Rock
|-ability|p1a: Weavile|Pressure
|turn|55
|c| U got Solid Snake|had chance win there
|
|move|p1a: Weavile|Swords Dance|p1a: Weavile
|-boost|p1a: Weavile|atk|2
|move|p2a: Chansey|Seismic Toss|p1a: Weavile
|-damage|p1a: Weavile|111\/281
|
|turn|56
|join|Swaqfeq
|c| Swaqfeq|not good
|c|★Alvadora|+2 252 Atk Life Orb Weavile Knock Off (97.5 BP) vs. 4 HP \/ 252+ Def Eviolite Chansey: 516-608 (80.3 - 94.7%) -- guaranteed 2HKO
|c|★Alvadora|lets pray
|
|move|p1a: Weavile|Icicle Crash|p2a: Chansey
|-damage|p2a: Chansey|110\/642
|-damage|p1a: Weavile|83\/281|[from] item: Life Orb
|cant|p2a: Chansey|flinch
|
|turn|57
|c| Swaqfeq|LOLOL
|c| Swaqfeq|OMG
|c| U got Solid Snake|lol
|c|★Alvadora|LOOOOOL
|c| Swaqfeq|HE CHOKED SO HARD
|c| Swaqfeq|AND GOT REWARDED
|
|move|p1a: Weavile|Knock Off|p2a: Chansey
|-damage|p2a: Chansey|0 fnt
|-enditem|p2a: Chansey|Eviolite|[from] move: Knock Off|[of] p1a: Weavile
|-damage|p1a: Weavile|55\/281|[from] item: Life Orb
|faint|p2a: Chansey
|
|
|switch|p2a: Cresselia|Cresselia, F|442\/444
|-damage|p2a: Cresselia|387\/444|[from] Stealth Rock
|turn|58
|c| Swaqfeq|ohkoes rite?
|c|★Alvadora|o'well
|
|move|p1a: Weavile|Knock Off|p2a: Cresselia
|-supereffective|p2a: Cresselia
|-damage|p2a: Cresselia|0 fnt
|-enditem|p2a: Cresselia|Leftovers|[from] move: Knock Off|[of] p1a: Weavile
|-damage|p1a: Weavile|27\/281|[from] item: Life Orb
|faint|p2a: Cresselia
|
|win|sp141
|raw|Ladder updating...
|raw|sp141's rating: 1747 &rarr; <strong>1762<\/strong><br \/>(+15 for winning)
|raw|Alvadora's rating: 1650 &rarr; <strong>1635<\/strong><br \/>(-15 for losing)
|c|★Alvadora|i should had used cres to kill taloflame
|c|★Alvadora|so i can twave this first
|c| Swaqfeq|That choke