|join|Alvadora
|join|Murkrow Jupiter
|player|p1|Alvadora|256
|player|p2|Murkrow Jupiter|261
|gametype|singles
|gen|6
|tier|OU
|clearpoke
|poke|p1|Ludicolo, M, shiny
|poke|p1|Politoed, F
|poke|p1|Kingdra, M
|poke|p1|Tornadus-Therian, M
|poke|p1|Swampert, M
|poke|p1|Skarmory, F
|poke|p2|Vaporeon, F
|poke|p2|Scizor, M, shiny
|poke|p2|Entei, shiny
|poke|p2|Zapdos, shiny
|poke|p2|Krookodile, M
|poke|p2|Gengar, M, shiny
|rule|Swagger Clause: Swagger is banned
|rule|Baton Pass Clause: Limit one Pokémon knowing Baton Pass
|rule|Sleep Clause Mod: Limit one foe put to sleep
|rule|Species Clause: Limit one of each Pokémon
|rule|OHKO Clause: OHKO moves are banned
|rule|Moody Clause: Moody is banned
|rule|Evasion Moves Clause: Evasion moves are banned
|rule|Endless Battle Clause: Forcing endless battles is banned
|rule|HP Percentage Mod: HP is shown in percentages
|teampreview
|join|REDxLOTUS
|
|start
|switch|p1a: Skarmory|Skarmory, F|334\/334
|switch|p2a: G8erade|Krookodile, M|394\/394
|-ability|p2a: G8erade|Intimidate|[of] p1a: Skarmory
|-unboost|p1a: Skarmory|atk|1
|turn|1
|join|julianna
|
|move|p2a: G8erade|Stealth Rock|p1a: Skarmory
|-sidestart|p1: Alvadora|move: Stealth Rock
|move|p1a: Skarmory|Stealth Rock|p2a: G8erade
|-sidestart|p2: Murkrow Jupiter|move: Stealth Rock
|
|turn|2
|
|move|p2a: G8erade|Knock Off|p1a: Skarmory
|-damage|p1a: Skarmory|258\/334
|-enditem|p1a: Skarmory|Mental Herb|[from] move: Knock Off|[of] p2a: G8erade
|move|p1a: Skarmory|Spikes|p2a: G8erade
|-sidestart|p2: Murkrow Jupiter|Spikes
|
|turn|3
|
|switch|p1a: Politoed|Politoed, F|384\/384
|-damage|p1a: Politoed|336\/384|[from] Stealth Rock
|-weather|RainDance
|move|p2a: G8erade|Taunt|p1a: Politoed
|-start|p1a: Politoed|move: Taunt
|
|-weather|RainDance|[upkeep]
|turn|4
|leave|julianna
|
|switch|p1a: Swampert|Swampert, M|342\/342
|-damage|p1a: Swampert|321\/342|[from] Stealth Rock
|move|p2a: G8erade|Knock Off|p1a: Swampert
|-damage|p1a: Swampert|224\/342
|
|-weather|RainDance|[upkeep]
|turn|5
|join|Gvj
|
|switch|p2a: Vitamin Water|Vaporeon, F|464\/464
|-damage|p2a: Vitamin Water|406\/464|[from] Stealth Rock
|-damage|p2a: Vitamin Water|348\/464|[from] Spikes
|detailschange|p1a: Swampert|Swampert-Mega, M
|message|Swampert has Mega Evolved into Mega Swampert!
|move|p1a: Swampert|Waterfall|p2a: Vitamin Water
|-heal|p2a: Vitamin Water|464\/464|[from] ability: Water Absorb|[of] p1a: Swampert
|
|-weather|RainDance|[upkeep]
|turn|6
|
|switch|p1a: Ludicolo|Ludicolo, M, shiny|309\/309
|-damage|p1a: Ludicolo|271\/309|[from] Stealth Rock
|move|p2a: Vitamin Water|Scald|p1a: Ludicolo
|-resisted|p1a: Ludicolo
|-damage|p1a: Ludicolo|230\/309
|
|-weather|RainDance|[upkeep]
|turn|7
|
|switch|p2a: Fanta (grape)|Gengar, M, shiny|268\/268
|-damage|p2a: Fanta (grape)|235\/268|[from] Stealth Rock
|move|p1a: Ludicolo|Giga Drain|p2a: Fanta (grape)
|-resisted|p2a: Fanta (grape)
|-damage|p2a: Fanta (grape)|143\/268
|-heal|p1a: Ludicolo|276\/309|[from] drain|[of] p2a: Fanta (grape)
|-damage|p1a: Ludicolo|246\/309|[from] item: Life Orb
|
|-weather|RainDance|[upkeep]
|-heal|p2a: Fanta (grape)|159\/268|[from] item: Black Sludge
|turn|8
|join|Tokyo Tom
|
|switch|p2a: Vitamin Water|Vaporeon, F|464\/464
|-damage|p2a: Vitamin Water|406\/464|[from] Spikes
|-damage|p2a: Vitamin Water|348\/464|[from] Stealth Rock
|move|p1a: Ludicolo|Hydro Pump|p2a: Vitamin Water
|-heal|p2a: Vitamin Water|464\/464|[from] ability: Water Absorb|[of] p1a: Ludicolo
|
|-weather|RainDance|[upkeep]
|turn|9
|c|★Alvadora|lol
|join|Orei
|
|move|p2a: Vitamin Water|Protect|p2a: Vitamin Water
|-singleturn|p2a: Vitamin Water|Protect
|move|p1a: Ludicolo|Giga Drain|p2a: Vitamin Water
|-activate|p2a: Vitamin Water|Protect
|
|-weather|RainDance|[upkeep]
|turn|10
|
|move|p1a: Ludicolo|Giga Drain|p2a: Vitamin Water
|-supereffective|p2a: Vitamin Water
|-damage|p2a: Vitamin Water|136\/464
|-heal|p1a: Ludicolo|309\/309|[from] drain|[of] p2a: Vitamin Water
|-damage|p1a: Ludicolo|279\/309|[from] item: Life Orb
|move|p2a: Vitamin Water|Scald|p1a: Ludicolo
|-resisted|p1a: Ludicolo
|-damage|p1a: Ludicolo|242\/309
|
|-weather|none
|-heal|p2a: Vitamin Water|165\/464|[from] item: Leftovers
|turn|11
|
|switch|p2a: Mtn Dew Voltage|Zapdos, shiny|384\/384
|-damage|p2a: Mtn Dew Voltage|288\/384|[from] Stealth Rock
|-ability|p2a: Mtn Dew Voltage|Pressure
|move|p1a: Ludicolo|Ice Beam|p2a: Mtn Dew Voltage
|-supereffective|p2a: Mtn Dew Voltage
|-damage|p2a: Mtn Dew Voltage|77\/384
|-damage|p1a: Ludicolo|212\/309|[from] item: Life Orb
|
|-heal|p2a: Mtn Dew Voltage|101\/384|[from] item: Leftovers
|turn|12
|join|Demandred
|
|move|p2a: Mtn Dew Voltage|Defog|p1a: Ludicolo
|-unboost|p1a: Ludicolo|evasion|1
|-sideend|p1: Alvadora|Stealth Rock|[from] move: Defog|[of] p1a: Ludicolo
|-sideend|p2: Murkrow Jupiter|Spikes|[from] move: Defog|[of] p2a: Mtn Dew Voltage
|-sideend|p2: Murkrow Jupiter|Stealth Rock|[from] move: Defog|[of] p2a: Mtn Dew Voltage
|move|p1a: Ludicolo|Ice Beam|p2a: Mtn Dew Voltage
|-supereffective|p2a: Mtn Dew Voltage
|-damage|p2a: Mtn Dew Voltage|0 fnt
|-damage|p1a: Ludicolo|182\/309|[from] item: Life Orb
|faint|p2a: Mtn Dew Voltage
|
|leave|Orei
|
|switch|p2a: Fanta (grape)|Gengar, M, shiny|159\/268
|turn|13
|
|switch|p1a: Tornadus-Therian|Tornadus-Therian, M|334\/334
|move|p2a: Fanta (grape)|Shadow Ball|p1a: Tornadus-Therian
|-damage|p1a: Tornadus-Therian|241\/334
|
|-heal|p2a: Fanta (grape)|175\/268|[from] item: Black Sludge
|turn|14
|
|switch|p2a: Monster Energy|Scizor, M, shiny|343\/343
|move|p1a: Tornadus-Therian|U-turn|p2a: Monster Energy
|-resisted|p2a: Monster Energy
|-damage|p2a: Monster Energy|318\/343
|
|switch|p1a: Politoed|Politoed, F|336\/384
|-weather|RainDance
|
|-weather|RainDance|[upkeep]
|turn|15
|
|switch|p2a: G8erade|Krookodile, M|394\/394
|-ability|p2a: G8erade|Intimidate|[of] p1a: Politoed
|-unboost|p1a: Politoed|atk|1
|switch|p1a: Tornadus-Therian|Tornadus-Therian, M|334\/334
|
|-weather|RainDance|[upkeep]
|turn|16
|
|move|p1a: Tornadus-Therian|Hurricane|p2a: G8erade
|-damage|p2a: G8erade|166\/394
|move|p2a: G8erade|Stealth Rock|p1a: Tornadus-Therian
|-sidestart|p1: Alvadora|move: Stealth Rock
|
|-weather|RainDance|[upkeep]
|-heal|p2a: G8erade|190\/394|[from] item: Leftovers
|turn|17
|
|switch|p2a: Red Bull (Wiings)|Entei, shiny|371\/371
|-ability|p2a: Red Bull (Wiings)|Pressure
|move|p1a: Tornadus-Therian|U-turn|p2a: Red Bull (Wiings)
|-resisted|p2a: Red Bull (Wiings)
|-damage|p2a: Red Bull (Wiings)|344\/371
|
|switch|p1a: Swampert|Swampert-Mega, M|224\/342
|-damage|p1a: Swampert|203\/342|[from] Stealth Rock
|
|-weather|RainDance|[upkeep]
|turn|18
|
|switch|p2a: Fanta (grape)|Gengar, M, shiny|175\/268
|move|p1a: Swampert|Earthquake|p2a: Fanta (grape)
|-immune|p2a: Fanta (grape)|[msg]
|
|-weather|RainDance|[upkeep]
|-heal|p2a: Fanta (grape)|191\/268|[from] item: Black Sludge
|turn|19
|
|move|p1a: Swampert|Earthquake|p2a: Fanta (grape)
|-immune|p2a: Fanta (grape)|[msg]
|move|p2a: Fanta (grape)|Will-O-Wisp|p1a: Swampert
|-status|p1a: Swampert|brn
|
|-weather|RainDance|[upkeep]
|-heal|p2a: Fanta (grape)|207\/268|[from] item: Black Sludge
|-damage|p1a: Swampert|161\/342 brn|[from] brn
|turn|20
|c|★Alvadora|urghh
|
|switch|p2a: Vitamin Water|Vaporeon, F|165\/464
|move|p1a: Swampert|Waterfall|p2a: Vitamin Water
|-heal|p2a: Vitamin Water|281\/464|[from] ability: Water Absorb|[of] p1a: Swampert
|
|-weather|RainDance|[upkeep]
|-heal|p2a: Vitamin Water|310\/464|[from] item: Leftovers
|-damage|p1a: Swampert|119\/342 brn|[from] brn
|turn|21
|
|switch|p1a: Skarmory|Skarmory, F|258\/334
|-damage|p1a: Skarmory|217\/334|[from] Stealth Rock
|move|p2a: Vitamin Water|Wish|p2a: Vitamin Water
|
|-weather|none
|-heal|p2a: Vitamin Water|339\/464|[from] item: Leftovers
|turn|22
|join|Yrs
|
|switch|p2a: G8erade|Krookodile, M|190\/394
|-ability|p2a: G8erade|Intimidate|[of] p1a: Skarmory
|-unboost|p1a: Skarmory|atk|1
|move|p1a: Skarmory|Stealth Rock|p2a: G8erade
|-sidestart|p2: Murkrow Jupiter|move: Stealth Rock
|
|-heal|p2a: G8erade|394\/394|[from] move: Wish|[wisher] Vitamin Water
|turn|23
|leave|Yrs
|
|move|p2a: G8erade|Taunt|p1a: Skarmory
|-start|p1a: Skarmory|move: Taunt
|cant|p1a: Skarmory|move: Taunt|Taunt
|
|turn|24
|
|switch|p1a: Politoed|Politoed, F|336\/384
|-damage|p1a: Politoed|288\/384|[from] Stealth Rock
|-weather|RainDance
|move|p2a: G8erade|Knock Off|p1a: Politoed
|-damage|p1a: Politoed|180\/384
|-enditem|p1a: Politoed|Damp Rock|[from] move: Knock Off|[of] p2a: G8erade
|
|-weather|RainDance|[upkeep]
|turn|25
|c| Gvj|Lel
|
|switch|p2a: Vitamin Water|Vaporeon, F|339\/464
|-damage|p2a: Vitamin Water|281\/464|[from] Stealth Rock
|switch|p1a: Ludicolo|Ludicolo, M, shiny|182\/309
|-damage|p1a: Ludicolo|144\/309|[from] Stealth Rock
|
|-weather|RainDance|[upkeep]
|-heal|p2a: Vitamin Water|310\/464|[from] item: Leftovers
|turn|26
|
|switch|p2a: Monster Energy|Scizor, M, shiny|318\/343
|-damage|p2a: Monster Energy|276\/343|[from] Stealth Rock
|move|p1a: Ludicolo|Giga Drain|p2a: Monster Energy
|-resisted|p2a: Monster Energy
|-damage|p2a: Monster Energy|233\/343
|-heal|p1a: Ludicolo|166\/309|[from] drain|[of] p2a: Monster Energy
|-damage|p1a: Ludicolo|136\/309|[from] item: Life Orb
|
|-weather|RainDance|[upkeep]
|turn|27
|
|detailschange|p2a: Monster Energy|Scizor-Mega, M, shiny
|message|Scizor has Mega Evolved into Mega Scizor!
|move|p2a: Monster Energy|Bullet Punch|p1a: Ludicolo
|-resisted|p1a: Ludicolo
|-damage|p1a: Ludicolo|59\/309
|move|p1a: Ludicolo|Hydro Pump|p2a: Monster Energy
|-crit|p2a: Monster Energy
|-damage|p2a: Monster Energy|0 fnt
|-damage|p1a: Ludicolo|29\/309|[from] item: Life Orb
|faint|p2a: Monster Energy
|
|-weather|RainDance|[upkeep]
|
|switch|p2a: Red Bull (Wiings)|Entei, shiny|344\/371
|-damage|p2a: Red Bull (Wiings)|252\/371|[from] Stealth Rock
|-ability|p2a: Red Bull (Wiings)|Pressure
|turn|28
|
|move|p2a: Red Bull (Wiings)|Extreme Speed|p1a: Ludicolo
|-damage|p1a: Ludicolo|0 fnt
|faint|p1a: Ludicolo
|
|-weather|RainDance|[upkeep]
|
|switch|p1a: Skarmory|Skarmory, F|217\/334
|-damage|p1a: Skarmory|176\/334|[from] Stealth Rock
|turn|29
|
|move|p2a: Red Bull (Wiings)|Sacred Fire|p1a: Skarmory
|-supereffective|p1a: Skarmory
|-damage|p1a: Skarmory|62\/334
|move|p1a: Skarmory|Spikes|p2a: Red Bull (Wiings)
|-sidestart|p2: Murkrow Jupiter|Spikes
|
|-weather|RainDance|[upkeep]
|turn|30
|
|move|p2a: Red Bull (Wiings)|Sacred Fire|p1a: Skarmory
|-supereffective|p1a: Skarmory
|-damage|p1a: Skarmory|0 fnt
|faint|p1a: Skarmory
|
|-weather|RainDance|[upkeep]
|
|switch|p1a: Kingdra|Kingdra, M|297\/297
|-damage|p1a: Kingdra|260\/297|[from] Stealth Rock
|turn|31
|
|move|p1a: Kingdra|Dragon Pulse|p2a: Red Bull (Wiings)
|-damage|p2a: Red Bull (Wiings)|120\/371
|move|p2a: Red Bull (Wiings)|Sacred Fire|p1a: Kingdra
|-crit|p1a: Kingdra
|-resisted|p1a: Kingdra
|-damage|p1a: Kingdra|222\/297
|-status|p1a: Kingdra|brn
|
|-weather|none
|-damage|p1a: Kingdra|185\/297 brn|[from] brn
|turn|32
|c|★Alvadora|dafuq .... AV entei
|
|switch|p1a: Politoed|Politoed, F|180\/384
|-damage|p1a: Politoed|132\/384|[from] Stealth Rock
|-weather|RainDance
|move|p2a: Red Bull (Wiings)|Extreme Speed|p1a: Politoed
|-damage|p1a: Politoed|46\/384
|
|-weather|RainDance|[upkeep]
|turn|33
|
|move|p2a: Red Bull (Wiings)|Extreme Speed|p1a: Politoed
|-damage|p1a: Politoed|0 fnt
|faint|p1a: Politoed
|
|-weather|RainDance|[upkeep]
|
|switch|p1a: Tornadus-Therian|Tornadus-Therian, M|334\/334
|-damage|p1a: Tornadus-Therian|251\/334|[from] Stealth Rock
|turn|34
|
|move|p1a: Tornadus-Therian|Hurricane|p2a: Red Bull (Wiings)
|-damage|p2a: Red Bull (Wiings)|18\/371
|move|p2a: Red Bull (Wiings)|Sacred Fire|p1a: Tornadus-Therian
|-damage|p1a: Tornadus-Therian|143\/334
|
|-weather|RainDance|[upkeep]
|turn|35
|
|move|p2a: Red Bull (Wiings)|Extreme Speed|p1a: Tornadus-Therian
|-damage|p1a: Tornadus-Therian|36\/334
|move|p1a: Tornadus-Therian|Hurricane|p2a: Red Bull (Wiings)
|-crit|p2a: Red Bull (Wiings)
|-damage|p2a: Red Bull (Wiings)|0 fnt
|faint|p2a: Red Bull (Wiings)
|
|-weather|RainDance|[upkeep]
|c|★Alvadora|oml
|
|switch|p2a: Fanta (grape)|Gengar, M, shiny|207\/268
|-damage|p2a: Fanta (grape)|174\/268|[from] Stealth Rock
|turn|36
|
|move|p1a: Tornadus-Therian|Knock Off|p2a: Fanta (grape)
|-supereffective|p2a: Fanta (grape)
|-damage|p2a: Fanta (grape)|0 fnt
|-enditem|p2a: Fanta (grape)|Black Sludge|[from] move: Knock Off|[of] p1a: Tornadus-Therian
|faint|p2a: Fanta (grape)
|
|-weather|none
|
|switch|p2a: G8erade|Krookodile, M|394\/394
|-damage|p2a: G8erade|345\/394|[from] Spikes
|-damage|p2a: G8erade|321\/394|[from] Stealth Rock
|-ability|p2a: G8erade|Intimidate|[of] p1a: Tornadus-Therian
|-unboost|p1a: Tornadus-Therian|atk|1
|turn|37
|
|move|p1a: Tornadus-Therian|Focus Blast|p2a: G8erade|[miss]
|-miss|p1a: Tornadus-Therian|p2a: G8erade
|move|p2a: G8erade|Knock Off|p1a: Tornadus-Therian
|-damage|p1a: Tornadus-Therian|0 fnt
|-enditem|p1a: Tornadus-Therian|Assault Vest|[from] move: Knock Off|[of] p2a: G8erade
|faint|p1a: Tornadus-Therian
|
|-heal|p2a: G8erade|345\/394|[from] item: Leftovers
|c|★Alvadora|....
|
|switch|p1a: Swampert|Swampert-Mega, M|119\/342 brn
|-damage|p1a: Swampert|98\/342 brn|[from] Stealth Rock
|turn|38
|
|switch|p2a: Vitamin Water|Vaporeon, F|310\/464
|-damage|p2a: Vitamin Water|252\/464|[from] Spikes
|-damage|p2a: Vitamin Water|194\/464|[from] Stealth Rock
|move|p1a: Swampert|Superpower|p2a: Vitamin Water
|-damage|p2a: Vitamin Water|115\/464
|-unboost|p1a: Swampert|atk|1
|-unboost|p1a: Swampert|def|1
|
|-heal|p2a: Vitamin Water|144\/464|[from] item: Leftovers
|-damage|p1a: Swampert|56\/342 brn|[from] brn
|turn|39
|-message|Alvadora forfeited.
|
|win|Murkrow Jupiter
|leave|Alvadora
|player|p1
|leave|Gvj