|join|TDOG34
|join|Alvadora
|player|p1|TDOG34|220
|player|p2|Alvadora|256
|gametype|singles
|gen|6
|tier|OU
|rated
|clearpoke
|poke|p1|Charizard, F
|poke|p1|Mamoswine, F
|poke|p1|Landorus-Therian, M
|poke|p1|Azumarill, M
|poke|p1|Clefable, M
|poke|p1|Latios, M
|poke|p2|Celebi
|poke|p2|Keldeo
|poke|p2|Metagross
|poke|p2|Garchomp, F
|poke|p2|Clefable, F
|poke|p2|Latios, M
|rule|Swagger Clause: Swagger is banned
|rule|Baton Pass Clause: Limit one Pokémon knowing Baton Pass
|rule|Sleep Clause Mod: Limit one foe put to sleep
|rule|Species Clause: Limit one of each Pokémon
|rule|OHKO Clause: OHKO moves are banned
|rule|Moody Clause: Moody is banned
|rule|Evasion Moves Clause: Evasion moves are banned
|rule|Endless Battle Clause: Forcing endless battles is banned
|rule|HP Percentage Mod: HP is shown in percentages
|teampreview
|c|★Alvadora|zzz
|c|★Alvadora|not agai
|c|★TDOG34|...
|join|Qubae
|join|Emma Bae ♥
|join|bluri
|
|start
|switch|p1a: Charizard|Charizard, F|297\/297
|switch|p2a: Garchomp|Garchomp, F|420\/420
|turn|1
|c| Qubae|mmm
|c| Qubae|keld + meta
|c| Qubae|my fav core
|
|detailschange|p1a: Charizard|Charizard-Mega-Y, F
|-mega|p1a: Charizard|Charizard|Charizardite Y
|-weather|SunnyDay
|move|p1a: Charizard|Will-O-Wisp|p2a: Garchomp|[miss]
|-miss|p1a: Charizard|p2a: Garchomp
|move|p2a: Garchomp|Stealth Rock|p1a: Charizard
|-sidestart|p1: TDOG34|move: Stealth Rock
|
|-weather|SunnyDay|[upkeep]
|turn|2
|
|move|p1a: Charizard|Will-O-Wisp|p2a: Garchomp
|-status|p2a: Garchomp|brn
|move|p2a: Garchomp|Dragon Tail|p1a: Charizard
|-damage|p1a: Charizard|240\/297
|drag|p1a: Azumarill|Azumarill, M|372\/372
|-damage|p1a: Azumarill|326\/372|[from] Stealth Rock
|
|-weather|SunnyDay|[upkeep]
|-damage|p2a: Garchomp|368\/420 brn|[from] brn
|turn|3
|c|★Alvadora|sorry
|join|Void
|
|switch|p1a: Clefable|Clefable, M|393\/393
|-damage|p1a: Clefable|344\/393|[from] Stealth Rock
|move|p2a: Garchomp|Earthquake|p1a: Clefable
|-damage|p1a: Clefable|280\/393
|
|-weather|SunnyDay|[upkeep]
|-heal|p1a: Clefable|304\/393|[from] item: Leftovers
|-damage|p2a: Garchomp|316\/420 brn|[from] brn
|turn|4
|
|move|p2a: Garchomp|Earthquake|p1a: Clefable
|-damage|p1a: Clefable|237\/393
|move|p1a: Clefable|Fire Blast|p2a: Garchomp|[miss]
|-miss|p1a: Clefable|p2a: Garchomp
|
|-weather|SunnyDay|[upkeep]
|-heal|p1a: Clefable|261\/393|[from] item: Leftovers
|-damage|p2a: Garchomp|264\/420 brn|[from] brn
|turn|5
|
|switch|p2a: Metagross|Metagross|301\/301
|move|p1a: Clefable|Moonlight|p1a: Clefable
|-heal|p1a: Clefable|393\/393
|
|-weather|none
|turn|6
|
|switch|p2a: Keldeo|Keldeo|323\/323
|move|p1a: Clefable|Fire Blast|p2a: Keldeo
|-resisted|p2a: Keldeo
|-damage|p2a: Keldeo|278\/323
|
|-heal|p2a: Keldeo|298\/323|[from] item: Leftovers
|turn|7
|
|switch|p2a: Metagross|Metagross|301\/301
|switch|p1a: Latios|Latios, M|301\/301
|-damage|p1a: Latios|264\/301|[from] Stealth Rock
|
|turn|8
|
|detailschange|p2a: Metagross|Metagross-Mega
|-mega|p2a: Metagross|Metagross|Metagrossite
|move|p1a: Latios|Defog|p2a: Metagross
|-unboost|p2a: Metagross|evasion|1
|-sideend|p1: TDOG34|Stealth Rock|[from] move: Defog|[of] p1a: Latios
|move|p2a: Metagross|Meteor Mash|p1a: Latios
|-damage|p1a: Latios|0 fnt
|-boost|p2a: Metagross|atk|1
|faint|p1a: Latios
|
|
|switch|p1a: Mamoswine|Mamoswine, F|362\/362
|turn|9
|
|switch|p2a: Garchomp|Garchomp, F|264\/420 brn
|move|p1a: Mamoswine|Earthquake|p2a: Garchomp
|-damage|p2a: Garchomp|135\/420 brn
|
|-damage|p2a: Garchomp|83\/420 brn|[from] brn
|turn|10
|
|move|p1a: Mamoswine|Ice Shard|p2a: Garchomp
|-supereffective|p2a: Garchomp
|-damage|p2a: Garchomp|0 fnt
|faint|p2a: Garchomp
|
|
|switch|p2a: Celebi|Celebi|355\/355
|turn|11
|
|switch|p1a: Charizard|Charizard-Mega-Y, F|240\/297
|-weather|SunnyDay
|move|p2a: Celebi|Giga Drain|p1a: Charizard
|-resisted|p1a: Charizard
|-damage|p1a: Charizard|204\/297
|-damage|p2a: Celebi|320\/355|[from] item: Life Orb
|
|-weather|SunnyDay|[upkeep]
|turn|12
|
|switch|p2a: Latios|Latios, M|301\/301
|move|p1a: Charizard|Fire Blast|p2a: Latios
|-resisted|p2a: Latios
|-damage|p2a: Latios|151\/301
|-status|p2a: Latios|brn
|
|-weather|SunnyDay|[upkeep]
|-damage|p2a: Latios|114\/301 brn|[from] brn
|turn|13
|
|switch|p1a: Clefable|Clefable, M|393\/393
|move|p2a: Latios|Trick|p1a: Clefable
|-activate|p2a: Latios|move: Trick|[of] p1a: Clefable
|-item|p1a: Clefable|Choice Scarf|[from] move: Trick
|-item|p2a: Latios|Leftovers|[from] move: Trick
|
|-weather|SunnyDay|[upkeep]
|-heal|p2a: Latios|132\/301 brn|[from] item: Leftovers
|-damage|p2a: Latios|95\/301 brn|[from] brn
|turn|14
|
|switch|p2a: Clefable|Clefable, F|394\/394
|move|p1a: Clefable|Fire Blast|p2a: Clefable
|-damage|p2a: Clefable|276\/394
|
|-weather|SunnyDay|[upkeep]
|-heal|p2a: Clefable|300\/394|[from] item: Leftovers
|turn|15
|
|switch|p1a: Landorus-Therian|Landorus-Therian, M|381\/381
|-ability|p1a: Landorus-Therian|Intimidate|[of] p2a: Clefable
|-unboost|p2a: Clefable|atk|1
|move|p2a: Clefable|Calm Mind|p2a: Clefable
|-boost|p2a: Clefable|spa|1
|-boost|p2a: Clefable|spd|1
|
|-weather|none
|-heal|p2a: Clefable|324\/394|[from] item: Leftovers
|turn|16
|
|move|p1a: Landorus-Therian|Earthquake|p2a: Clefable
|-damage|p2a: Clefable|147\/394
|move|p2a: Clefable|Calm Mind|p2a: Clefable
|-boost|p2a: Clefable|spa|1
|-boost|p2a: Clefable|spd|1
|
|-heal|p2a: Clefable|171\/394|[from] item: Leftovers
|turn|17
|
|move|p1a: Landorus-Therian|Earthquake|p2a: Clefable
|-damage|p2a: Clefable|2\/394
|move|p2a: Clefable|Soft-Boiled|p2a: Clefable
|-heal|p2a: Clefable|199\/394
|
|-heal|p2a: Clefable|223\/394|[from] item: Leftovers
|turn|18
|
|move|p1a: Landorus-Therian|U-turn|p2a: Clefable
|-resisted|p2a: Clefable
|-damage|p2a: Clefable|182\/394
|
|switch|p1a: Mamoswine|Mamoswine, F|362\/362
|move|p2a: Clefable|Soft-Boiled|p2a: Clefable
|-heal|p2a: Clefable|379\/394
|
|-heal|p2a: Clefable|394\/394|[from] item: Leftovers
|turn|19
|
|move|p1a: Mamoswine|Earthquake|p2a: Clefable
|-damage|p2a: Clefable|198\/394
|move|p2a: Clefable|Moonblast|p1a: Mamoswine
|-damage|p1a: Mamoswine|31\/362
|-unboost|p1a: Mamoswine|spa|1
|
|-heal|p2a: Clefable|222\/394|[from] item: Leftovers
|turn|20
|
|move|p1a: Mamoswine|Earthquake|p2a: Clefable
|-damage|p2a: Clefable|42\/394
|move|p2a: Clefable|Soft-Boiled|p2a: Clefable
|-heal|p2a: Clefable|239\/394
|
|-heal|p2a: Clefable|263\/394|[from] item: Leftovers
|turn|21
|
|move|p1a: Mamoswine|Earthquake|p2a: Clefable
|-damage|p2a: Clefable|74\/394
|move|p2a: Clefable|Soft-Boiled|p2a: Clefable
|-heal|p2a: Clefable|271\/394
|
|-heal|p2a: Clefable|295\/394|[from] item: Leftovers
|turn|22
|
|move|p1a: Mamoswine|Earthquake|p2a: Clefable
|-crit|p2a: Clefable
|-damage|p2a: Clefable|10\/394
|move|p2a: Clefable|Soft-Boiled|p2a: Clefable
|-heal|p2a: Clefable|207\/394
|
|-heal|p2a: Clefable|231\/394|[from] item: Leftovers
|turn|23
|
|move|p1a: Mamoswine|Earthquake|p2a: Clefable
|-damage|p2a: Clefable|26\/394
|move|p2a: Clefable|Soft-Boiled|p2a: Clefable
|-heal|p2a: Clefable|223\/394
|
|-heal|p2a: Clefable|247\/394|[from] item: Leftovers
|turn|24
|
|switch|p2a: Celebi|Celebi|320\/355
|move|p1a: Mamoswine|Earthquake|p2a: Celebi
|-resisted|p2a: Celebi
|-damage|p2a: Celebi|233\/355
|
|turn|25
|
|move|p2a: Celebi|Giga Drain|p1a: Mamoswine
|-supereffective|p1a: Mamoswine
|-damage|p1a: Mamoswine|0 fnt
|-heal|p2a: Celebi|249\/355|[from] drain|[of] p1a: Mamoswine
|-damage|p2a: Celebi|214\/355|[from] item: Life Orb
|faint|p1a: Mamoswine
|
|
|switch|p1a: Landorus-Therian|Landorus-Therian, M|381\/381
|-ability|p1a: Landorus-Therian|Intimidate|[of] p2a: Celebi
|-unboost|p2a: Celebi|atk|1
|turn|26
|
|move|p2a: Celebi|Giga Drain|p1a: Landorus-Therian
|-damage|p1a: Landorus-Therian|173\/381
|-heal|p2a: Celebi|318\/355|[from] drain|[of] p1a: Landorus-Therian
|-damage|p2a: Celebi|283\/355|[from] item: Life Orb
|move|p1a: Landorus-Therian|U-turn|p2a: Celebi
|-supereffective|p2a: Celebi
|-damage|p2a: Celebi|0 fnt
|faint|p2a: Celebi
|
|switch|p1a: Charizard|Charizard-Mega-Y, F|204\/297
|-weather|SunnyDay
|
|-weather|SunnyDay|[upkeep]
|
|switch|p2a: Metagross|Metagross-Mega|301\/301
|turn|27
|
|switch|p1a: Landorus-Therian|Landorus-Therian, M|173\/381
|-ability|p1a: Landorus-Therian|Intimidate|[of] p2a: Metagross
|-unboost|p2a: Metagross|atk|1
|move|p2a: Metagross|Zen Headbutt|p1a: Landorus-Therian|[miss]
|-miss|p2a: Metagross|p1a: Landorus-Therian
|
|-weather|SunnyDay|[upkeep]
|turn|28
|c|★Alvadora|.....
|
|switch|p2a: Latios|Latios, M|95\/301 brn
|move|p1a: Landorus-Therian|Knock Off|p2a: Latios
|-supereffective|p2a: Latios
|-damage|p2a: Latios|0 fnt
|-enditem|p2a: Latios|Leftovers|[from] move: Knock Off|[of] p1a: Landorus-Therian
|faint|p2a: Latios
|
|-weather|SunnyDay|[upkeep]
|
|switch|p2a: Keldeo|Keldeo|298\/323
|turn|29
|
|switch|p1a: Clefable|Clefable, M|393\/393
|move|p2a: Keldeo|Scald|p1a: Clefable
|-damage|p1a: Clefable|317\/393
|-status|p1a: Clefable|brn
|
|-weather|SunnyDay|[upkeep]
|-heal|p2a: Keldeo|318\/323|[from] item: Leftovers
|-damage|p1a: Clefable|268\/393 brn|[from] brn
|turn|30
|
|switch|p1a: Charizard|Charizard-Mega-Y, F|204\/297
|move|p2a: Keldeo|Substitute|p2a: Keldeo
|-start|p2a: Keldeo|Substitute
|-damage|p2a: Keldeo|238\/323
|
|-weather|none
|-heal|p2a: Keldeo|258\/323|[from] item: Leftovers
|turn|31
|
|move|p2a: Keldeo|Scald|p1a: Charizard
|-supereffective|p1a: Charizard
|-damage|p1a: Charizard|0 fnt
|faint|p1a: Charizard
|
|-heal|p2a: Keldeo|278\/323|[from] item: Leftovers
|
|switch|p1a: Azumarill|Azumarill, M|326\/372
|turn|32
|
|move|p2a: Keldeo|Scald|p1a: Azumarill
|-resisted|p1a: Azumarill
|-damage|p1a: Azumarill|242\/372
|-status|p1a: Azumarill|brn
|move|p1a: Azumarill|Play Rough|p2a: Keldeo
|-supereffective|p2a: Keldeo
|-end|p2a: Keldeo|Substitute
|
|-heal|p2a: Keldeo|298\/323|[from] item: Leftovers
|-damage|p1a: Azumarill|196\/372 brn|[from] brn
|turn|33
|
|switch|p2a: Clefable|Clefable, F|247\/394
|move|p1a: Azumarill|Play Rough|p2a: Clefable
|-damage|p2a: Clefable|135\/394
|
|-heal|p2a: Clefable|159\/394|[from] item: Leftovers
|-damage|p1a: Azumarill|150\/372 brn|[from] brn
|-enditem|p1a: Azumarill|Sitrus Berry|[eat]
|-heal|p1a: Azumarill|243\/372 brn|[from] item: Sitrus Berry
|turn|34
|
|switch|p1a: Landorus-Therian|Landorus-Therian, M|173\/381
|-ability|p1a: Landorus-Therian|Intimidate|[of] p2a: Clefable
|-unboost|p2a: Clefable|atk|1
|move|p2a: Clefable|Moonblast|p1a: Landorus-Therian
|-damage|p1a: Landorus-Therian|46\/381
|
|-heal|p2a: Clefable|183\/394|[from] item: Leftovers
|turn|35
|
|move|p1a: Landorus-Therian|Earthquake|p2a: Clefable
|-damage|p2a: Clefable|0 fnt
|faint|p2a: Clefable
|
|
|switch|p2a: Metagross|Metagross-Mega|301\/301
|turn|36
|c|★Alvadora|pls
|c|★Alvadora|dont
|c|★Alvadora|miss
|
|move|p2a: Metagross|Meteor Mash|p1a: Landorus-Therian
|-damage|p1a: Landorus-Therian|0 fnt
|-damage|p2a: Metagross|251\/301|[from] item: Rocky Helmet|[of] p1a: Landorus-Therian
|-boost|p2a: Metagross|atk|1
|faint|p1a: Landorus-Therian
|
|
|switch|p1a: Clefable|Clefable, M|268\/393 brn
|turn|37
|
|move|p2a: Metagross|Meteor Mash|p1a: Clefable
|-supereffective|p1a: Clefable
|-damage|p1a: Clefable|0 fnt
|faint|p1a: Clefable
|
|
|switch|p1a: Azumarill|Azumarill, M|243\/372 brn
|turn|38
|
|move|p2a: Metagross|Meteor Mash|p1a: Azumarill
|-damage|p1a: Azumarill|0 fnt
|faint|p1a: Azumarill
|
|win|Alvadora
|raw|Ladder updating...
|raw|TDOG34's rating: 1716 &rarr; <strong>1697<\/strong><br \/>(-19 for losing)
|raw|Alvadora's rating: 1737 &rarr; <strong>1755<\/strong><br \/>(+18 for winning)
|c|★Alvadora|gg
|leave|Alvadora
|player|p2
|leave|TDOG34
|player|p1