|join|Jadielle
|join|yuna28
|player|p1|Jadielle|2
|player|p2|yuna28|192
|gametype|singles
|gen|6
|tier|OU
|rated
|clearpoke
|poke|p1|Landorus-Therian, M
|poke|p1|Breloom, M
|poke|p1|Garchomp, M
|poke|p1|Metagross
|poke|p1|Sableye, M
|poke|p1|Quagsire, M
|poke|p2|Weavile, M
|poke|p2|Jirachi
|poke|p2|Rotom-Wash
|poke|p2|Gallade, M
|poke|p2|Mew
|poke|p2|Raikou
|rule|Swagger Clause: Swagger is banned
|rule|Baton Pass Clause: Limit one Pokémon knowing Baton Pass
|rule|Sleep Clause Mod: Limit one foe put to sleep
|rule|Species Clause: Limit one of each Pokémon
|rule|OHKO Clause: OHKO moves are banned
|rule|Moody Clause: Moody is banned
|rule|Evasion Moves Clause: Evasion moves are banned
|rule|Endless Battle Clause: Forcing endless battles is banned
|rule|HP Percentage Mod: HP is shown in percentages
|teampreview
|
|start
|switch|p1a: Tenefix|Sableye, M|304\/304
|switch|p2a: Jirachi|Jirachi|397\/397
|turn|1
|
|detailschange|p1a: Tenefix|Sableye-Mega, M
|-mega|p1a: Tenefix|Sableye|Sablenite
|move|p1a: Tenefix|Calm Mind|p1a: Tenefix
|-boost|p1a: Tenefix|spa|1
|-boost|p1a: Tenefix|spd|1
|move|p2a: Jirachi|Calm Mind|p2a: Jirachi
|-boost|p2a: Jirachi|spa|1
|-boost|p2a: Jirachi|spd|1
|
|turn|2
|
|move|p2a: Jirachi|Substitute|p2a: Jirachi
|-start|p2a: Jirachi|Substitute
|-damage|p2a: Jirachi|298\/397
|move|p1a: Tenefix|Calm Mind|p1a: Tenefix
|-boost|p1a: Tenefix|spa|1
|-boost|p1a: Tenefix|spd|1
|
|-heal|p2a: Jirachi|322\/397|[from] item: Leftovers
|turn|3
|
|move|p2a: Jirachi|Calm Mind|p2a: Jirachi
|-boost|p2a: Jirachi|spa|1
|-boost|p2a: Jirachi|spd|1
|move|p1a: Tenefix|Calm Mind|p1a: Tenefix
|-boost|p1a: Tenefix|spa|1
|-boost|p1a: Tenefix|spd|1
|
|-heal|p2a: Jirachi|346\/397|[from] item: Leftovers
|turn|4
|
|move|p2a: Jirachi|Calm Mind|p2a: Jirachi
|-boost|p2a: Jirachi|spa|1
|-boost|p2a: Jirachi|spd|1
|move|p1a: Tenefix|Calm Mind|p1a: Tenefix
|-boost|p1a: Tenefix|spa|1
|-boost|p1a: Tenefix|spd|1
|
|-heal|p2a: Jirachi|370\/397|[from] item: Leftovers
|turn|5
|
|move|p2a: Jirachi|Calm Mind|p2a: Jirachi
|-boost|p2a: Jirachi|spa|1
|-boost|p2a: Jirachi|spd|1
|move|p1a: Tenefix|Calm Mind|p1a: Tenefix
|-boost|p1a: Tenefix|spa|1
|-boost|p1a: Tenefix|spd|1
|
|-heal|p2a: Jirachi|394\/397|[from] item: Leftovers
|turn|6
|
|move|p2a: Jirachi|Calm Mind|p2a: Jirachi
|-boost|p2a: Jirachi|spa|1
|-boost|p2a: Jirachi|spd|1
|move|p1a: Tenefix|Calm Mind|p1a: Tenefix
|-boost|p1a: Tenefix|spa|1
|-boost|p1a: Tenefix|spd|1
|
|-heal|p2a: Jirachi|397\/397|[from] item: Leftovers
|turn|7
|
|move|p2a: Jirachi|Calm Mind|p2a: Jirachi
|-boost|p2a: Jirachi|spa|1
|-boost|p2a: Jirachi|spd|1
|move|p1a: Tenefix|Shadow Ball|p2a: Jirachi
|-supereffective|p2a: Jirachi
|-end|p2a: Jirachi|Substitute
|
|turn|8
|
|move|p2a: Jirachi|Thunderbolt|p1a: Tenefix
|-damage|p1a: Tenefix|214\/304
|move|p1a: Tenefix|Shadow Ball|p2a: Jirachi
|-supereffective|p2a: Jirachi
|-damage|p2a: Jirachi|229\/397
|
|-heal|p2a: Jirachi|253\/397|[from] item: Leftovers
|turn|9
|
|move|p2a: Jirachi|Thunderbolt|p1a: Tenefix
|-damage|p1a: Tenefix|120\/304
|move|p1a: Tenefix|Shadow Ball|p2a: Jirachi
|-supereffective|p2a: Jirachi
|-damage|p2a: Jirachi|73\/397
|
|-heal|p2a: Jirachi|97\/397|[from] item: Leftovers
|turn|10
|
|move|p2a: Jirachi|Thunderbolt|p1a: Tenefix
|-crit|p1a: Tenefix
|-damage|p1a: Tenefix|0 fnt
|faint|p1a: Tenefix
|
|-heal|p2a: Jirachi|121\/397|[from] item: Leftovers
|
|switch|p1a: Maraiste|Quagsire, M|394\/394
|turn|11
|
|move|p2a: Jirachi|Psyshock|p1a: Maraiste
|-damage|p1a: Maraiste|291\/394
|move|p1a: Maraiste|Stockpile|p1a: Maraiste
|-start|p1a: Maraiste|stockpile1
|-boost|p1a: Maraiste|def|1
|-boost|p1a: Maraiste|spd|1
|
|-heal|p2a: Jirachi|145\/397|[from] item: Leftovers
|-heal|p1a: Maraiste|315\/394|[from] item: Leftovers
|turn|12
|
|switch|p2a: Rotom-Wash|Rotom-Wash|304\/304
|move|p1a: Maraiste|Stockpile|p1a: Maraiste
|-start|p1a: Maraiste|stockpile2
|-boost|p1a: Maraiste|def|1
|-boost|p1a: Maraiste|spd|1
|
|-heal|p1a: Maraiste|339\/394|[from] item: Leftovers
|turn|13
|
|move|p2a: Rotom-Wash|Will-O-Wisp|p1a: Maraiste
|-status|p1a: Maraiste|brn
|move|p1a: Maraiste|Toxic|p2a: Rotom-Wash
|-status|p2a: Rotom-Wash|tox
|
|-heal|p1a: Maraiste|363\/394 brn|[from] item: Leftovers
|-damage|p2a: Rotom-Wash|285\/304 tox|[from] psn
|-damage|p1a: Maraiste|314\/394 brn|[from] brn
|turn|14
|
|move|p2a: Rotom-Wash|Hydro Pump|p1a: Maraiste
|-damage|p1a: Maraiste|217\/394 brn
|move|p1a: Maraiste|Stockpile|p1a: Maraiste
|-start|p1a: Maraiste|stockpile3
|-boost|p1a: Maraiste|def|1
|-boost|p1a: Maraiste|spd|1
|
|-heal|p2a: Rotom-Wash|304\/304 tox|[from] item: Leftovers
|-heal|p1a: Maraiste|241\/394 brn|[from] item: Leftovers
|-damage|p2a: Rotom-Wash|266\/304 tox|[from] psn
|-damage|p1a: Maraiste|192\/394 brn|[from] brn
|turn|15
|
|switch|p2a: Gallade|Gallade, M|278\/278
|move|p1a: Maraiste|Recover|p1a: Maraiste
|-heal|p1a: Maraiste|389\/394 brn
|
|-heal|p1a: Maraiste|394\/394 brn|[from] item: Leftovers
|-damage|p1a: Maraiste|345\/394 brn|[from] brn
|turn|16
|
|detailschange|p2a: Gallade|Gallade-Mega, M
|-mega|p2a: Gallade|Gallade|Galladite
|move|p2a: Gallade|Knock Off|p1a: Maraiste
|-damage|p1a: Maraiste|291\/394 brn
|-enditem|p1a: Maraiste|Leftovers|[from] move: Knock Off|[of] p2a: Gallade
|move|p1a: Maraiste|Scald|p2a: Gallade
|-damage|p2a: Gallade|223\/278
|
|-damage|p1a: Maraiste|242\/394 brn|[from] brn
|turn|17
|
|move|p2a: Gallade|Close Combat|p1a: Maraiste
|-damage|p1a: Maraiste|152\/394 brn
|-unboost|p2a: Gallade|def|1
|-unboost|p2a: Gallade|spd|1
|move|p1a: Maraiste|Scald|p2a: Gallade
|-damage|p2a: Gallade|165\/278
|
|-damage|p1a: Maraiste|103\/394 brn|[from] brn
|turn|18
|
|move|p2a: Gallade|Close Combat|p1a: Maraiste
|-damage|p1a: Maraiste|18\/394 brn
|-unboost|p2a: Gallade|def|1
|-unboost|p2a: Gallade|spd|1
|move|p1a: Maraiste|Recover|p1a: Maraiste
|-heal|p1a: Maraiste|215\/394 brn
|
|-damage|p1a: Maraiste|166\/394 brn|[from] brn
|turn|19
|
|move|p2a: Gallade|Close Combat|p1a: Maraiste
|-damage|p1a: Maraiste|73\/394 brn
|-unboost|p2a: Gallade|def|1
|-unboost|p2a: Gallade|spd|1
|move|p1a: Maraiste|Recover|p1a: Maraiste
|-heal|p1a: Maraiste|270\/394 brn
|
|-damage|p1a: Maraiste|221\/394 brn|[from] brn
|turn|20
|
|move|p2a: Gallade|Close Combat|p1a: Maraiste
|-damage|p1a: Maraiste|128\/394 brn
|-unboost|p2a: Gallade|def|1
|-unboost|p2a: Gallade|spd|1
|move|p1a: Maraiste|Recover|p1a: Maraiste
|-heal|p1a: Maraiste|325\/394 brn
|
|-damage|p1a: Maraiste|276\/394 brn|[from] brn
|turn|21
|
|move|p2a: Gallade|Close Combat|p1a: Maraiste
|-damage|p1a: Maraiste|180\/394 brn
|-unboost|p2a: Gallade|def|1
|-unboost|p2a: Gallade|spd|1
|move|p1a: Maraiste|Scald|p2a: Gallade
|-damage|p2a: Gallade|101\/278
|
|-damage|p1a: Maraiste|131\/394 brn|[from] brn
|turn|22
|
|move|p2a: Gallade|Close Combat|p1a: Maraiste
|-damage|p1a: Maraiste|43\/394 brn
|-unboost|p2a: Gallade|def|1
|-unboost|p2a: Gallade|spd|1
|move|p1a: Maraiste|Recover|p1a: Maraiste
|-heal|p1a: Maraiste|240\/394 brn
|
|-damage|p1a: Maraiste|191\/394 brn|[from] brn
|turn|23
|
|move|p2a: Gallade|Close Combat|p1a: Maraiste
|-damage|p1a: Maraiste|98\/394 brn
|move|p1a: Maraiste|Recover|p1a: Maraiste
|-heal|p1a: Maraiste|295\/394 brn
|
|-damage|p1a: Maraiste|246\/394 brn|[from] brn
|turn|24
|
|move|p2a: Gallade|Close Combat|p1a: Maraiste
|-damage|p1a: Maraiste|149\/394 brn
|move|p1a: Maraiste|Scald|p2a: Gallade
|-damage|p2a: Gallade|43\/278
|
|-damage|p1a: Maraiste|100\/394 brn|[from] brn
|turn|25
|
|move|p2a: Gallade|Zen Headbutt|p1a: Maraiste
|-damage|p1a: Maraiste|40\/394 brn
|move|p1a: Maraiste|Recover|p1a: Maraiste
|-heal|p1a: Maraiste|237\/394 brn
|
|-damage|p1a: Maraiste|188\/394 brn|[from] brn
|turn|26
|
|move|p2a: Gallade|Zen Headbutt|p1a: Maraiste|[miss]
|-miss|p2a: Gallade|p1a: Maraiste
|move|p1a: Maraiste|Recover|p1a: Maraiste
|-heal|p1a: Maraiste|385\/394 brn
|
|-damage|p1a: Maraiste|336\/394 brn|[from] brn
|turn|27
|
|move|p2a: Gallade|Zen Headbutt|p1a: Maraiste|[miss]
|-miss|p2a: Gallade|p1a: Maraiste
|move|p1a: Maraiste|Scald|p2a: Gallade
|-damage|p2a: Gallade|0 fnt
|faint|p2a: Gallade
|
|-damage|p1a: Maraiste|287\/394 brn|[from] brn
|
|switch|p2a: Jirachi|Jirachi|145\/397
|turn|28
|
|move|p2a: Jirachi|Calm Mind|p2a: Jirachi
|-boost|p2a: Jirachi|spa|1
|-boost|p2a: Jirachi|spd|1
|move|p1a: Maraiste|Scald|p2a: Jirachi
|-damage|p2a: Jirachi|81\/397
|
|-heal|p2a: Jirachi|105\/397|[from] item: Leftovers
|-damage|p1a: Maraiste|238\/394 brn|[from] brn
|turn|29
|
|move|p2a: Jirachi|Substitute|p2a: Jirachi
|-start|p2a: Jirachi|Substitute
|-damage|p2a: Jirachi|6\/397
|move|p1a: Maraiste|Scald|p2a: Jirachi
|-activate|p2a: Jirachi|Substitute|[damage]
|
|-heal|p2a: Jirachi|30\/397|[from] item: Leftovers
|-damage|p1a: Maraiste|189\/394 brn|[from] brn
|turn|30
|
|move|p2a: Jirachi|Calm Mind|p2a: Jirachi
|-boost|p2a: Jirachi|spa|1
|-boost|p2a: Jirachi|spd|1
|move|p1a: Maraiste|Scald|p2a: Jirachi
|-end|p2a: Jirachi|Substitute
|
|-heal|p2a: Jirachi|54\/397|[from] item: Leftovers
|-damage|p1a: Maraiste|140\/394 brn|[from] brn
|turn|31
|
|move|p2a: Jirachi|Psyshock|p1a: Maraiste
|-damage|p1a: Maraiste|95\/394 brn
|move|p1a: Maraiste|Scald|p2a: Jirachi
|-crit|p2a: Jirachi
|-damage|p2a: Jirachi|0 fnt
|faint|p2a: Jirachi
|
|-damage|p1a: Maraiste|46\/394 brn|[from] brn
|
|switch|p2a: Weavile|Weavile, M|281\/281
|-ability|p2a: Weavile|Pressure
|turn|32
|
|move|p2a: Weavile|Ice Punch|p1a: Maraiste
|-damage|p1a: Maraiste|0 fnt
|-damage|p2a: Weavile|253\/281|[from] item: Life Orb
|faint|p1a: Maraiste
|
|
|switch|p1a: Metalosse|Metagross|363\/363
|turn|33
|
|switch|p2a: Rotom-Wash|Rotom-Wash|266\/304 tox
|move|p1a: Metalosse|Meteor Mash|p2a: Rotom-Wash
|-resisted|p2a: Rotom-Wash
|-damage|p2a: Rotom-Wash|223\/304 tox
|-boost|p1a: Metalosse|atk|1
|
|-heal|p2a: Rotom-Wash|242\/304 tox|[from] item: Leftovers
|-damage|p2a: Rotom-Wash|223\/304 tox|[from] psn
|turn|34
|
|switch|p1a: Chapignon|Breloom, M|323\/323
|move|p2a: Rotom-Wash|Will-O-Wisp|p1a: Chapignon
|-status|p1a: Chapignon|brn
|
|-heal|p2a: Rotom-Wash|242\/304 tox|[from] item: Leftovers
|-damage|p2a: Rotom-Wash|204\/304 tox|[from] psn
|-damage|p1a: Chapignon|283\/323 brn|[from] brn
|turn|35
|
|switch|p2a: Mew|Mew|404\/404
|move|p1a: Chapignon|Swords Dance|p1a: Chapignon
|-boost|p1a: Chapignon|atk|2
|
|-damage|p1a: Chapignon|243\/323 brn|[from] brn
|turn|36
|
|move|p2a: Mew|Stealth Rock|p1a: Chapignon
|-sidestart|p1: Jadielle|move: Stealth Rock
|move|p1a: Chapignon|Spore|p2a: Mew
|-status|p2a: Mew|slp
|
|-damage|p1a: Chapignon|203\/323 brn|[from] brn
|turn|37
|
|switch|p1a: Demeteros|Landorus-Therian, M|382\/382
|-damage|p1a: Demeteros|335\/382|[from] Stealth Rock
|-ability|p1a: Demeteros|Intimidate|[of] p2a: Mew
|-unboost|p2a: Mew|atk|1
|cant|p2a: Mew|slp
|
|turn|38
|
|switch|p2a: Rotom-Wash|Rotom-Wash|204\/304 tox
|move|p1a: Demeteros|Knock Off|p2a: Rotom-Wash
|-damage|p2a: Rotom-Wash|102\/304 tox
|-enditem|p2a: Rotom-Wash|Leftovers|[from] move: Knock Off|[of] p1a: Demeteros
|
|-damage|p2a: Rotom-Wash|83\/304 tox|[from] psn
|turn|39
|
|move|p1a: Demeteros|U-turn|p2a: Rotom-Wash
|-damage|p2a: Rotom-Wash|7\/304 tox
|
|switch|p1a: Chapignon|Breloom, M|203\/323 brn
|-damage|p1a: Chapignon|183\/323 brn|[from] Stealth Rock
|move|p2a: Rotom-Wash|Will-O-Wisp|p1a: Chapignon
|-fail|p1a: Chapignon|brn
|
|-damage|p2a: Rotom-Wash|0 fnt|[from] psn
|-damage|p1a: Chapignon|143\/323 brn|[from] brn
|faint|p2a: Rotom-Wash
|
|switch|p2a: Raikou|Raikou|321\/321
|-ability|p2a: Raikou|Pressure
|turn|40
|
|move|p2a: Raikou|Calm Mind|p2a: Raikou
|-boost|p2a: Raikou|spa|1
|-boost|p2a: Raikou|spd|1
|move|p1a: Chapignon|Spore|p2a: Raikou
|-message|Sleep Clause Mod activated.
|-fail|p2a: Raikou
|
|-damage|p1a: Chapignon|103\/323 brn|[from] brn
|turn|41
|
|move|p2a: Raikou|Substitute|p2a: Raikou
|-start|p2a: Raikou|Substitute
|-damage|p2a: Raikou|241\/321
|move|p1a: Chapignon|Drain Punch|p2a: Raikou
|-activate|p2a: Raikou|Substitute|[damage]
|-heal|p1a: Chapignon|139\/323 brn|[from] drain|[of] p2a: Raikou
|
|-heal|p2a: Raikou|261\/321|[from] item: Leftovers
|-damage|p1a: Chapignon|99\/323 brn|[from] brn
|turn|42
|
|move|p2a: Raikou|Hidden Power|p1a: Chapignon
|-supereffective|p1a: Chapignon
|-damage|p1a: Chapignon|0 fnt
|faint|p1a: Chapignon
|
|-heal|p2a: Raikou|281\/321|[from] item: Leftovers
|
|switch|p1a: Demeteros|Landorus-Therian, M|335\/382
|-damage|p1a: Demeteros|288\/382|[from] Stealth Rock
|-activate|p2a: Raikou|Substitute|ability: Intimidate|[of] p1a: Demeteros
|turn|43
|
|move|p2a: Raikou|Hidden Power|p1a: Demeteros
|-supereffective|p1a: Demeteros
|-damage|p1a: Demeteros|0 fnt
|faint|p1a: Demeteros
|
|-heal|p2a: Raikou|301\/321|[from] item: Leftovers
|
|switch|p1a: Carchacrock|Garchomp, M|357\/357
|-damage|p1a: Carchacrock|335\/357|[from] Stealth Rock
|turn|44
|
|move|p2a: Raikou|Hidden Power|p1a: Carchacrock
|-supereffective|p1a: Carchacrock
|-damage|p1a: Carchacrock|0 fnt
|faint|p1a: Carchacrock
|
|-heal|p2a: Raikou|321\/321|[from] item: Leftovers
|
|switch|p1a: Metalosse|Metagross|363\/363
|-damage|p1a: Metalosse|341\/363|[from] Stealth Rock
|turn|45
|
|move|p2a: Raikou|Thunderbolt|p1a: Metalosse
|-damage|p1a: Metalosse|172\/363
|move|p1a: Metalosse|Earthquake|p2a: Raikou
|-supereffective|p2a: Raikou
|-end|p2a: Raikou|Substitute
|
|turn|46
|
|move|p2a: Raikou|Thunderbolt|p1a: Metalosse
|-crit|p1a: Metalosse
|-damage|p1a: Metalosse|0 fnt
|faint|p1a: Metalosse
|
|win|yuna28
|raw|Ladder updating...
|c|★yuna28|gg
|raw|Jadielle's rating: 1488 &rarr; <strong>1470<\/strong><br \/>(-18 for losing)
|raw|yuna28's rating: 1519 &rarr; <strong>1538<\/strong><br \/>(+19 for winning)