|join|RedKingAlmighty
|join|ProPlaysPKMN
|player|p1|RedKingAlmighty|154
|player|p2|ProPlaysPKMN|80
|gametype|singles
|gen|6
|tier|OU
|clearpoke
|poke|p1|Azelf
|poke|p1|Greninja, M
|poke|p1|Magnezone
|poke|p2|Ferrothorn, M, shiny
|poke|p2|Keldeo, shiny
|poke|p2|Gliscor, M, shiny
|poke|p2|Latios, M
|poke|p2|Gengar, M
|poke|p2|Sylveon, F, shiny
|rule|Swagger Clause: Swagger is banned
|rule|Baton Pass Clause: Limit one Pokémon knowing Baton Pass
|rule|Sleep Clause Mod: Limit one foe put to sleep
|rule|Species Clause: Limit one of each Pokémon
|rule|OHKO Clause: OHKO moves are banned
|rule|Moody Clause: Moody is banned
|rule|Evasion Moves Clause: Evasion moves are banned
|rule|Endless Battle Clause: Forcing endless battles is banned
|rule|HP Percentage Mod: HP is shown in percentages
|teampreview
|c|★RedKingAlmighty|i buffed it to 3
|
|start
|switch|p1a: Azelf|Azelf|354\/354
|switch|p2a: The Demon|Gengar, M|282\/282
|turn|1
|join|HTAG
|
|move|p1a: Azelf|Stealth Rock|p2a: The Demon
|-sidestart|p2: ProPlaysPKMN|move: Stealth Rock
|move|p2a: The Demon|Hex|p1a: Azelf
|-supereffective|p1a: Azelf
|-damage|p1a: Azelf|64\/354
|
|turn|2
|c|★ProPlaysPKMN|Ha!
|
|move|p1a: Azelf|Taunt|p2a: The Demon
|-start|p2a: The Demon|move: Taunt
|move|p2a: The Demon|Hex|p1a: Azelf
|-supereffective|p1a: Azelf
|-damage|p1a: Azelf|0 fnt
|faint|p1a: Azelf
|
|c|★RedKingAlmighty|?
|
|switch|p1a: Greninja|Greninja, M|285\/285
|turn|3
|c|★ProPlaysPKMN|See Ya Azlef
|c|★RedKingAlmighty|mmk
|c|★RedKingAlmighty|you killed my suicide lead
|
|move|p1a: Greninja|Dark Pulse|p2a: The Demon
|-start|p1a: Greninja|typechange|Dark|[from] Protean
|-supereffective|p2a: The Demon
|-damage|p2a: The Demon|0 fnt
|-damage|p1a: Greninja|257\/285|[from] item: Life Orb
|faint|p2a: The Demon
|
|join|Fischball
|
|switch|p2a: Mr.Wiggles|Ferrothorn, M, shiny|352\/352
|-damage|p2a: Mr.Wiggles|330\/352|[from] Stealth Rock
|turn|4
|
|switch|p1a: Magnezone|Magnezone|282\/282
|move|p2a: Mr.Wiggles|Energy Ball|p1a: Magnezone
|-resisted|p1a: Magnezone
|-damage|p1a: Magnezone|246\/282
|
|turn|5
|
|move|p1a: Magnezone|Hidden Power|p2a: Mr.Wiggles
|-supereffective|p2a: Mr.Wiggles
|-damage|p2a: Mr.Wiggles|42\/352
|move|p2a: Mr.Wiggles|Flash Cannon|p1a: Magnezone
|-resisted|p1a: Magnezone
|-damage|p1a: Magnezone|231\/282
|
|turn|6
|
|move|p1a: Magnezone|Hidden Power|p2a: Mr.Wiggles
|-crit|p2a: Mr.Wiggles
|-supereffective|p2a: Mr.Wiggles
|-damage|p2a: Mr.Wiggles|0 fnt
|faint|p2a: Mr.Wiggles
|
|
|switch|p2a: Magic|Keldeo, shiny|323\/323
|-damage|p2a: Magic|303\/323|[from] Stealth Rock
|turn|7
|
|move|p1a: Magnezone|Hidden Power|p2a: Magic
|-crit|p2a: Magic
|-resisted|p2a: Magic
|-damage|p2a: Magic|248\/323
|move|p2a: Magic|Sacred Sword|p1a: Magnezone
|-supereffective|p1a: Magnezone
|-damage|p1a: Magnezone|19\/282
|
|turn|8
|
|move|p1a: Magnezone|Hidden Power|p2a: Magic
|-resisted|p2a: Magic
|-damage|p2a: Magic|209\/323
|move|p2a: Magic|Sacred Sword|p1a: Magnezone
|-supereffective|p1a: Magnezone
|-damage|p1a: Magnezone|0 fnt
|faint|p1a: Magnezone
|
|
|switch|p1a: Greninja|Greninja, M|257\/285
|turn|9
|c|★ProPlaysPKMN|2 down 1 to goo
|
|move|p1a: Greninja|Extrasensory|p2a: Magic
|-start|p1a: Greninja|typechange|Psychic|[from] Protean
|-supereffective|p2a: Magic
|-damage|p2a: Magic|0 fnt
|-damage|p1a: Greninja|229\/285|[from] item: Life Orb
|faint|p2a: Magic
|
|
|switch|p2a: Drag Busta|Sylveon, F, shiny|352\/352
|-damage|p2a: Drag Busta|308\/352|[from] Stealth Rock
|turn|10
|
|move|p1a: Greninja|Gunk Shot|p2a: Drag Busta
|-start|p1a: Greninja|typechange|Poison|[from] Protean
|-supereffective|p2a: Drag Busta
|-damage|p2a: Drag Busta|0 fnt
|-damage|p1a: Greninja|201\/285|[from] item: Life Orb
|faint|p2a: Drag Busta
|
|c|★RedKingAlmighty|lol
|c|★RedKingAlmighty|im saving this replay
|c|★RedKingAlmighty|too funny
|
|switch|p2a: Chop-Chop|Gliscor, M, shiny|312\/312
|-damage|p2a: Chop-Chop|273\/312|[from] Stealth Rock
|turn|11
|
|move|p1a: Greninja|Ice Beam|p2a: Chop-Chop
|-start|p1a: Greninja|typechange|Ice|[from] Protean
|-supereffective|p2a: Chop-Chop
|-damage|p2a: Chop-Chop|0 fnt
|-damage|p1a: Greninja|173\/285|[from] item: Life Orb
|faint|p2a: Chop-Chop
|
|
|switch|p2a: The Blue Jet|Latios, M|301\/301
|-damage|p2a: The Blue Jet|264\/301|[from] Stealth Rock
|turn|12
|
|detailschange|p2a: The Blue Jet|Latios-Mega, M
|message|Latios has Mega Evolved into Mega Latios!
|move|p1a: Greninja|Ice Beam|p2a: The Blue Jet
|-supereffective|p2a: The Blue Jet
|-damage|p2a: The Blue Jet|0 fnt
|-damage|p1a: Greninja|145\/285|[from] item: Life Orb
|faint|p2a: The Blue Jet
|
|win|RedKingAlmighty
|c|★RedKingAlmighty|rofl
|c|★ProPlaysPKMN|Gg
|c|★RedKingAlmighty|3 pokemon
|c|★ProPlaysPKMN|I'm New
|join|NichiMichi
|join|Zagmzp
|join|muhfugginmoo5e
|c|★RedKingAlmighty|nice trash talk
|join|qwertyuiop12321
|c|★RedKingAlmighty|just b\/c your new doesn't mean trash talking is ok
|join|Cienight
|c|★ProPlaysPKMN|Well Whos Idiots idea to use 3 pokemon
|c|★RedKingAlmighty|mine b\/c i took one look at that team
|c|★RedKingAlmighty|and thats all i needed
|c|★ProPlaysPKMN|GG!
|c| muhfugginmoo5e|in his defense. iy is ninja.
|c| muhfugginmoo5e|lol
|c|★RedKingAlmighty|gg stands for good game
|c|★ProPlaysPKMN|$&@?!
|c|★RedKingAlmighty|which this does not count as
|c|★ProPlaysPKMN|I know
|c|★RedKingAlmighty|anyway, this is a nice saved replay
|join|raiderrocker18
|leave|NichiMichi
|leave|Cienight
|leave|qwertyuiop12321