|join|FearTheCow57
|join|RedKingAlmighty
|player|p1|FearTheCow57|143
|player|p2|RedKingAlmighty|154
|gametype|singles
|gen|6
|tier|OU
|rated
|clearpoke
|poke|p1|Latias, F
|poke|p1|Keldeo
|poke|p1|Heatran, F
|poke|p1|Porygon2
|poke|p1|Skarmory, F
|poke|p1|Celebi
|poke|p2|Charizard, M
|poke|p2|Hippowdon, F
|poke|p2|Zapdos
|poke|p2|Keldeo
|poke|p2|Jirachi
|poke|p2|Latios, M
|rule|Swagger Clause: Swagger is banned
|rule|Baton Pass Clause: Limit one Pokémon knowing Baton Pass
|rule|Sleep Clause Mod: Limit one foe put to sleep
|rule|Species Clause: Limit one of each Pokémon
|rule|OHKO Clause: OHKO moves are banned
|rule|Moody Clause: Moody is banned
|rule|Evasion Moves Clause: Evasion moves are banned
|rule|Endless Battle Clause: Forcing endless battles is banned
|rule|HP Percentage Mod: HP is shown in percentages
|teampreview
|
|start
|switch|p1a: Keldeo|Keldeo|323\/323
|switch|p2a: Charizard|Charizard, M|333\/333
|turn|1
|join|Venancio12
|
|switch|p1a: Heatran|Heatran, F|385\/385
|switch|p2a: Latios|Latios, M|302\/302
|
|turn|2
|join|Churmp Eevee
|
|switch|p2a: Keldeo|Keldeo|323\/323
|move|p1a: Heatran|Toxic|p2a: Keldeo
|-status|p2a: Keldeo|tox
|
|-damage|p2a: Keldeo|303\/323 tox|[from] psn
|turn|3
|
|switch|p2a: Charizard|Charizard, M|333\/333
|move|p1a: Heatran|Protect|p1a: Heatran
|-fail|p1a: Heatran
|
|turn|4
|c| Churmp Eevee|another toxic tran
|c|★RedKingAlmighty|fuck
|
|detailschange|p2a: Charizard|Charizard-Mega-X, M
|message|Charizard has Mega Evolved into Mega Charizard!
|move|p2a: Charizard|Earthquake|p1a: Heatran
|-crit|p1a: Heatran
|-supereffective|p1a: Heatran
|-damage|p1a: Heatran|0 fnt
|faint|p1a: Heatran
|
|join|Vainy Wang
|c|★RedKingAlmighty|I LIED
|
|switch|p1a: Porygon2|Porygon2|373\/373
|-ability|p1a: Porygon2|Tough Claws|[from] ability: Trace|[of] p2a: Charizard
|turn|5
|c| Churmp Eevee|lol
|c|★RedKingAlmighty|rka is fgt
|c| Venancio12|i was about to ask EQ on charizard
|c| Churmp Eevee|what move did you switch out
|
|switch|p2a: Keldeo|Keldeo|303\/323 tox
|switch|p1a: Keldeo|Keldeo|323\/323
|
|-damage|p2a: Keldeo|283\/323 tox|[from] psn
|turn|6
|c| Churmp Eevee|he just put that on
|
|switch|p2a: Latios|Latios, M|302\/302
|switch|p1a: Celebi|Celebi|403\/403
|
|turn|7
|c|★RedKingAlmighty|wtf is going on
|c| Venancio12|he predicted Heatran
|
|switch|p2a: Charizard|Charizard-Mega-X, M|333\/333
|move|p1a: Celebi|Nasty Plot|p1a: Celebi
|-boost|p1a: Celebi|spa|2
|
|turn|8
|c| Venancio12|and put keldeo on
|
|switch|p1a: Porygon2|Porygon2|373\/373
|-ability|p1a: Porygon2|Tough Claws|[from] ability: Trace|[of] p2a: Charizard
|move|p2a: Charizard|Fire Punch|p1a: Porygon2
|-damage|p1a: Porygon2|232\/373
|
|turn|9
|c|★RedKingAlmighty|oh god
|c|★RedKingAlmighty|it traced tough claws
|
|switch|p2a: Zapdos|Zapdos|384\/384
|-ability|p2a: Zapdos|Pressure
|move|p1a: Porygon2|Thunder Wave|p2a: Zapdos
|-fail|p2a: Zapdos
|
|turn|10
|c|★RedKingAlmighty|gg.
|c|★RedKingAlmighty|game over man
|c| Venancio12|sorry, Zard->Latios->Keldeo(toxic)->Zard(EQ)
|c| Churmp Eevee|put hp grass on my pory2
|
|move|p2a: Zapdos|Toxic|p1a: Porygon2
|-status|p1a: Porygon2|tox
|move|p1a: Porygon2|Recover|p1a: Porygon2
|-heal|p1a: Porygon2|373\/373 tox
|
|-damage|p1a: Porygon2|350\/373 tox|[from] psn
|turn|11
|c| Churmp Eevee|counter swift swim swampert
|
|move|p2a: Zapdos|Toxic|p1a: Porygon2|[miss]
|-miss|p2a: Zapdos|p1a: Porygon2
|move|p1a: Porygon2|Ice Beam|p2a: Zapdos
|-supereffective|p2a: Zapdos
|-damage|p2a: Zapdos|246\/384
|
|-heal|p2a: Zapdos|270\/384|[from] item: Leftovers
|-damage|p1a: Porygon2|304\/373 tox|[from] psn
|turn|12
|
|switch|p1a: Celebi|Celebi|403\/403
|move|p2a: Zapdos|Toxic|p1a: Celebi
|-status|p1a: Celebi|tox
|
|-heal|p2a: Zapdos|294\/384|[from] item: Leftovers
|-damage|p1a: Celebi|378\/403 tox|[from] psn
|turn|13
|c| Churmp Eevee|inb4
|
|switch|p2a: Charizard|Charizard-Mega-X, M|333\/333
|move|p1a: Celebi|Nasty Plot|p1a: Celebi
|-boost|p1a: Celebi|spa|2
|
|-heal|p1a: Celebi|403\/403 tox|[from] item: Leftovers
|-damage|p1a: Celebi|353\/403 tox|[from] psn
|turn|14
|c| Churmp Eevee|natural cure
|c|★RedKingAlmighty|no shit
|c|★RedKingAlmighty|thanks sherlock
|c|★RedKingAlmighty|u cracked the case
|
|move|p2a: Charizard|Dragon Dance|p2a: Charizard
|-boost|p2a: Charizard|atk|1
|-boost|p2a: Charizard|spe|1
|move|p1a: Celebi|Baton Pass|p1a: Celebi
|c| Churmp Eevee|do i get a crumpet
|
|switch|p1a: Keldeo|Keldeo|323\/323
|
|turn|15
|c| Churmp Eevee|.
|c|★RedKingAlmighty|i was lik
|c|★RedKingAlmighty|if thats EP i will cry
|
|move|p2a: Charizard|Dragon Claw|p1a: Keldeo
|-damage|p1a: Keldeo|0 fnt
|faint|p1a: Keldeo
|
|
|switch|p1a: Porygon2|Porygon2|304\/373 tox
|-ability|p1a: Porygon2|Tough Claws|[from] ability: Trace|[of] p2a: Charizard
|turn|16
|c| Churmp Eevee|.
|
|switch|p2a: Keldeo|Keldeo|283\/323 tox
|move|p1a: Porygon2|Thunder Wave|p2a: Keldeo
|-fail|p2a: Keldeo
|
|-damage|p2a: Keldeo|263\/323 tox|[from] psn
|-damage|p1a: Porygon2|281\/373 tox|[from] psn
|turn|17
|c|★FearTheCow57|gotta stop playing when im tired, lol
|c| Venancio12|P2 Tough Claws Kreygasm
|
|switch|p1a: Skarmory|Skarmory, F|334\/334
|move|p2a: Keldeo|Icy Wind|p1a: Skarmory
|-damage|p1a: Skarmory|248\/334
|-unboost|p1a: Skarmory|spe|1
|
|-damage|p2a: Keldeo|223\/323 tox|[from] psn
|turn|18
|c| Churmp Eevee|Celebi does learn earth power
|c|★RedKingAlmighty|yes
|
|switch|p2a: Zapdos|Zapdos|294\/384
|-ability|p2a: Zapdos|Pressure
|move|p1a: Skarmory|Stealth Rock|p2a: Zapdos
|-sidestart|p2: RedKingAlmighty|move: Stealth Rock
|
|-heal|p2a: Zapdos|318\/384|[from] item: Leftovers
|turn|19
|
|switch|p1a: Latias|Latias, F|363\/363
|move|p2a: Zapdos|Defog|p1a: Latias
|-unboost|p1a: Latias|evasion|1
|-sideend|p2: RedKingAlmighty|Stealth Rock|[from] move: Defog|[of] p2a: Zapdos
|
|-heal|p2a: Zapdos|342\/384|[from] item: Leftovers
|turn|20
|c|★RedKingAlmighty|THAT MEANS WHEN HE PUTS IT DOWN TAKS PICKING IT UP
|
|detailschange|p1a: Latias|Latias-Mega, F
|message|Latias has Mega Evolved into Mega Latias!
|move|p1a: Latias|Substitute|p1a: Latias
|-start|p1a: Latias|Substitute
|-damage|p1a: Latias|273\/363
|move|p2a: Zapdos|Toxic|p1a: Latias
|
|-heal|p2a: Zapdos|366\/384|[from] item: Leftovers
|turn|21
|c|★RedKingAlmighty|fuck
|
|switch|p2a: Jirachi|Jirachi|404\/404
|move|p1a: Latias|Calm Mind|p1a: Latias
|-boost|p1a: Latias|spa|1
|-boost|p1a: Latias|spd|1
|
|turn|22
|c|★RedKingAlmighty|ah well
|c| Churmp Eevee|SWEEP SWEEP SWEEP SWEEP
|
|move|p1a: Latias|Calm Mind|p1a: Latias
|-boost|p1a: Latias|spa|1
|-boost|p1a: Latias|spd|1
|move|p2a: Jirachi|Body Slam|p1a: Latias
|-activate|p1a: Latias|Substitute|[damage]
|
|turn|23
|
|move|p1a: Latias|Calm Mind|p1a: Latias
|-boost|p1a: Latias|spa|1
|-boost|p1a: Latias|spd|1
|move|p2a: Jirachi|Body Slam|p1a: Latias
|-end|p1a: Latias|Substitute
|
|turn|24
|c| Venancio12|oh well
|c| Churmp Eevee|DIDN'T EVEN BREAK
|c| Churmp Eevee|JFKDAS;LGIA;OGJASK
|
|move|p1a: Latias|Substitute|p1a: Latias
|-start|p1a: Latias|Substitute
|-damage|p1a: Latias|183\/363
|move|p2a: Jirachi|Iron Head|p1a: Latias
|-activate|p1a: Latias|Substitute|[damage]
|
|turn|25
|
|move|p1a: Latias|Roost|p1a: Latias
|-heal|p1a: Latias|363\/363
|move|p2a: Jirachi|Iron Head|p1a: Latias
|-end|p1a: Latias|Substitute
|
|turn|26
|c| Churmp Eevee|.
|c|★RedKingAlmighty|hmm
|
|move|p1a: Latias|Substitute|p1a: Latias
|-start|p1a: Latias|Substitute
|-damage|p1a: Latias|273\/363
|move|p2a: Jirachi|Body Slam|p1a: Latias
|-activate|p1a: Latias|Substitute|[damage]
|
|turn|27
|
|move|p1a: Latias|Calm Mind|p1a: Latias
|-boost|p1a: Latias|spa|1
|-boost|p1a: Latias|spd|1
|move|p2a: Jirachi|Body Slam|p1a: Latias
|-end|p1a: Latias|Substitute
|
|turn|28
|c| Venancio12|this will hurt
|
|move|p1a: Latias|Substitute|p1a: Latias
|-start|p1a: Latias|Substitute
|-damage|p1a: Latias|183\/363
|move|p2a: Jirachi|Wish|p2a: Jirachi
|
|turn|29
|
|move|p1a: Latias|Calm Mind|p1a: Latias
|-boost|p1a: Latias|spa|1
|-boost|p1a: Latias|spd|1
|move|p2a: Jirachi|Body Slam|p1a: Latias
|-activate|p1a: Latias|Substitute|[damage]
|
|turn|30
|
|move|p1a: Latias|Roost|p1a: Latias
|-heal|p1a: Latias|363\/363
|move|p2a: Jirachi|Body Slam|p1a: Latias
|-end|p1a: Latias|Substitute
|
|turn|31
|
|move|p1a: Latias|Substitute|p1a: Latias
|-start|p1a: Latias|Substitute
|-damage|p1a: Latias|273\/363
|move|p2a: Jirachi|Body Slam|p1a: Latias
|-activate|p1a: Latias|Substitute|[damage]
|
|turn|32
|
|move|p1a: Latias|Calm Mind|p1a: Latias
|-boost|p1a: Latias|spa|1
|-boost|p1a: Latias|spd|1
|move|p2a: Jirachi|Body Slam|p1a: Latias
|-end|p1a: Latias|Substitute
|
|turn|33
|
|move|p1a: Latias|Substitute|p1a: Latias
|-start|p1a: Latias|Substitute
|-damage|p1a: Latias|183\/363
|move|p2a: Jirachi|Body Slam|p1a: Latias
|-activate|p1a: Latias|Substitute|[damage]
|
|turn|34
|
|move|p1a: Latias|Roost|p1a: Latias
|-heal|p1a: Latias|363\/363
|move|p2a: Jirachi|Body Slam|p1a: Latias
|-crit|p1a: Latias
|-end|p1a: Latias|Substitute
|
|turn|35
|c| Churmp Eevee|iron head has a chance to ohko the sub
|c| Churmp Eevee|btw
|
|move|p1a: Latias|Substitute|p1a: Latias
|-start|p1a: Latias|Substitute
|-damage|p1a: Latias|273\/363
|move|p2a: Jirachi|Body Slam|p1a: Latias
|-activate|p1a: Latias|Substitute|[damage]
|
|turn|36
|
|move|p1a: Latias|Stored Power|p2a: Jirachi
|-crit|p2a: Jirachi
|-resisted|p2a: Jirachi
|-damage|p2a: Jirachi|0 fnt
|faint|p2a: Jirachi
|
|c| Churmp Eevee|unless you don't run any attack
|c|★RedKingAlmighty|the crit
|c| Churmp Eevee|and hes max defense
|c|★RedKingAlmighty|yeh
|
|switch|p2a: Latios|Latios, M|302\/302
|turn|37
|
|move|p2a: Latios|Draco Meteor|p1a: Latias
|-supereffective|p1a: Latias
|-end|p1a: Latias|Substitute
|-unboost|p2a: Latios|spa|2
|-damage|p2a: Latios|272\/302|[from] item: Life Orb
|move|p1a: Latias|Substitute|p1a: Latias
|-start|p1a: Latias|Substitute
|-damage|p1a: Latias|183\/363
|
|turn|38
|c| Churmp Eevee|o chit
|
|move|p2a: Latios|Draco Meteor|p1a: Latias
|-supereffective|p1a: Latias
|-activate|p1a: Latias|Substitute|[damage]
|-unboost|p2a: Latios|spa|2
|-damage|p2a: Latios|242\/302|[from] item: Life Orb
|move|p1a: Latias|Roost|p1a: Latias
|-heal|p1a: Latias|363\/363
|
|turn|39
|
|move|p2a: Latios|Draco Meteor|p1a: Latias
|-supereffective|p1a: Latias
|-end|p1a: Latias|Substitute
|-unboost|p2a: Latios|spa|2
|-damage|p2a: Latios|212\/302|[from] item: Life Orb
|move|p1a: Latias|Substitute|p1a: Latias
|-start|p1a: Latias|Substitute
|-damage|p1a: Latias|273\/363
|
|turn|40
|c| Churmp Eevee|gonna set up
|c| Churmp Eevee|even more
|
|move|p2a: Latios|Draco Meteor|p1a: Latias
|-supereffective|p1a: Latias
|-activate|p1a: Latias|Substitute|[damage]
|-damage|p2a: Latios|182\/302|[from] item: Life Orb
|move|p1a: Latias|Stored Power|p2a: Latios
|-resisted|p2a: Latios
|-damage|p2a: Latios|0 fnt
|faint|p2a: Latios
|
|c|★RedKingAlmighty|idk how to kill this thing tbh
|c| Churmp Eevee|G_G
|-message|RedKingAlmighty forfeited.
|
|win|FearTheCow57
|raw|Ladder updating...
|leave|RedKingAlmighty
|player|p2
|raw|FearTheCow57's rating: 1517 &rarr; <strong>1535<\/strong><br \/>(+18 for winning)
|raw|RedKingAlmighty's rating: 1483 &rarr; <strong>1465<\/strong><br \/>(-18 for losing)
|leave|Churmp Eevee
|c|★FearTheCow57|lol
|c|★FearTheCow57|the comeback