|join|RedKingAlmighty
|join|muhfugginmoo5e
|player|p1|RedKingAlmighty|154
|player|p2|muhfugginmoo5e|146
|gametype|singles
|gen|6
|tier|OU
|clearpoke
|poke|p1|Kyurem-Black, shiny
|poke|p1|Jirachi
|poke|p1|Clefable, M
|poke|p1|Rotom-Wash
|poke|p1|Scizor, M
|poke|p1|Starmie
|poke|p2|Landorus-Therian, M, shiny
|poke|p2|Lopunny, F
|poke|p2|Kyurem-Black, shiny
|poke|p2|Zapdos
|poke|p2|Heatran, M
|poke|p2|Celebi
|rule|Swagger Clause: Swagger is banned
|rule|Baton Pass Clause: Limit one Pokémon knowing Baton Pass
|rule|Sleep Clause Mod: Limit one foe put to sleep
|rule|Species Clause: Limit one of each Pokémon
|rule|OHKO Clause: OHKO moves are banned
|rule|Moody Clause: Moody is banned
|rule|Evasion Moves Clause: Evasion moves are banned
|rule|Endless Battle Clause: Forcing endless battles is banned
|rule|HP Percentage Mod: HP is shown in percentages
|teampreview
|c|★RedKingAlmighty|hello
|join|LoganUnderFire
|join|Ferocca
|c|★muhfugginmoo5e|hiya
|join|Reddragonn
|join|thespiritinthesky
|
|start
|switch|p1a: Ugly Duckling|Kyurem-Black, shiny|391\/391
|switch|p2a: Habits|Landorus-Therian, M, shiny|341\/341
|-ability|p1a: Ugly Duckling|Teravolt
|-ability|p2a: Habits|Intimidate|[of] p1a: Ugly Duckling
|-unboost|p1a: Ugly Duckling|atk|1
|turn|1
|join|Team Fabulous
|c| Team Fabulous|RKA
|c|★RedKingAlmighty|?
|join|howkawaiiofyou
|c| Team Fabulous|I probably said this already
|c|★RedKingAlmighty|what
|leave|thespiritinthesky
|c| Team Fabulous|but loss = disownement
|
|switch|p2a: Arcades|Heatran, M|337\/337
|-item|p2a: Arcades|Air Balloon
|move|p1a: Ugly Duckling|Ice Beam|p2a: Arcades
|-resisted|p2a: Arcades
|-damage|p2a: Arcades|309\/337
|-enditem|p2a: Arcades|Air Balloon
|-status|p2a: Arcades|frz
|
|turn|2
|c| howkawaiiofyou|i was expecting an aids team
|c| Team Fabulous|disownementation
|c| howkawaiiofyou|;_;
|c| howkawaiiofyou|oh
|
|switch|p1a: Mirror Mirror|Starmie|282\/282
|cant|p2a: Arcades|frz
|
|turn|3
|c|★RedKingAlmighty|i don't do that anymore
|c|★muhfugginmoo5e|mmm
|
|switch|p2a: Rather Be|Celebi|403\/403
|move|p1a: Mirror Mirror|Scald|p2a: Rather Be
|-resisted|p2a: Rather Be
|-damage|p2a: Rather Be|353\/403
|
|-heal|p2a: Rather Be|378\/403|[from] item: Leftovers
|turn|4
|c|★RedKingAlmighty|im just gonna play like it's not frozen
|
|switch|p1a: Ugly Duckling|Kyurem-Black, shiny|391\/391
|-ability|p1a: Ugly Duckling|Teravolt
|move|p2a: Rather Be|Heal Bell|p2a: Rather Be
|-cureteam|p2a: Rather Be|[from] move: HealBell
|
|-heal|p2a: Rather Be|403\/403|[from] item: Leftovers
|turn|5
|
|move|p1a: Ugly Duckling|Dragon Claw|p2a: Rather Be
|-damage|p2a: Rather Be|268\/403
|move|p2a: Rather Be|Baton Pass|p2a: Rather Be
|
|switch|p2a: Arcades|Heatran, M|309\/337
|
|turn|6
|
|switch|p1a: Mirror Mirror|Starmie|282\/282
|move|p2a: Arcades|Stealth Rock|p1a: Mirror Mirror
|-sidestart|p1: RedKingAlmighty|move: Stealth Rock
|
|turn|7
|join|Lord_Ray
|
|move|p1a: Mirror Mirror|Rapid Spin|p2a: Arcades
|-resisted|p2a: Arcades
|-damage|p2a: Arcades|303\/337
|-sideend|p1: RedKingAlmighty|Stealth Rock|[from] move: Rapid Spin|[of] p1a: Mirror Mirror
|move|p2a: Arcades|Lava Plume|p1a: Mirror Mirror
|-resisted|p1a: Mirror Mirror
|-damage|p1a: Mirror Mirror|200\/282
|-status|p1a: Mirror Mirror|brn
|
|-heal|p1a: Mirror Mirror|217\/282 brn|[from] item: Leftovers
|-damage|p1a: Mirror Mirror|182\/282 brn|[from] brn
|turn|8
|
|switch|p2a: Rather Be|Celebi|268\/403
|move|p1a: Mirror Mirror|Scald|p2a: Rather Be
|-resisted|p2a: Rather Be
|-damage|p2a: Rather Be|217\/403
|
|-heal|p1a: Mirror Mirror|199\/282 brn|[from] item: Leftovers
|-heal|p2a: Rather Be|242\/403|[from] item: Leftovers
|-damage|p1a: Mirror Mirror|164\/282 brn|[from] brn
|turn|9
|
|switch|p1a: Scizor|Scizor, M|282\/282
|move|p2a: Rather Be|Baton Pass|p2a: Rather Be
|
|switch|p2a: Arcades|Heatran, M|303\/337
|
|turn|10
|
|switch|p1a: Mirror Mirror|Starmie|164\/282
|move|p2a: Arcades|Lava Plume|p1a: Mirror Mirror
|-resisted|p1a: Mirror Mirror
|-damage|p1a: Mirror Mirror|81\/282
|
|-heal|p1a: Mirror Mirror|98\/282|[from] item: Leftovers
|turn|11
|
|move|p1a: Mirror Mirror|Recover|p1a: Mirror Mirror
|-heal|p1a: Mirror Mirror|239\/282
|move|p2a: Arcades|Earth Power|p1a: Mirror Mirror
|-damage|p1a: Mirror Mirror|124\/282
|
|-heal|p1a: Mirror Mirror|141\/282|[from] item: Leftovers
|turn|12
|
|switch|p2a: Rather Be|Celebi|242\/403
|move|p1a: Mirror Mirror|Scald|p2a: Rather Be
|-resisted|p2a: Rather Be
|-damage|p2a: Rather Be|191\/403
|-status|p2a: Rather Be|brn
|
|-heal|p1a: Mirror Mirror|158\/282|[from] item: Leftovers
|-heal|p2a: Rather Be|216\/403 brn|[from] item: Leftovers
|-damage|p2a: Rather Be|166\/403 brn|[from] brn
|turn|13
|
|switch|p1a: Ugly Duckling|Kyurem-Black, shiny|391\/391
|-ability|p1a: Ugly Duckling|Teravolt
|move|p2a: Rather Be|Recover|p2a: Rather Be
|-heal|p2a: Rather Be|368\/403 brn
|
|-heal|p2a: Rather Be|393\/403 brn|[from] item: Leftovers
|-damage|p2a: Rather Be|343\/403 brn|[from] brn
|turn|14
|
|move|p1a: Ugly Duckling|Dragon Claw|p2a: Rather Be
|-damage|p2a: Rather Be|225\/403 brn
|move|p2a: Rather Be|Recover|p2a: Rather Be
|-heal|p2a: Rather Be|403\/403 brn
|
|-damage|p2a: Rather Be|353\/403 brn|[from] brn
|turn|15
|
|move|p1a: Ugly Duckling|Dragon Claw|p2a: Rather Be
|-damage|p2a: Rather Be|226\/403 brn
|move|p2a: Rather Be|Baton Pass|p2a: Rather Be
|
|switch|p2a: Arcades|Heatran, M|303\/337
|
|turn|16
|
|switch|p1a: Mirror Mirror|Starmie|158\/282
|move|p2a: Arcades|Lava Plume|p1a: Mirror Mirror
|-resisted|p1a: Mirror Mirror
|-damage|p1a: Mirror Mirror|77\/282
|
|-heal|p1a: Mirror Mirror|94\/282|[from] item: Leftovers
|turn|17
|
|move|p1a: Mirror Mirror|Recover|p1a: Mirror Mirror
|-heal|p1a: Mirror Mirror|235\/282
|move|p2a: Arcades|Lava Plume|p1a: Mirror Mirror
|-resisted|p1a: Mirror Mirror
|-damage|p1a: Mirror Mirror|155\/282
|
|-heal|p1a: Mirror Mirror|172\/282|[from] item: Leftovers
|turn|18
|join|jeronado
|
|switch|p2a: Rather Be|Celebi|226\/403
|move|p1a: Mirror Mirror|Scald|p2a: Rather Be
|-resisted|p2a: Rather Be
|-damage|p2a: Rather Be|171\/403
|
|-heal|p1a: Mirror Mirror|189\/282|[from] item: Leftovers
|-heal|p2a: Rather Be|196\/403|[from] item: Leftovers
|turn|19
|
|switch|p1a: Scizor|Scizor, M|282\/282
|move|p2a: Rather Be|Recover|p2a: Rather Be
|-heal|p2a: Rather Be|398\/403
|
|-heal|p2a: Rather Be|403\/403|[from] item: Leftovers
|turn|20
|leave|Reddragonn
|
|switch|p2a: Habits|Landorus-Therian, M, shiny|341\/341
|-ability|p2a: Habits|Intimidate|[of] p1a: Scizor
|-unboost|p1a: Scizor|atk|1
|detailschange|p1a: Scizor|Scizor-Mega, M
|message|Scizor has Mega Evolved into Mega Scizor!
|move|p1a: Scizor|Knock Off|p2a: Habits
|-damage|p2a: Habits|232\/341
|-enditem|p2a: Habits|Choice Scarf|[from] move: Knock Off|[of] p1a: Scizor
|
|turn|21
|
|switch|p1a: Rotom.|Rotom-Wash|304\/304
|move|p2a: Habits|U-turn|p1a: Rotom.
|-damage|p1a: Rotom.|240\/304
|
|switch|p2a: Breathe This Air|Kyurem-Black, shiny|405\/405
|-ability|p2a: Breathe This Air|Teravolt
|
|-heal|p1a: Rotom.|259\/304|[from] item: Leftovers
|turn|22
|
|switch|p1a: Scizor|Scizor-Mega, M|282\/282
|move|p2a: Breathe This Air|Substitute|p2a: Breathe This Air
|-start|p2a: Breathe This Air|Substitute
|-damage|p2a: Breathe This Air|304\/405
|
|-heal|p2a: Breathe This Air|329\/405|[from] item: Leftovers
|turn|23
|
|move|p1a: Scizor|Bullet Punch|p2a: Breathe This Air
|-supereffective|p2a: Breathe This Air
|-end|p2a: Breathe This Air|Substitute
|move|p2a: Breathe This Air|Earth Power|p1a: Scizor
|-damage|p1a: Scizor|165\/282
|
|-heal|p2a: Breathe This Air|354\/405|[from] item: Leftovers
|turn|24
|
|switch|p2a: Arcades|Heatran, M|303\/337
|move|p1a: Scizor|Swords Dance|p1a: Scizor
|-boost|p1a: Scizor|atk|2
|
|turn|25
|
|switch|p1a: Mirror Mirror|Starmie|189\/282
|move|p2a: Arcades|Lava Plume|p1a: Mirror Mirror
|-resisted|p1a: Mirror Mirror
|-damage|p1a: Mirror Mirror|113\/282
|
|-heal|p1a: Mirror Mirror|130\/282|[from] item: Leftovers
|turn|26
|
|switch|p2a: Rather Be|Celebi|403\/403
|move|p1a: Mirror Mirror|Scald|p2a: Rather Be
|-resisted|p2a: Rather Be
|-damage|p2a: Rather Be|354\/403
|
|-heal|p1a: Mirror Mirror|147\/282|[from] item: Leftovers
|-heal|p2a: Rather Be|379\/403|[from] item: Leftovers
|turn|27
|
|switch|p1a: AM the Hax God|Jirachi|404\/404
|move|p2a: Rather Be|Baton Pass|p2a: Rather Be
|
|switch|p2a: Arcades|Heatran, M|303\/337
|
|turn|28
|
|move|p2a: Arcades|Lava Plume|p1a: AM the Hax God
|-supereffective|p1a: AM the Hax God
|-damage|p1a: AM the Hax God|170\/404
|-status|p1a: AM the Hax God|brn
|move|p1a: AM the Hax God|Wish|p1a: AM the Hax God
|
|-heal|p1a: AM the Hax God|195\/404 brn|[from] item: Leftovers
|-damage|p1a: AM the Hax God|145\/404 brn|[from] brn
|turn|29
|
|move|p2a: Arcades|Earth Power|p1a: AM the Hax God
|-supereffective|p1a: AM the Hax God
|-damage|p1a: AM the Hax God|0 fnt
|faint|p1a: AM the Hax God
|
|c|★RedKingAlmighty|uhm
|c|★RedKingAlmighty|no switches?
|c|★RedKingAlmighty|ok...
|c|★muhfugginmoo5e|why would I switch?
|c|★RedKingAlmighty|no me
|c|★muhfugginmoo5e|oh
|c|★RedKingAlmighty|i tried to switch rachi
|c|★RedKingAlmighty|idk
|c|★muhfugginmoo5e|lol, I was confused
|c|★RedKingAlmighty|rofl
|join|sweqfeq
|c|★muhfugginmoo5e|:\/
|
|switch|p1a: Mirror Mirror|Starmie|147\/282
|turn|30
|
|switch|p1a: Scizor|Scizor-Mega, M|165\/282
|switch|p2a: Rather Be|Celebi|379\/403
|
|-heal|p2a: Rather Be|403\/403|[from] item: Leftovers
|turn|31
|
|switch|p2a: Habits|Landorus-Therian, M, shiny|232\/341
|-ability|p2a: Habits|Intimidate|[of] p1a: Scizor
|-unboost|p1a: Scizor|atk|1
|move|p1a: Scizor|Knock Off|p2a: Habits
|-damage|p2a: Habits|158\/341
|
|turn|32
|
|move|p2a: Habits|U-turn|p1a: Scizor
|-resisted|p1a: Scizor
|-damage|p1a: Scizor|130\/282
|
|switch|p2a: Diamond|Zapdos|383\/383
|-ability|p2a: Diamond|Pressure
|move|p1a: Scizor|Knock Off|p2a: Diamond
|-damage|p2a: Diamond|298\/383
|-enditem|p2a: Diamond|Leftovers|[from] move: Knock Off|[of] p1a: Scizor
|
|turn|33
|
|switch|p1a: Ugly Duckling|Kyurem-Black, shiny|391\/391
|-ability|p1a: Ugly Duckling|Teravolt
|move|p2a: Diamond|Roost|p2a: Diamond
|-heal|p2a: Diamond|383\/383
|
|turn|34
|
|move|p1a: Ugly Duckling|Dragon Claw|p2a: Diamond
|-damage|p2a: Diamond|238\/383
|move|p2a: Diamond|Roost|p2a: Diamond
|-heal|p2a: Diamond|383\/383
|
|turn|35
|
|switch|p2a: Habits|Landorus-Therian, M, shiny|158\/341
|-ability|p2a: Habits|Intimidate|[of] p1a: Ugly Duckling
|-unboost|p1a: Ugly Duckling|atk|1
|move|p1a: Ugly Duckling|Dragon Claw|p2a: Habits
|-damage|p2a: Habits|41\/341
|
|turn|36
|
|switch|p2a: Arcades|Heatran, M|303\/337
|move|p1a: Ugly Duckling|Dragon Claw|p2a: Arcades
|-resisted|p2a: Arcades
|-damage|p2a: Arcades|246\/337
|
|turn|37
|leave|Team Fabulous
|
|switch|p1a: Rotom.|Rotom-Wash|259\/304
|move|p2a: Arcades|Lava Plume|p1a: Rotom.
|-resisted|p1a: Rotom.
|-damage|p1a: Rotom.|188\/304
|-status|p1a: Rotom.|brn
|
|-heal|p1a: Rotom.|207\/304 brn|[from] item: Leftovers
|-damage|p1a: Rotom.|169\/304 brn|[from] brn
|turn|38
|
|switch|p2a: Rather Be|Celebi|403\/403
|move|p1a: Rotom.|Volt Switch|p2a: Rather Be
|-resisted|p2a: Rather Be
|-damage|p2a: Rather Be|361\/403
|
|switch|p1a: Scizor|Scizor-Mega, M|130\/282
|
|-heal|p2a: Rather Be|386\/403|[from] item: Leftovers
|turn|39
|
|switch|p2a: Diamond|Zapdos|383\/383
|-ability|p2a: Diamond|Pressure
|move|p1a: Scizor|Swords Dance|p1a: Scizor
|-boost|p1a: Scizor|atk|2
|
|turn|40
|
|move|p1a: Scizor|Bug Bite|p2a: Diamond
|-resisted|p2a: Diamond
|-damage|p2a: Diamond|218\/383
|move|p2a: Diamond|Thunderbolt|p1a: Scizor
|-damage|p1a: Scizor|0 fnt
|faint|p1a: Scizor
|
|
|switch|p1a: Ugly Duckling|Kyurem-Black, shiny|391\/391
|-ability|p1a: Ugly Duckling|Teravolt
|turn|41
|
|move|p1a: Ugly Duckling|Ice Beam|p2a: Diamond
|-supereffective|p2a: Diamond
|-damage|p2a: Diamond|0 fnt
|faint|p2a: Diamond
|
|
|switch|p2a: Arcades|Heatran, M|246\/337
|turn|42
|
|switch|p1a: Mirror Mirror|Starmie|147\/282
|move|p2a: Arcades|Stealth Rock|p1a: Mirror Mirror
|-sidestart|p1: RedKingAlmighty|move: Stealth Rock
|
|-heal|p1a: Mirror Mirror|164\/282|[from] item: Leftovers
|turn|43
|join|jjt bros
|
|switch|p2a: Rather Be|Celebi|386\/403
|move|p1a: Mirror Mirror|Rapid Spin|p2a: Rather Be
|-damage|p2a: Rather Be|375\/403
|-sideend|p1: RedKingAlmighty|Stealth Rock|[from] move: Rapid Spin|[of] p1a: Mirror Mirror
|
|-heal|p1a: Mirror Mirror|181\/282|[from] item: Leftovers
|-heal|p2a: Rather Be|400\/403|[from] item: Leftovers
|turn|44
|
|switch|p1a: Ugly Duckling|Kyurem-Black, shiny|391\/391
|-ability|p1a: Ugly Duckling|Teravolt
|move|p2a: Rather Be|Baton Pass|p2a: Rather Be
|leave|jjt bros
|
|switch|p2a: Arcades|Heatran, M|246\/337
|
|turn|45
|
|switch|p1a: Mirror Mirror|Starmie|181\/282
|switch|p2a: Habits|Landorus-Therian, M, shiny|41\/341
|-ability|p2a: Habits|Intimidate|[of] p1a: Mirror Mirror
|-unboost|p1a: Mirror Mirror|atk|1
|
|-heal|p1a: Mirror Mirror|198\/282|[from] item: Leftovers
|turn|46
|leave|howkawaiiofyou
|
|switch|p2a: Rather Be|Celebi|400\/403
|move|p1a: Mirror Mirror|Scald|p2a: Rather Be
|-resisted|p2a: Rather Be
|-damage|p2a: Rather Be|349\/403
|-status|p2a: Rather Be|brn
|
|-heal|p1a: Mirror Mirror|215\/282|[from] item: Leftovers
|-heal|p2a: Rather Be|374\/403 brn|[from] item: Leftovers
|-damage|p2a: Rather Be|324\/403 brn|[from] brn
|turn|47
|
|move|p1a: Mirror Mirror|Scald|p2a: Rather Be
|-crit|p2a: Rather Be
|-resisted|p2a: Rather Be
|-damage|p2a: Rather Be|252\/403 brn
|move|p2a: Rather Be|Baton Pass|p2a: Rather Be
|leave|sweqfeq
|
|switch|p2a: Breathe This Air|Kyurem-Black, shiny|354\/405
|-ability|p2a: Breathe This Air|Teravolt
|
|-heal|p1a: Mirror Mirror|232\/282|[from] item: Leftovers
|-heal|p2a: Breathe This Air|379\/405|[from] item: Leftovers
|turn|48
|
|switch|p1a: Clefable|Clefable, M|394\/394
|move|p2a: Breathe This Air|Fusion Bolt|p1a: Clefable
|-damage|p1a: Clefable|255\/394
|
|-heal|p2a: Breathe This Air|404\/405|[from] item: Leftovers
|-heal|p1a: Clefable|279\/394|[from] item: Leftovers
|turn|49
|
|switch|p2a: Arcades|Heatran, M|246\/337
|move|p1a: Clefable|Moonblast|p2a: Arcades
|-resisted|p2a: Arcades
|-damage|p2a: Arcades|221\/337
|
|-heal|p1a: Clefable|303\/394|[from] item: Leftovers
|turn|50
|
|switch|p1a: Mirror Mirror|Starmie|232\/282
|move|p2a: Arcades|Flash Cannon|p1a: Mirror Mirror
|-resisted|p1a: Mirror Mirror
|-damage|p1a: Mirror Mirror|151\/282
|
|-heal|p1a: Mirror Mirror|168\/282|[from] item: Leftovers
|turn|51
|
|switch|p2a: Rather Be|Celebi|252\/403
|move|p1a: Mirror Mirror|Scald|p2a: Rather Be
|-resisted|p2a: Rather Be
|-damage|p2a: Rather Be|201\/403
|-status|p2a: Rather Be|brn
|
|-heal|p1a: Mirror Mirror|185\/282|[from] item: Leftovers
|-heal|p2a: Rather Be|226\/403 brn|[from] item: Leftovers
|-damage|p2a: Rather Be|176\/403 brn|[from] brn
|turn|52
|
|switch|p1a: Ugly Duckling|Kyurem-Black, shiny|391\/391
|-ability|p1a: Ugly Duckling|Teravolt
|move|p2a: Rather Be|Recover|p2a: Rather Be
|-heal|p2a: Rather Be|378\/403 brn
|
|-heal|p2a: Rather Be|403\/403 brn|[from] item: Leftovers
|-damage|p2a: Rather Be|353\/403 brn|[from] brn
|turn|53
|
|move|p1a: Ugly Duckling|Dragon Claw|p2a: Rather Be
|-crit|p2a: Rather Be
|-damage|p2a: Rather Be|163\/403 brn
|move|p2a: Rather Be|Baton Pass|p2a: Rather Be
|
|switch|p2a: Habits|Landorus-Therian, M, shiny|41\/341
|-ability|p2a: Habits|Intimidate|[of] p1a: Ugly Duckling
|-unboost|p1a: Ugly Duckling|atk|1
|
|turn|54
|
|move|p1a: Ugly Duckling|Dragon Claw|p2a: Habits
|-damage|p2a: Habits|0 fnt
|faint|p2a: Habits
|
|
|switch|p2a: Lolita|Lopunny, F|295\/295
|turn|55
|
|switch|p1a: Clefable|Clefable, M|303\/394
|detailschange|p2a: Lolita|Lopunny-Mega, F
|message|Lopunny has Mega Evolved into Mega Lopunny!
|move|p2a: Lolita|Power-Up Punch|p1a: Clefable
|-crit|p1a: Clefable
|-resisted|p1a: Clefable
|-damage|p1a: Clefable|243\/394
|-boost|p2a: Lolita|atk|1
|
|-heal|p1a: Clefable|267\/394|[from] item: Leftovers
|turn|56
|
|switch|p1a: Rotom.|Rotom-Wash|169\/304 brn
|move|p2a: Lolita|Frustration|p1a: Rotom.
|-damage|p1a: Rotom.|0 fnt
|faint|p1a: Rotom.
|
|
|switch|p1a: Ugly Duckling|Kyurem-Black, shiny|391\/391
|-ability|p1a: Ugly Duckling|Teravolt
|turn|57
|
|move|p1a: Ugly Duckling|Outrage|p2a: Lolita
|-damage|p2a: Lolita|28\/295
|move|p2a: Lolita|Drain Punch|p1a: Ugly Duckling
|-supereffective|p1a: Ugly Duckling
|-damage|p1a: Ugly Duckling|0 fnt
|-heal|p2a: Lolita|224\/295|[from] drain|[of] p1a: Ugly Duckling
|faint|p1a: Ugly Duckling
|
|c|★RedKingAlmighty|...
|c|★RedKingAlmighty|how did that not kill?
|c|★muhfugginmoo5e|:)
|c|★muhfugginmoo5e|I have HP investment
|c|★RedKingAlmighty|and this is 170 attack
|
|switch|p1a: Mirror Mirror|Starmie|185\/282
|turn|58
|
|move|p2a: Lolita|Frustration|p1a: Mirror Mirror
|-crit|p1a: Mirror Mirror
|-damage|p1a: Mirror Mirror|0 fnt
|faint|p1a: Mirror Mirror
|
|
|switch|p1a: Clefable|Clefable, M|267\/394
|turn|59
|
|move|p2a: Lolita|Frustration|p1a: Clefable
|-damage|p1a: Clefable|0 fnt
|faint|p1a: Clefable
|
|win|muhfugginmoo5e
|c|★muhfugginmoo5e|gg
|leave|RedKingAlmighty
|player|p1
|leave|jeronado
|leave|LoganUnderFire
|leave|Ferocca