|join|powersurge360
|join|RedKingAlmighty
|player|p1|powersurge360|266
|player|p2|RedKingAlmighty|154
|gametype|singles
|gen|6
|tier|OU
|rated
|clearpoke
|poke|p1|Azumarill, F
|poke|p1|Dragonite, M
|poke|p1|Ferrothorn, M
|poke|p1|Charizard, F
|poke|p1|Excadrill, M
|poke|p1|Gliscor, F
|poke|p2|Diancie
|poke|p2|Latios, M
|poke|p2|Jirachi
|poke|p2|Slowbro, M
|poke|p2|Heatran, M
|poke|p2|Chesnaught, M
|rule|Swagger Clause: Swagger is banned
|rule|Baton Pass Clause: Limit one Pokémon knowing Baton Pass
|rule|Sleep Clause Mod: Limit one foe put to sleep
|rule|Species Clause: Limit one of each Pokémon
|rule|OHKO Clause: OHKO moves are banned
|rule|Moody Clause: Moody is banned
|rule|Evasion Moves Clause: Evasion moves are banned
|rule|Endless Battle Clause: Forcing endless battles is banned
|rule|HP Percentage Mod: HP is shown in percentages
|teampreview
|
|start
|switch|p1a: Gliscor|Gliscor, F|352\/352
|switch|p2a: Heatran|Heatran, M|324\/324
|-item|p2a: Heatran|Air Balloon
|turn|1
|
|move|p2a: Heatran|Magma Storm|p1a: Gliscor|[miss]
|-miss|p2a: Heatran|p1a: Gliscor
|move|p1a: Gliscor|Taunt|p2a: Heatran
|-start|p2a: Heatran|move: Taunt
|
|-status|p1a: Gliscor|tox|[from] item: Toxic Orb
|turn|2
|
|move|p2a: Heatran|Magma Storm|p1a: Gliscor
|-damage|p1a: Gliscor|190\/352 tox
|-activate|p1a: Gliscor|move: Magma Storm|[of] p2a: Heatran
|move|p1a: Gliscor|Knock Off|p2a: Heatran
|-damage|p2a: Heatran|251\/324
|-enditem|p2a: Heatran|Air Balloon
|
|-heal|p1a: Gliscor|234\/352 tox|[from] ability: Poison Heal
|-damage|p1a: Gliscor|190\/352 tox|[from] move: Magma Storm|[partiallytrapped]
|turn|3
|
|switch|p2a: Chesnaught|Chesnaught, M|380\/380
|move|p1a: Gliscor|Roost|p1a: Gliscor
|-heal|p1a: Gliscor|352\/352 tox
|
|-end|p1a: Gliscor|Magma Storm|[partiallytrapped]
|turn|4
|
|move|p1a: Gliscor|Taunt|p2a: Chesnaught
|-start|p2a: Chesnaught|move: Taunt
|cant|p2a: Chesnaught|move: Taunt|Leech Seed
|
|turn|5
|
|switch|p1a: Charizard|Charizard, F|297\/297
|switch|p2a: Latios|Latios, M|302\/302
|
|turn|6
|join|Bloodz
|
|detailschange|p1a: Charizard|Charizard-Mega-Y, F
|message|Charizard has Mega Evolved into Mega Charizard!
|-weather|SunnyDay
|move|p2a: Latios|Draco Meteor|p1a: Charizard|[miss]
|-miss|p2a: Latios|p1a: Charizard
|move|p1a: Charizard|Roost|p1a: Charizard
|-fail|p1a: Charizard
|
|-weather|SunnyDay|[upkeep]
|turn|7
|c|★RedKingAlmighty|...
|
|move|p2a: Latios|Draco Meteor|p1a: Charizard
|-damage|p1a: Charizard|23\/297
|-unboost|p2a: Latios|spa|2
|-damage|p2a: Latios|272\/302|[from] item: Life Orb
|move|p1a: Charizard|Roost|p1a: Charizard
|-heal|p1a: Charizard|172\/297
|
|-weather|SunnyDay|[upkeep]
|turn|8
|
|move|p2a: Latios|Draco Meteor|p1a: Charizard
|-damage|p1a: Charizard|43\/297
|-unboost|p2a: Latios|spa|2
|-damage|p2a: Latios|242\/302|[from] item: Life Orb
|move|p1a: Charizard|Roost|p1a: Charizard
|-heal|p1a: Charizard|192\/297
|
|-weather|SunnyDay|[upkeep]
|turn|9
|
|switch|p2a: Iron Wall|Jirachi|404\/404
|move|p1a: Charizard|Roost|p1a: Charizard
|-heal|p1a: Charizard|297\/297
|
|-weather|SunnyDay|[upkeep]
|turn|10
|
|switch|p1a: Excadrill|Excadrill, M|362\/362
|-ability|p1a: Excadrill|Mold Breaker
|switch|p2a: Latios|Latios, M|242\/302
|
|-weather|none
|turn|11
|
|switch|p1a: Azumarill|Azumarill, F|401\/401
|switch|p2a: Chesnaught|Chesnaught, M|380\/380
|
|turn|12
|
|switch|p1a: Ferrothorn|Ferrothorn, M|352\/352
|move|p2a: Chesnaught|Spiky Shield|p2a: Chesnaught
|-fail|p2a: Chesnaught
|
|turn|13
|
|switch|p1a: Gliscor|Gliscor, F|352\/352 tox
|move|p2a: Chesnaught|Spikes|p1a: Gliscor
|-sidestart|p1: powersurge360|Spikes
|
|turn|14
|
|switch|p2a: Latios|Latios, M|242\/302
|move|p1a: Gliscor|Taunt|p2a: Latios
|-start|p2a: Latios|move: Taunt
|
|turn|15
|
|move|p2a: Latios|Draco Meteor|p1a: Gliscor
|-damage|p1a: Gliscor|67\/352 tox
|-unboost|p2a: Latios|spa|2
|-damage|p2a: Latios|212\/302|[from] item: Life Orb
|move|p1a: Gliscor|Roost|p1a: Gliscor
|-heal|p1a: Gliscor|243\/352 tox
|
|-heal|p1a: Gliscor|287\/352 tox|[from] ability: Poison Heal
|turn|16
|
|switch|p2a: Slowbro|Slowbro, M|394\/394
|move|p1a: Gliscor|Toxic|p2a: Slowbro
|-status|p2a: Slowbro|tox
|
|-heal|p1a: Gliscor|331\/352 tox|[from] ability: Poison Heal
|-damage|p2a: Slowbro|370\/394 tox|[from] psn
|turn|17
|-message|RedKingAlmighty forfeited.
|
|win|powersurge360
|raw|Ladder updating...
|leave|RedKingAlmighty
|player|p2
|raw|powersurge360's rating: 1565 &rarr; <strong>1577<\/strong><br \/>(+12 for winning)
|raw|RedKingAlmighty's rating: 1415 &rarr; <strong>1403<\/strong><br \/>(-12 for losing)