|join|RedKingAlmighty
|join|elnimio
|player|p1|RedKingAlmighty|154
|player|p2|elnimio|257
|gametype|singles
|gen|6
|tier|OU
|rated
|clearpoke
|poke|p1|Altaria, F
|poke|p1|Alomomola, F
|poke|p1|Jirachi
|poke|p1|Excadrill, M
|poke|p1|Gliscor, F
|poke|p1|Tornadus-Therian, M
|poke|p2|Slurpuff, M, shiny
|poke|p2|Druddigon, M
|poke|p2|Jolteon, F
|poke|p2|Hitmonlee, M
|poke|p2|Amoonguss, M
|poke|p2|Sigilyph, F, shiny
|rule|Swagger Clause: Swagger is banned
|rule|Baton Pass Clause: Limit one Pokémon knowing Baton Pass
|rule|Sleep Clause Mod: Limit one foe put to sleep
|rule|Species Clause: Limit one of each Pokémon
|rule|OHKO Clause: OHKO moves are banned
|rule|Moody Clause: Moody is banned
|rule|Evasion Moves Clause: Evasion moves are banned
|rule|Endless Battle Clause: Forcing endless battles is banned
|rule|HP Percentage Mod: HP is shown in percentages
|teampreview
|
|start
|switch|p1a: Altaria|Altaria, F|354\/354
|switch|p2a: Jolteon|Jolteon, F|271\/271
|turn|1
|
|detailschange|p1a: Altaria|Altaria-Mega, F
|-mega|p1a: Altaria|Altaria|Altarianite
|move|p2a: Jolteon|Hidden Power|p1a: Altaria
|-supereffective|p1a: Altaria
|-damage|p1a: Altaria|158\/354
|move|p1a: Altaria|Hyper Voice|p2a: Jolteon
|-damage|p2a: Jolteon|75\/271
|
|turn|2
|
|switch|p1a: Jirachi|Jirachi|404\/404
|move|p2a: Jolteon|Hidden Power|p1a: Jirachi
|-resisted|p1a: Jirachi
|-damage|p1a: Jirachi|370\/404
|
|-heal|p1a: Jirachi|395\/404|[from] item: Leftovers
|turn|3
|
|switch|p2a: Druddigon|Druddigon, M|358\/358
|move|p1a: Jirachi|Body Slam|p2a: Druddigon
|-damage|p2a: Druddigon|286\/358
|-damage|p1a: Jirachi|345\/404|[from] ability: Rough Skin|[of] p2a: Druddigon
|-damage|p1a: Jirachi|278\/404|[from] item: Rocky Helmet|[of] p2a: Druddigon
|-status|p2a: Druddigon|par
|
|-heal|p1a: Jirachi|303\/404|[from] item: Leftovers
|turn|4
|
|switch|p1a: Altaria|Altaria-Mega, F|158\/354
|move|p2a: Druddigon|Glare|p1a: Altaria
|-status|p1a: Altaria|par
|
|turn|5
|c|★RedKingAlmighty|LOL
|
|switch|p2a: Amoonguss|Amoonguss, M|432\/432
|move|p1a: Altaria|Hyper Voice|p2a: Amoonguss
|-resisted|p2a: Amoonguss
|-damage|p2a: Amoonguss|332\/432
|
|-heal|p2a: Amoonguss|359\/432|[from] item: Black Sludge
|turn|6
|
|move|p2a: Amoonguss|Sludge Bomb|p1a: Altaria
|-supereffective|p1a: Altaria
|-damage|p1a: Altaria|0 fnt
|faint|p1a: Altaria
|
|-heal|p2a: Amoonguss|386\/432|[from] item: Black Sludge
|
|switch|p1a: Tornadus-Therian|Tornadus-Therian, M|332\/332
|turn|7
|
|switch|p2a: Jolteon|Jolteon, F|75\/271
|move|p1a: Tornadus-Therian|Hurricane|p2a: Jolteon
|-resisted|p2a: Jolteon
|-damage|p2a: Jolteon|0 fnt
|faint|p2a: Jolteon
|
|c|★elnimio|feck
|
|switch|p2a: Hitmonlee|Hitmonlee, M|241\/241
|turn|8
|c|★RedKingAlmighty|what did u expect would happen?
|
|move|p2a: Hitmonlee|Fake Out|p1a: Tornadus-Therian
|-enditem|p2a: Hitmonlee|Normal Gem|[from] gem|[move] Fake Out
|-damage|p1a: Tornadus-Therian|252\/332
|cant|p1a: Tornadus-Therian|flinch
|
|turn|9
|
|move|p2a: Hitmonlee|Stone Edge|p1a: Tornadus-Therian
|-supereffective|p1a: Tornadus-Therian
|-damage|p1a: Tornadus-Therian|0 fnt
|faint|p1a: Tornadus-Therian
|
|c|★RedKingAlmighty|woah
|c|★RedKingAlmighty|oh right
|c|★RedKingAlmighty|unburden
|
|switch|p1a: Gliscor|Gliscor, F|354\/354
|turn|10
|c|★RedKingAlmighty|ugh
|
|move|p2a: Hitmonlee|Knock Off|p1a: Gliscor
|-damage|p1a: Gliscor|262\/354
|-enditem|p1a: Gliscor|Toxic Orb|[from] move: Knock Off|[of] p2a: Hitmonlee
|move|p1a: Gliscor|Toxic|p2a: Hitmonlee|[miss]
|-miss|p1a: Gliscor|p2a: Hitmonlee
|
|turn|11
|c|★RedKingAlmighty|...
|c|★elnimio|lol
|
|move|p2a: Hitmonlee|Stone Edge|p1a: Gliscor|[miss]
|-miss|p2a: Hitmonlee|p1a: Gliscor
|move|p1a: Gliscor|Toxic|p2a: Hitmonlee
|-status|p2a: Hitmonlee|tox
|
|-damage|p2a: Hitmonlee|226\/241 tox|[from] psn
|turn|12
|c|★RedKingAlmighty|can i not be haxed to death by an RU team
|c|★RedKingAlmighty|kthanks
|
|move|p2a: Hitmonlee|Stone Edge|p1a: Gliscor|[miss]
|-miss|p2a: Hitmonlee|p1a: Gliscor
|move|p1a: Gliscor|Roost|p1a: Gliscor
|-heal|p1a: Gliscor|354\/354
|
|-damage|p2a: Hitmonlee|196\/241 tox|[from] psn
|turn|13
|c|★elnimio|feck
|c|★RedKingAlmighty|lol
|c|★elnimio|my god
|c|★RedKingAlmighty|i would feel bad
|
|move|p2a: Hitmonlee|Stone Edge|p1a: Gliscor
|-damage|p1a: Gliscor|267\/354
|move|p1a: Gliscor|Earthquake|p2a: Hitmonlee
|-damage|p2a: Hitmonlee|21\/241 tox
|
|-damage|p2a: Hitmonlee|0 fnt|[from] psn
|faint|p2a: Hitmonlee
|c|★RedKingAlmighty|but i'm salty asfuq
|
|switch|p2a: Sigilyph|Sigilyph, F, shiny|286\/286
|turn|14
|
|move|p2a: Sigilyph|Psyshock|p1a: Gliscor
|-crit|p1a: Gliscor
|-damage|p1a: Gliscor|99\/354
|move|p1a: Gliscor|Taunt|p2a: Sigilyph
|-start|p2a: Sigilyph|move: Taunt
|
|turn|15
|
|switch|p1a: Jirachi|Jirachi|303\/404
|move|p2a: Sigilyph|Heat Wave|p1a: Jirachi
|-supereffective|p1a: Jirachi
|-damage|p1a: Jirachi|103\/404
|
|-heal|p1a: Jirachi|128\/404|[from] item: Leftovers
|turn|16
|c|★RedKingAlmighty|wtf kind of a sigilyph is this
|
|move|p2a: Sigilyph|Heat Wave|p1a: Jirachi
|-supereffective|p1a: Jirachi
|-damage|p1a: Jirachi|0 fnt
|faint|p1a: Jirachi
|
|
|switch|p1a: Excadrill|Excadrill, M|361\/361
|-ability|p1a: Excadrill|Mold Breaker
|turn|17
|c|★elnimio|an all out attacking one
|c|★RedKingAlmighty|thats the wierdest thing i've ever seen
|c|★elnimio|it's actually pretty powerful with a life orb
|c|★elnimio|takes no damage
|c|★RedKingAlmighty|such a waste tho
|
|switch|p2a: Amoonguss|Amoonguss, M|432\/432
|move|p1a: Excadrill|Rock Slide|p2a: Amoonguss
|-damage|p2a: Amoonguss|335\/432
|
|-heal|p2a: Amoonguss|362\/432|[from] item: Black Sludge
|turn|18
|
|switch|p1a: Momo|Alomomola, F|476\/476
|move|p2a: Amoonguss|Spore|p1a: Momo
|-status|p1a: Momo|slp
|
|-heal|p2a: Amoonguss|389\/432|[from] item: Black Sludge
|turn|19
|
|switch|p1a: Gliscor|Gliscor, F|99\/354
|move|p2a: Amoonguss|Giga Drain|p1a: Gliscor
|-damage|p1a: Gliscor|8\/354
|-heal|p2a: Amoonguss|432\/432|[from] drain|[of] p1a: Gliscor
|
|turn|20
|c|★elnimio|nah, his cosmic power set sucks imo
|c|★RedKingAlmighty|it's the reason he's BL3
|c|★elnimio|yeah but it's so predictable
|
|move|p1a: Gliscor|Roost|p1a: Gliscor
|-heal|p1a: Gliscor|185\/354
|move|p2a: Amoonguss|Giga Drain|p1a: Gliscor
|-supereffective|p1a: Gliscor
|-damage|p1a: Gliscor|0 fnt
|faint|p1a: Gliscor
|
|join|Draeden
|c|★elnimio|loool
|-message|RedKingAlmighty forfeited.
|
|win|elnimio
|raw|Ladder updating...
|raw|RedKingAlmighty's rating: 1486 &rarr; <strong>1461<\/strong><br \/>(-25 for losing)
|raw|elnimio's rating: 1401 &rarr; <strong>1425<\/strong><br \/>(+24 for winning)
|leave|RedKingAlmighty
|player|p1
|leave|Draeden