|join|fzappa
|join|Mega-Altaria
|player|p1|fzappa|1
|player|p2|Mega-Altaria|54
|gametype|singles
|gen|6
|tier|OU
|rated
|clearpoke
|poke|p1|Landorus, M
|poke|p1|Rotom-Heat
|poke|p1|Gardevoir, F
|poke|p1|Magnezone
|poke|p1|Terrakion
|poke|p1|Roserade, M
|poke|p2|Diggersby, M
|poke|p2|Gourgeist-*, M
|poke|p2|Talonflame, M
|poke|p2|Greninja, M
|poke|p2|Avalugg, M
|poke|p2|Aerodactyl, M
|rule|Swagger Clause: Swagger is banned
|rule|Baton Pass Clause: Limit one Pokémon knowing Baton Pass
|rule|Sleep Clause Mod: Limit one foe put to sleep
|rule|Species Clause: Limit one of each Pokémon
|rule|OHKO Clause: OHKO moves are banned
|rule|Moody Clause: Moody is banned
|rule|Evasion Moves Clause: Evasion moves are banned
|rule|Endless Battle Clause: Forcing endless battles is banned
|rule|HP Percentage Mod: HP is shown in percentages
|teampreview
|
|start
|switch|p1a: Terrakion|Terrakion|323\/323
|switch|p2a: Iceberg|Avalugg, M|393\/393
|turn|1
|
|move|p1a: Terrakion|Taunt|p2a: Iceberg
|-start|p2a: Iceberg|move: Taunt
|move|p2a: Iceberg|Avalanche|p1a: Terrakion
|-damage|p1a: Terrakion|241\/323
|
|turn|2
|
|move|p1a: Terrakion|Stealth Rock|p2a: Iceberg
|-sidestart|p2: Mega-Altaria|move: Stealth Rock
|move|p2a: Iceberg|Avalanche|p1a: Terrakion
|-crit|p1a: Terrakion
|-damage|p1a: Terrakion|97\/323
|
|turn|3
|
|move|p1a: Terrakion|Stone Edge|p2a: Iceberg|[miss]
|-miss|p1a: Terrakion|p2a: Iceberg
|move|p2a: Iceberg|Rapid Spin|p1a: Terrakion
|-resisted|p1a: Terrakion
|-damage|p1a: Terrakion|87\/323
|-sideend|p2: Mega-Altaria|Stealth Rock|[from] move: Rapid Spin|[of] p2a: Iceberg
|
|-end|p2a: Iceberg|move: Taunt
|turn|4
|
|move|p1a: Terrakion|Stone Edge|p2a: Iceberg
|-supereffective|p2a: Iceberg
|-damage|p2a: Iceberg|223\/393
|move|p2a: Iceberg|Avalanche|p1a: Terrakion
|-damage|p1a: Terrakion|0 fnt
|faint|p1a: Terrakion
|
|-heal|p2a: Iceberg|247\/393|[from] item: Leftovers
|
|switch|p1a: Roserade|Roserade, M|324\/324
|turn|5
|
|switch|p2a: Azor|Talonflame, M|309\/309
|move|p1a: Roserade|Sleep Powder|p2a: Azor
|-status|p2a: Azor|slp
|
|turn|6
|
|cant|p2a: Azor|slp
|move|p1a: Roserade|Toxic Spikes|p2a: Azor
|-sidestart|p2: Mega-Altaria|move: Toxic Spikes
|
|turn|7
|
|switch|p1a: Rotom-Heat|Rotom-Heat|304\/304
|cant|p2a: Azor|slp
|
|turn|8
|
|-curestatus|p2a: Azor|slp
|move|p2a: Azor|U-turn|p1a: Rotom-Heat
|-resisted|p1a: Rotom-Heat
|-damage|p1a: Rotom-Heat|269\/304
|
|switch|p2a: Iceberg|Avalugg, M|247\/393
|-status|p2a: Iceberg|psn
|move|p1a: Rotom-Heat|Volt Switch|p2a: Iceberg
|-damage|p2a: Iceberg|9\/393 psn
|
|switch|p1a: Magnezone|Magnezone|282\/282
|
|-heal|p2a: Iceberg|33\/393 psn|[from] item: Leftovers
|-damage|p2a: Iceberg|0 fnt|[from] psn
|faint|p2a: Iceberg
|
|switch|p2a: Playboy|Diggersby, M|311\/311
|-status|p2a: Playboy|psn
|turn|9
|
|move|p2a: Playboy|Return|p1a: Magnezone
|-resisted|p1a: Magnezone
|-damage|p1a: Magnezone|188\/282
|move|p1a: Magnezone|Flash Cannon|p2a: Playboy
|-damage|p2a: Playboy|124\/311 psn
|-unboost|p2a: Playboy|spd|1
|
|-damage|p2a: Playboy|86\/311 psn|[from] psn
|turn|10
|
|switch|p2a: Azor|Talonflame, M|309\/309
|move|p1a: Magnezone|Flash Cannon|p2a: Azor
|-resisted|p2a: Azor
|-damage|p2a: Azor|209\/309
|
|turn|11
|
|switch|p1a: Rotom-Heat|Rotom-Heat|269\/304
|move|p2a: Azor|U-turn|p1a: Rotom-Heat
|-resisted|p1a: Rotom-Heat
|-damage|p1a: Rotom-Heat|235\/304
|
|switch|p2a: Aero|Aerodactyl, M|307\/307
|-ability|p2a: Aero|Pressure
|
|-heal|p1a: Rotom-Heat|254\/304|[from] item: Leftovers
|turn|12
|
|switch|p1a: Magnezone|Magnezone|188\/282
|detailschange|p2a: Aero|Aerodactyl-Mega, M
|message|Aerodactyl has Mega Evolved into Mega Aerodactyl!
|move|p2a: Aero|Stone Edge|p1a: Magnezone
|-resisted|p1a: Magnezone
|-damage|p1a: Magnezone|107\/282
|
|turn|13
|
|switch|p1a: Landorus|Landorus, M|319\/319
|move|p2a: Aero|Fire Fang|p1a: Landorus
|-damage|p1a: Landorus|187\/319
|
|turn|14
|
|move|p2a: Aero|Ice Fang|p1a: Landorus
|-supereffective|p1a: Landorus
|-damage|p1a: Landorus|0 fnt
|faint|p1a: Landorus
|
|
|switch|p1a: Roserade|Roserade, M|324\/324
|turn|15
|
|move|p2a: Aero|Ice Fang|p1a: Roserade
|-supereffective|p1a: Roserade
|-damage|p1a: Roserade|16\/324
|cant|p1a: Roserade|flinch
|
|-heal|p1a: Roserade|36\/324|[from] item: Black Sludge
|turn|16
|-message|fzappa forfeited.
|
|win|Mega-Altaria
|raw|Ladder updating...
|raw|fzappa's rating: 1719 &rarr; <strong>1702<\/strong><br \/>(-17 for losing)
|raw|Mega-Altaria's rating: 1768 &rarr; <strong>1785<\/strong><br \/>(+17 for winning)
|leave|fzappa
|player|p1