|join|fzappa
|join|Ace Trainer Apollo
|player|p1|fzappa|2
|player|p2|Ace Trainer Apollo|101
|gametype|singles
|gen|6
|tier|OU
|rated
|clearpoke
|poke|p1|Azumarill, M
|poke|p1|Charizard, M
|poke|p1|Amoonguss, F
|poke|p1|Gallade, M
|poke|p1|Latios, M
|poke|p1|Skarmory, M
|poke|p2|Archeops, F
|poke|p2|Rotom-Wash
|poke|p2|Flygon, M
|poke|p2|Whimsicott, F
|poke|p2|Jolteon, F
|poke|p2|Beedrill, M
|rule|Swagger Clause: Swagger is banned
|rule|Baton Pass Clause: Limit one Pokémon knowing Baton Pass
|rule|Sleep Clause Mod: Limit one foe put to sleep
|rule|Species Clause: Limit one of each Pokémon
|rule|OHKO Clause: OHKO moves are banned
|rule|Moody Clause: Moody is banned
|rule|Evasion Moves Clause: Evasion moves are banned
|rule|Endless Battle Clause: Forcing endless battles is banned
|rule|HP Percentage Mod: HP is shown in percentages
|teampreview
|
|start
|switch|p1a: Skarmory|Skarmory, M|334\/334
|switch|p2a: No.15|Beedrill, M|293\/293
|turn|1
|
|detailschange|p2a: No.15|Beedrill-Mega, M
|-mega|p2a: No.15|Beedrill|Beedrillite
|move|p2a: No.15|U-turn|p1a: Skarmory
|-resisted|p1a: Skarmory
|-damage|p1a: Skarmory|310\/334
|
|switch|p2a: Antlione|Flygon, M|346\/346
|move|p1a: Skarmory|Stealth Rock|p2a: Antlione
|-sidestart|p2: Ace Trainer Apollo|move: Stealth Rock
|
|turn|2
|
|switch|p1a: Azumarill|Azumarill, M|404\/404
|move|p2a: Antlione|Defog|p1a: Azumarill
|-unboost|p1a: Azumarill|evasion|1
|-sideend|p2: Ace Trainer Apollo|Stealth Rock|[from] move: Defog|[of] p2a: Antlione
|
|turn|3
|
|switch|p2a: Mr. Clean|Rotom-Wash|303\/303
|move|p1a: Azumarill|Play Rough|p2a: Mr. Clean|[miss]
|-miss|p1a: Azumarill|p2a: Mr. Clean
|
|turn|4
|
|switch|p1a: Charizard|Charizard, M|333\/333
|move|p2a: Mr. Clean|Volt Switch|p1a: Charizard
|-supereffective|p1a: Charizard
|-damage|p1a: Charizard|141\/333
|
|switch|p2a: Jolt|Jolteon, F|291\/291
|
|turn|5
|
|detailschange|p1a: Charizard|Charizard-Mega-X, M
|-mega|p1a: Charizard|Charizard|Charizardite X
|move|p2a: Jolt|Volt Switch|p1a: Charizard
|-crit|p1a: Charizard
|-resisted|p1a: Charizard
|-damage|p1a: Charizard|27\/333
|-damage|p2a: Jolt|262\/291|[from] item: Life Orb
|
|switch|p2a: Whimsi|Whimsicott, F|322\/322
|move|p1a: Charizard|Roost|p1a: Charizard
|-heal|p1a: Charizard|194\/333
|
|turn|6
|
|switch|p1a: Amoonguss|Amoonguss, F|432\/432
|move|p2a: Whimsi|Encore|p1a: Amoonguss
|-fail|p1a: Amoonguss
|
|turn|7
|
|move|p2a: Whimsi|U-turn|p1a: Amoonguss
|-damage|p1a: Amoonguss|383\/432
|
|switch|p2a: No.15|Beedrill-Mega, M|293\/293
|move|p1a: Amoonguss|Hidden Power|p2a: No.15
|-supereffective|p2a: No.15
|-damage|p2a: No.15|199\/293
|
|-heal|p1a: Amoonguss|410\/432|[from] item: Black Sludge
|turn|8
|
|move|p2a: No.15|Knock Off|p1a: Amoonguss
|-damage|p1a: Amoonguss|243\/432
|-enditem|p1a: Amoonguss|Black Sludge|[from] move: Knock Off|[of] p2a: No.15
|move|p1a: Amoonguss|Spore|p2a: No.15
|-status|p2a: No.15|slp
|
|turn|9
|
|switch|p2a: Mr. Clean|Rotom-Wash|303\/303
|switch|p1a: Skarmory|Skarmory, M|310\/334
|
|turn|10
|
|move|p2a: Mr. Clean|Volt Switch|p1a: Skarmory
|-supereffective|p1a: Skarmory
|-damage|p1a: Skarmory|98\/334
|
|switch|p2a: Antlione|Flygon, M|346\/346
|move|p1a: Skarmory|Stealth Rock|p2a: Antlione
|-sidestart|p2: Ace Trainer Apollo|move: Stealth Rock
|
|turn|11
|
|move|p2a: Antlione|Defog|p1a: Skarmory
|-unboost|p1a: Skarmory|evasion|1
|-sideend|p2: Ace Trainer Apollo|Stealth Rock|[from] move: Defog|[of] p2a: Antlione
|move|p1a: Skarmory|Toxic|p2a: Antlione
|-status|p2a: Antlione|tox
|-enditem|p2a: Antlione|Lum Berry|[eat]
|-curestatus|p2a: Antlione|tox
|
|turn|12
|
|move|p2a: Antlione|Fire Blast|p1a: Skarmory
|-supereffective|p1a: Skarmory
|-damage|p1a: Skarmory|0 fnt
|faint|p1a: Skarmory
|
|
|switch|p1a: Azumarill|Azumarill, M|404\/404
|turn|13
|
|switch|p2a: Mr. Clean|Rotom-Wash|303\/303
|move|p1a: Azumarill|Play Rough|p2a: Mr. Clean
|-damage|p2a: Mr. Clean|105\/303
|
|-heal|p2a: Mr. Clean|123\/303|[from] item: Leftovers
|turn|14
|
|move|p2a: Mr. Clean|Pain Split|p1a: Azumarill
|-sethp|p1a: Azumarill|263\/404|p2a: Mr. Clean|263\/303|[from] move: Pain Split
|move|p1a: Azumarill|Play Rough|p2a: Mr. Clean
|-damage|p2a: Mr. Clean|44\/303
|
|-heal|p2a: Mr. Clean|62\/303|[from] item: Leftovers
|turn|15
|
|switch|p1a: Charizard|Charizard-Mega-X, M|194\/333
|move|p2a: Mr. Clean|Will-O-Wisp|p1a: Charizard
|-fail|p1a: Charizard
|
|-heal|p2a: Mr. Clean|80\/303|[from] item: Leftovers
|turn|16
|
|switch|p2a: Aero|Archeops, F|311\/311
|move|p1a: Charizard|Flare Blitz|p2a: Aero
|-resisted|p2a: Aero
|-damage|p2a: Aero|86\/311
|-damage|p1a: Charizard|120\/333|[from] recoil|[of] p2a: Aero
|
|turn|17
|
|move|p2a: Aero|Head Smash|p1a: Charizard
|-supereffective|p1a: Charizard
|-damage|p1a: Charizard|0 fnt
|-damage|p2a: Aero|26\/311|[from] recoil|[of] p1a: Charizard
|faint|p1a: Charizard
|
|
|switch|p1a: Amoonguss|Amoonguss, F|387\/432
|turn|18
|
|move|p2a: Aero|Head Smash|p1a: Amoonguss
|-damage|p1a: Amoonguss|188\/432
|-damage|p2a: Aero|0 fnt|[from] recoil|[of] p1a: Amoonguss
|faint|p2a: Aero
|move|p1a: Amoonguss|Hidden Power|p2: Aero|[notarget]
|-notarget
|
|
|switch|p2a: Mr. Clean|Rotom-Wash|80\/303
|turn|19
|
|move|p2a: Mr. Clean|Volt Switch|p1a: Amoonguss
|-resisted|p1a: Amoonguss
|-damage|p1a: Amoonguss|152\/432
|
|switch|p2a: Whimsi|Whimsicott, F|322\/322
|move|p1a: Amoonguss|Giga Drain|p2a: Whimsi
|-resisted|p2a: Whimsi
|-damage|p2a: Whimsi|288\/322
|-heal|p1a: Amoonguss|169\/432|[from] drain|[of] p2a: Whimsi
|
|turn|20
|
|switch|p1a: Latios|Latios, M|302\/302
|move|p2a: Whimsi|U-turn|p1a: Latios
|-supereffective|p1a: Latios
|-damage|p1a: Latios|200\/302
|
|switch|p2a: Mr. Clean|Rotom-Wash|80\/303
|
|-heal|p2a: Mr. Clean|98\/303|[from] item: Leftovers
|turn|21
|
|switch|p2a: Whimsi|Whimsicott, F|288\/322
|move|p1a: Latios|Psyshock|p2a: Whimsi
|-damage|p2a: Whimsi|115\/322
|-damage|p1a: Latios|170\/302|[from] item: Life Orb
|-enditem|p2a: Whimsi|Sitrus Berry|[eat]
|-heal|p2a: Whimsi|195\/322|[from] item: Sitrus Berry
|
|turn|22
|
|move|p1a: Latios|Psyshock|p2a: Whimsi
|-damage|p2a: Whimsi|4\/322
|-damage|p1a: Latios|140\/302|[from] item: Life Orb
|move|p2a: Whimsi|Moonblast|p1a: Latios
|-supereffective|p1a: Latios
|-damage|p1a: Latios|0 fnt
|faint|p1a: Latios
|
|
|switch|p1a: Amoonguss|Amoonguss, F|313\/432
|turn|23
|
|move|p2a: Whimsi|U-turn|p1a: Amoonguss
|-damage|p1a: Amoonguss|259\/432
|
|switch|p2a: Jolt|Jolteon, F|262\/291
|move|p1a: Amoonguss|Giga Drain|p2a: Jolt
|-damage|p2a: Jolt|196\/291
|-heal|p1a: Amoonguss|292\/432|[from] drain|[of] p2a: Jolt
|
|turn|24
|
|move|p2a: Jolt|Heal Bell|p2a: Jolt
|-cureteam|p2a: Jolt|[from] move: HealBell
|move|p1a: Amoonguss|Giga Drain|p2a: Jolt
|-damage|p2a: Jolt|127\/291
|-heal|p1a: Amoonguss|327\/432|[from] drain|[of] p2a: Jolt
|
|turn|25
|
|move|p2a: Jolt|Volt Switch|p1a: Amoonguss
|-resisted|p1a: Amoonguss
|-damage|p1a: Amoonguss|274\/432
|-damage|p2a: Jolt|98\/291|[from] item: Life Orb
|
|switch|p2a: Whimsi|Whimsicott, F|4\/322
|move|p1a: Amoonguss|Spore|p2a: Whimsi
|-fail|p2a: Whimsi
|
|turn|26
|
|switch|p1a: Gallade|Gallade, M|277\/277
|move|p2a: Whimsi|U-turn|p1a: Gallade
|-damage|p1a: Gallade|215\/277
|
|switch|p2a: No.15|Beedrill-Mega, M|199\/293
|
|turn|27
|
|move|p2a: No.15|Poison Jab|p1a: Gallade
|-damage|p1a: Gallade|0 fnt
|faint|p1a: Gallade
|
|
|switch|p1a: Azumarill|Azumarill, M|263\/404
|turn|28
|
|move|p2a: No.15|Protect|p2a: No.15
|-singleturn|p2a: No.15|Protect
|move|p1a: Azumarill|Aqua Jet|p2a: No.15
|-activate|p2a: No.15|Protect
|
|turn|29
|
|switch|p2a: Jolt|Jolteon, F|98\/291
|move|p1a: Azumarill|Aqua Jet|p2a: Jolt
|-damage|p2a: Jolt|0 fnt
|faint|p2a: Jolt
|
|
|switch|p2a: Mr. Clean|Rotom-Wash|98\/303
|turn|30
|
|switch|p1a: Amoonguss|Amoonguss, F|418\/432
|move|p2a: Mr. Clean|Will-O-Wisp|p1a: Amoonguss|[miss]
|-miss|p2a: Mr. Clean|p1a: Amoonguss
|
|-heal|p2a: Mr. Clean|116\/303|[from] item: Leftovers
|turn|31
|c|★Ace Trainer Apollo|lovely
|
|move|p2a: Mr. Clean|Volt Switch|p1a: Amoonguss
|-resisted|p1a: Amoonguss
|-damage|p1a: Amoonguss|380\/432
|
|switch|p2a: Antlione|Flygon, M|346\/346
|move|p1a: Amoonguss|Giga Drain|p2a: Antlione
|-damage|p2a: Antlione|259\/346
|-heal|p1a: Amoonguss|424\/432|[from] drain|[of] p2a: Antlione
|
|turn|32
|
|move|p2a: Antlione|Fire Blast|p1a: Amoonguss
|-supereffective|p1a: Amoonguss
|-damage|p1a: Amoonguss|296\/432
|-status|p1a: Amoonguss|brn
|move|p1a: Amoonguss|Spore|p2a: Antlione
|-status|p2a: Antlione|slp
|
|-damage|p1a: Amoonguss|242\/432 brn|[from] brn
|turn|33
|c|★Ace Trainer Apollo|oh from skarm earlier...
|
|switch|p2a: Whimsi|Whimsicott, F|4\/322
|switch|p1a: Azumarill|Azumarill, M|263\/404
|
|turn|34
|
|move|p1a: Azumarill|Aqua Jet|p2a: Whimsi
|-crit|p2a: Whimsi
|-resisted|p2a: Whimsi
|-damage|p2a: Whimsi|0 fnt
|faint|p2a: Whimsi
|
|
|switch|p2a: Mr. Clean|Rotom-Wash|116\/303
|turn|35
|
|switch|p1a: Amoonguss|Amoonguss, F|386\/432 brn
|move|p2a: Mr. Clean|Pain Split|p1a: Amoonguss
|-sethp|p1a: Amoonguss|251\/432 brn|p2a: Mr. Clean|251\/303|[from] move: Pain Split
|
|-heal|p2a: Mr. Clean|269\/303|[from] item: Leftovers
|-damage|p1a: Amoonguss|197\/432 brn|[from] brn
|turn|36
|
|move|p2a: Mr. Clean|Volt Switch|p1a: Amoonguss
|-resisted|p1a: Amoonguss
|-damage|p1a: Amoonguss|163\/432 brn
|
|switch|p2a: No.15|Beedrill-Mega, M|199\/293
|move|p1a: Amoonguss|Hidden Power|p2a: No.15
|-supereffective|p2a: No.15
|-damage|p2a: No.15|107\/293
|
|-damage|p1a: Amoonguss|109\/432 brn|[from] brn
|turn|37
|
|switch|p1a: Azumarill|Azumarill, M|263\/404
|move|p2a: No.15|Poison Jab|p1a: Azumarill
|-supereffective|p1a: Azumarill
|-damage|p1a: Azumarill|0 fnt
|faint|p1a: Azumarill
|
|c|★Ace Trainer Apollo|gg
|-message|fzappa forfeited.
|leave|fzappa
|
|win|Ace Trainer Apollo
|raw|Ladder updating...
|player|p1
|raw|fzappa's rating: 1618 &rarr; <strong>1599<\/strong><br \/>(-19 for losing)
|raw|Ace Trainer Apollo's rating: 1639 &rarr; <strong>1658<\/strong><br \/>(+19 for winning)