|join|lil manaphy
|join|fzappa
|player|p1|lil manaphy|98
|player|p2|fzappa|265
|gametype|singles
|gen|6
|tier|OU
|rated
|clearpoke
|poke|p1|Lopunny, F
|poke|p1|Rotom-Wash
|poke|p1|Gothitelle, F
|poke|p1|Mandibuzz, F
|poke|p1|Heatran, M
|poke|p1|Celebi
|poke|p2|Breloom, M
|poke|p2|Starmie
|poke|p2|Jirachi
|poke|p2|Clefable, F
|poke|p2|Rhyperior, F
|poke|p2|Charizard, M
|rule|Swagger Clause: Swagger is banned
|rule|Baton Pass Clause: Limit one Pokémon knowing Baton Pass
|rule|Sleep Clause Mod: Limit one foe put to sleep
|rule|Species Clause: Limit one of each Pokémon
|rule|OHKO Clause: OHKO moves are banned
|rule|Moody Clause: Moody is banned
|rule|Evasion Moves Clause: Evasion moves are banned
|rule|Endless Battle Clause: Forcing endless battles is banned
|rule|HP Percentage Mod: HP is shown in percentages
|teampreview
|
|start
|switch|p1a: Lopunny|Lopunny, F|271\/271
|switch|p2a: Charizard|Charizard, M|297\/297
|turn|1
|
|switch|p2a: Starmie|Starmie|324\/324
|detailschange|p1a: Lopunny|Lopunny-Mega, F
|message|Lopunny has Mega Evolved into Mega Lopunny!
|move|p1a: Lopunny|Fake Out|p2a: Starmie
|-damage|p2a: Starmie|260\/324
|
|-heal|p2a: Starmie|280\/324|[from] item: Leftovers
|turn|2
|
|switch|p1a: Celebi|Celebi|404\/404
|switch|p2a: Charizard|Charizard, M|297\/297
|
|turn|3
|
|switch|p1a: Mandibuzz|Mandibuzz, F|424\/424
|detailschange|p2a: Charizard|Charizard-Mega-Y, M
|message|Charizard has Mega Evolved into Mega Charizard!
|-weather|SunnyDay
|move|p2a: Charizard|Earthquake|p1a: Mandibuzz
|-immune|p1a: Mandibuzz|[msg]
|
|-weather|SunnyDay|[upkeep]
|turn|4
|
|switch|p1a: Heatran|Heatran, M|386\/386
|move|p2a: Charizard|Fire Blast|p1a: Heatran
|-start|p1a: Heatran|ability: Flash Fire
|
|-weather|SunnyDay|[upkeep]
|turn|5
|
|move|p2a: Charizard|Fire Blast|p1a: Heatran
|-immune|p1a: Heatran|[msg]
|move|p1a: Heatran|Toxic|p2a: Charizard
|-status|p2a: Charizard|tox
|
|-weather|SunnyDay|[upkeep]
|-damage|p2a: Charizard|279\/297 tox|[from] psn
|turn|6
|-message|fzappa forfeited.
|
|win|lil manaphy
|raw|Ladder updating...
|leave|fzappa
|player|p2