|join|fzappa
|join|Hachimaki98
|player|p1|fzappa|1
|player|p2|Hachimaki98|250
|gametype|singles
|gen|6
|tier|OU
|rated
|clearpoke
|poke|p1|Landorus, M
|poke|p1|Entei, shiny
|poke|p1|Gardevoir, F
|poke|p1|Magnezone
|poke|p1|Terrakion
|poke|p1|Roserade, M
|poke|p2|Greninja, F, shiny
|poke|p2|Scizor, M, shiny
|poke|p2|Infernape, M
|poke|p2|Conkeldurr, M
|poke|p2|Bisharp, F
|poke|p2|Talonflame, F
|rule|Swagger Clause: Swagger is banned
|rule|Baton Pass Clause: Limit one Pokémon knowing Baton Pass
|rule|Sleep Clause Mod: Limit one foe put to sleep
|rule|Species Clause: Limit one of each Pokémon
|rule|OHKO Clause: OHKO moves are banned
|rule|Moody Clause: Moody is banned
|rule|Evasion Moves Clause: Evasion moves are banned
|rule|Endless Battle Clause: Forcing endless battles is banned
|rule|HP Percentage Mod: HP is shown in percentages
|teampreview
|
|start
|switch|p1a: Terrakion|Terrakion|323\/323
|switch|p2a: Aki|Infernape, M|293\/293
|turn|1
|
|move|p2a: Aki|Fake Out|p1a: Terrakion
|-resisted|p1a: Terrakion
|-damage|p1a: Terrakion|300\/323
|cant|p1a: Terrakion|flinch
|
|turn|2
|
|move|p1a: Terrakion|Stealth Rock|p2a: Aki
|-sidestart|p2: Hachimaki98|move: Stealth Rock
|move|p2a: Aki|Stealth Rock|p1a: Terrakion
|-sidestart|p1: fzappa|move: Stealth Rock
|
|turn|3
|
|move|p2a: Aki|Mach Punch|p1a: Terrakion
|-supereffective|p1a: Terrakion
|-damage|p1a: Terrakion|178\/323
|move|p1a: Terrakion|Close Combat|p2a: Aki
|-damage|p2a: Aki|5\/293
|-unboost|p1a: Terrakion|def|1
|-unboost|p1a: Terrakion|spd|1
|
|turn|4
|
|move|p2a: Aki|Mach Punch|p1a: Terrakion
|-supereffective|p1a: Terrakion
|-damage|p1a: Terrakion|0 fnt
|faint|p1a: Terrakion
|
|
|switch|p1a: Magnezone|Magnezone|282\/282
|-damage|p1a: Magnezone|265\/282|[from] Stealth Rock
|turn|5
|
|move|p2a: Aki|Mach Punch|p1a: Magnezone
|-supereffective|p1a: Magnezone
|-damage|p1a: Magnezone|157\/282
|move|p1a: Magnezone|Volt Switch|p2a: Aki
|-damage|p2a: Aki|0 fnt
|faint|p2a: Aki
|
|switch|p1a: Entei|Entei, shiny|411\/411
|-damage|p1a: Entei|309\/411|[from] Stealth Rock
|-ability|p1a: Entei|Pressure
|
|
|switch|p2a: Kurohime|Greninja, F, shiny|286\/286
|-damage|p2a: Kurohime|251\/286|[from] Stealth Rock
|turn|6
|
|move|p1a: Entei|Extreme Speed|p2a: Kurohime
|-crit|p2a: Kurohime
|-damage|p2a: Kurohime|1\/286
|-damage|p1a: Entei|268\/411|[from] item: Life Orb
|move|p2a: Kurohime|Surf|p1a: Entei
|-start|p2a: Kurohime|typechange|Water|[from] Protean
|-supereffective|p1a: Entei
|-damage|p1a: Entei|0 fnt
|-damage|p2a: Kurohime|0 fnt|[from] item: Life Orb
|faint|p1a: Entei
|faint|p2a: Kurohime
|
|
|switch|p1a: Landorus|Landorus, M|319\/319
|-damage|p1a: Landorus|280\/319|[from] Stealth Rock
|switch|p2a: Masamune|Bisharp, F|272\/272
|-damage|p2a: Masamune|255\/272|[from] Stealth Rock
|turn|7
|
|move|p2a: Masamune|Sucker Punch|p1a: Landorus
|-fail|p1a: Landorus
|move|p1a: Landorus|Substitute|p1a: Landorus
|-start|p1a: Landorus|Substitute
|-damage|p1a: Landorus|201\/319
|
|turn|8
|
|move|p2a: Masamune|Sucker Punch|p1a: Landorus
|-end|p1a: Landorus|Substitute
|-damage|p2a: Masamune|228\/272|[from] item: Life Orb
|move|p1a: Landorus|Earth Power|p2a: Masamune
|-supereffective|p2a: Masamune
|-damage|p2a: Masamune|0 fnt
|faint|p2a: Masamune
|
|
|switch|p2a: Stein|Conkeldurr, M|401\/401
|-damage|p2a: Stein|376\/401|[from] Stealth Rock
|turn|9
|
|switch|p1a: Roserade|Roserade, M|324\/324
|-damage|p1a: Roserade|284\/324|[from] Stealth Rock
|move|p2a: Stein|Ice Punch|p1a: Roserade
|-supereffective|p1a: Roserade
|-damage|p1a: Roserade|6\/324
|
|-heal|p1a: Roserade|26\/324|[from] item: Black Sludge
|turn|10
|
|move|p2a: Stein|Mach Punch|p1a: Roserade
|-resisted|p1a: Roserade
|-damage|p1a: Roserade|0 fnt
|faint|p1a: Roserade
|
|
|switch|p1a: Gardevoir|Gardevoir, F|277\/277
|-damage|p1a: Gardevoir|243\/277|[from] Stealth Rock
|-ability|p1a: Gardevoir|Guts|[from] ability: Trace|[of] p2a: Stein
|turn|11
|
|switch|p2a: Ken|Scizor, M, shiny|281\/281
|-damage|p2a: Ken|246\/281|[from] Stealth Rock
|detailschange|p1a: Gardevoir|Gardevoir-Mega, F
|message|Gardevoir has Mega Evolved into Mega Gardevoir!
|move|p1a: Gardevoir|Hyper Voice|p2a: Ken
|-resisted|p2a: Ken
|-damage|p2a: Ken|108\/281
|
|turn|12
|
|switch|p1a: Magnezone|Magnezone|157\/282
|-damage|p1a: Magnezone|140\/282|[from] Stealth Rock
|detailschange|p2a: Ken|Scizor-Mega, M, shiny
|message|Scizor has Mega Evolved into Mega Scizor!
|move|p2a: Ken|Superpower|p1a: Magnezone
|-supereffective|p1a: Magnezone
|-damage|p1a: Magnezone|0 fnt
|-unboost|p2a: Ken|atk|1
|-unboost|p2a: Ken|def|1
|faint|p1a: Magnezone
|
|
|switch|p1a: Landorus|Landorus, M|201\/319
|-damage|p1a: Landorus|162\/319|[from] Stealth Rock
|turn|13
|
|move|p2a: Ken|Bullet Punch|p1a: Landorus
|-damage|p1a: Landorus|74\/319
|move|p1a: Landorus|Psychic|p2a: Ken
|-resisted|p2a: Ken
|-damage|p2a: Ken|13\/281
|
|turn|14
|
|move|p2a: Ken|Bullet Punch|p1a: Landorus
|-damage|p1a: Landorus|0 fnt
|faint|p1a: Landorus
|
|-message|fzappa forfeited.
|
|win|Hachimaki98
|raw|Ladder updating...
|leave|fzappa
|player|p1