|join|Bob the Bro
|join|ZellJr
|player|p1|Bob the Bro|23
|player|p2|ZellJr|265
|gametype|singles
|gen|6
|tier|UU
|rule|Sleep Clause Mod: Limit one foe put to sleep
|rule|Species Clause: Limit one of each Pokémon
|rule|OHKO Clause: OHKO moves are banned
|rule|Moody Clause: Moody is banned
|rule|Evasion Moves Clause: Evasion moves are banned
|rule|Endless Battle Clause: Forcing endless battles is banned
|rule|HP Percentage Mod: HP is shown in percentages
|clearpoke
|poke|p1|Shedinja
|poke|p1|Blissey, F
|poke|p1|Zygarde
|poke|p1|Aggron, M
|poke|p1|Tentacruel, M
|poke|p1|Togetic, M
|poke|p2|Swampert, M
|poke|p2|Poliwrath, M
|poke|p2|Gorebyss, M
|poke|p2|Kingdra, F
|poke|p2|Ludicolo, F
|poke|p2|Kyurem
|rule|Swagger Clause: Swagger is banned
|rule|Baton Pass Clause: Limit one Pokémon knowing Baton Pass
|teampreview
|join|Cell in a Hell
|join|SmashBrosBrawl
|join|I3Magikarp
|join|sniperaim
|join|DatLatias
|join|viaw
|c|+SmashBrosBrawl|so
|join|THE_iTodd
|c|+SmashBrosBrawl|shedinja walls
|c| viaw|get rekttt
|c|+SmashBrosBrawl|every single pkmn
|c| viaw|~_~
|c|+SmashBrosBrawl|o_k
|c| DatLatias|!
|c| THE_iTodd|xD
|c|★Bob the Bro|yup
|c|★Bob the Bro|lol
|
|start
|switch|p1a: Tentacruel|Tentacruel, M|364\/364
|switch|p2a: Ludicolo|Ludicolo, F|364\/364
|turn|1
|c| viaw|lOl
|
|move|p2a: Ludicolo|Rain Dance|p2a: Ludicolo
|-weather|RainDance
|move|p1a: Tentacruel|Toxic Spikes|p2a: Ludicolo
|-sidestart|p2: ZellJr|move: Toxic Spikes
|
|-weather|RainDance|[upkeep]
|turn|2
|c|+SmashBrosBrawl|>not leading with shed
|
|move|p2a: Ludicolo|Leech Seed|p1a: Tentacruel
|-start|p1a: Tentacruel|move: Leech Seed
|move|p1a: Tentacruel|Toxic Spikes|p2a: Ludicolo
|-sidestart|p2: ZellJr|move: Toxic Spikes
|
|-weather|RainDance|[upkeep]
|-damage|p1a: Tentacruel|319\/364|[from] Leech Seed|[of] p2a: Ludicolo
|-damage|p2a: Ludicolo|319\/364|[from] ability: Liquid Ooze|[of] p1a: Tentacruel
|turn|3
|join|DMT
|c| DatLatias|EPIC
|c|+SmashBrosBrawl|rofl
|c|★Bob the Bro|oh
|c| DatLatias|SHED AINT WALLIN THTA
|c|+DMT|bob read chat
|c|★Bob the Bro|shed gets seeded
|c|+SmashBrosBrawl|magic coat shed
|leave|viaw
|join|VividLatias
|c|+DMT|i left you a message
|
|switch|p2a: Swampert|Swampert, M|363\/363
|-status|p2a: Swampert|tox
|move|p1a: Tentacruel|Toxic|p2a: Swampert
|-fail|p2a: Swampert|tox
|
|-weather|RainDance|[upkeep]
|-heal|p1a: Tentacruel|341\/364|[from] item: Black Sludge
|-damage|p1a: Tentacruel|296\/364|[from] Leech Seed|[of] p2a: Swampert
|-damage|p2a: Swampert|318\/363 tox|[from] ability: Liquid Ooze|[of] p1a: Tentacruel
|-damage|p2a: Swampert|296\/363 tox|[from] psn
|turn|4
|c| THE_iTodd|just ban him
|c| THE_iTodd|until he gives
|c| THE_iTodd|tbh
|c| VividLatias|16:58] #DMT: bob
|c| VividLatias|[16:58] #DMT: give me that team or ill ban you
|c| VividLatias|[16:58] #DMT: please
|c| THE_iTodd|nice
|c| THE_iTodd|paste
|c| THE_iTodd|m89
|c|+SmashBrosBrawl|m56
|
|switch|p1a: Shedinja|Shedinja|1\/1
|detailschange|p2a: Swampert|Swampert-Mega, M
|message|Swampert has Mega Evolved into Mega Swampert!
|move|p2a: Swampert|Earthquake|p1a: Shedinja
|-activate|p1a: Shedinja|ability: Wonder Guard
|
|-weather|RainDance|[upkeep]
|-damage|p2a: Swampert|252\/363 tox|[from] psn
|turn|5
|join|TheyCallMeNancy
|c| DatLatias|xDDD
|c|+SmashBrosBrawl|yo ho
|c|+SmashBrosBrawl|inb4
|c| VividLatias|hey m8 don't h8 m8
|c|+SmashBrosBrawl|rock slide
|c|+SmashBrosBrawl|swampy
|c| DatLatias|rock
|c| DatLatias|slide
|c| DatLatias|incorporation
|join|Adel Dazim
|
|switch|p2a: Ludicolo|Ludicolo, F|319\/364
|-status|p2a: Ludicolo|tox
|move|p1a: Shedinja|Swords Dance|p1a: Shedinja
|-boost|p1a: Shedinja|atk|2
|
|-weather|RainDance|[upkeep]
|-damage|p2a: Ludicolo|297\/364 tox|[from] psn
|turn|6
|
|move|p2a: Ludicolo|Leech Seed|p1a: Shedinja
|-start|p1a: Shedinja|move: Leech Seed
|move|p1a: Shedinja|X-Scissor|p2a: Ludicolo
|-supereffective|p2a: Ludicolo
|-damage|p2a: Ludicolo|0 fnt
|faint|p2a: Ludicolo
|
|-weather|RainDance|[upkeep]
|c|+SmashBrosBrawl|ez
|join|Last Earth
|c|★Bob the Bro|not today
|c|+DMT|6-0 with seed
|
|switch|p2a: Kingdra|Kingdra, F|291\/291
|-status|p2a: Kingdra|tox
|turn|7
|c|+DMT|confirmed inbound
|
|switch|p1a: Blissey|Blissey, F|714\/714
|move|p2a: Kingdra|Focus Energy|p2a: Kingdra
|-start|p2a: Kingdra|move: Focus Energy
|
|-weather|RainDance|[upkeep]
|-damage|p2a: Kingdra|273\/291 tox|[from] psn
|turn|8
|c|+SmashBrosBrawl|rofl
|
|move|p1a: Blissey|Protect|p1a: Blissey
|-singleturn|p1a: Blissey|Protect
|move|p2a: Kingdra|Draco Meteor|p1a: Blissey
|-activate|p1a: Blissey|Protect
|
|-weather|none
|-damage|p2a: Kingdra|237\/291 tox|[from] psn
|turn|9
|c|+DMT|where's this going
|c|+DMT|idk
|join|meowiekins
|
|switch|p1a: Shedinja|Shedinja|1\/1
|move|p2a: Kingdra|Draco Meteor|p1a: Shedinja
|-activate|p1a: Shedinja|ability: Wonder Guard
|
|-damage|p2a: Kingdra|183\/291 tox|[from] psn
|turn|10
|c|+SmashBrosBrawl|hp fire here
|c|+DMT|please
|c|+DMT|HP fire
|c|+DMT|please
|
|move|p2a: Kingdra|Draco Meteor|p1a: Shedinja
|-activate|p1a: Shedinja|ability: Wonder Guard
|move|p1a: Shedinja|Swords Dance|p1a: Shedinja
|-boost|p1a: Shedinja|atk|2
|
|-damage|p2a: Kingdra|111\/291 tox|[from] psn
|turn|11
|c|+DMT|that'd be so real
|c|+DMT|ase
|c|★Bob the Bro|ez
|c|★Bob the Bro|pz
|
|move|p2a: Kingdra|Draco Meteor|p1a: Shedinja
|-activate|p1a: Shedinja|ability: Wonder Guard
|move|p1a: Shedinja|Swords Dance|p1a: Shedinja
|-boost|p1a: Shedinja|atk|2
|
|-damage|p2a: Kingdra|21\/291 tox|[from] psn
|turn|12
|c| VividLatias|sigh.
|c|+SmashBrosBrawl|lol what a hacker
|
|move|p2a: Kingdra|Draco Meteor|p1a: Shedinja
|-activate|p1a: Shedinja|ability: Wonder Guard
|move|p1a: Shedinja|Swords Dance|p1a: Shedinja
|-boost|p1a: Shedinja|atk|2
|
|-damage|p2a: Kingdra|0 fnt|[from] psn
|faint|p2a: Kingdra
|c| meowiekins|crit
|c| meowiekins|throuh
|
|switch|p2a: Kyurem|Kyurem|391\/391
|-status|p2a: Kyurem|tox
|-ability|p2a: Kyurem|Pressure
|turn|13
|c| meowiekins|wonderguard
|c| VividLatias|LOL
|c|+DMT|tbh if he ran outta dracos
|c|★Bob the Bro|does this sneak kill
|c|+DMT|he could have struggled
|c|+SmashBrosBrawl|no
|c|+DMT|no way
|c|+DMT|lol
|
|move|p2a: Kyurem|Outrage|p1a: Shedinja
|-activate|p1a: Shedinja|ability: Wonder Guard
|move|p1a: Shedinja|X-Scissor|p2a: Kyurem
|-damage|p2a: Kyurem|0 fnt
|faint|p2a: Kyurem
|
|c|+DMT|it'll do like 70%
|
|switch|p2a: Swampert|Swampert-Mega, M|252\/363 tox
|turn|14
|c| meowiekins|nothing on his team can hit you
|
|move|p2a: Swampert|Waterfall|p1a: Shedinja
|-activate|p1a: Shedinja|ability: Wonder Guard
|move|p1a: Shedinja|X-Scissor|p2a: Swampert
|-damage|p2a: Swampert|0 fnt
|faint|p2a: Swampert
|
|c| meowiekins|not a single thing
|
|switch|p2a: Gorebyss|Gorebyss, M|272\/272
|-status|p2a: Gorebyss|tox
|turn|15
|c|★Bob the Bro|rip
|c|+DMT|seed ludi
|c| I3Magikarp|what a weak team
|c|+DMT|was only hope
|c| I3Magikarp|no kabutops
|c| I3Magikarp|smh
|
|move|p1a: Shedinja|X-Scissor|p2a: Gorebyss
|-damage|p2a: Gorebyss|0 fnt
|faint|p2a: Gorebyss
|
|c|+DMT|it's solid team
|c|+DMT|but
|
|switch|p2a: Poliwrath|Poliwrath, M|322\/322
|-status|p2a: Poliwrath|tox
|turn|16
|
|move|p1a: Shedinja|Shadow Sneak|p2a: Poliwrath
|-damage|p2a: Poliwrath|51\/322 tox
|-enditem|p2a: Poliwrath|Sitrus Berry|[eat]
|-heal|p2a: Poliwrath|131\/322 tox|[from] item: Sitrus Berry
|move|p2a: Poliwrath|Brick Break|p1a: Shedinja
|-immune|p1a: Shedinja|[msg]
|
|-damage|p2a: Poliwrath|111\/322 tox|[from] psn
|turn|17
|c|+SmashBrosBrawl|,
|c|+DMT|shedinja \(:))\/
|c| THE_iTodd|ez
|c| I3Magikarp|oh
|
|move|p1a: Shedinja|Shadow Sneak|p2a: Poliwrath
|-crit|p2a: Poliwrath
|-damage|p2a: Poliwrath|0 fnt
|faint|p2a: Poliwrath
|
|win|Bob the Bro
|c| I3Magikarp|it was BD poliwrath
|leave|DMT
|c|★Bob the Bro|clean
|leave|TheyCallMeNancy
|leave|meowiekins
|leave|sniperaim
|leave|ZellJr
|c|★Bob the Bro|6-0
|leave|SmashBrosBrawl
|player|p2
|leave|I3Magikarp
|leave|Bob the Bro
|player|p1