|join|Pkmn Champ Lance
|join|Bob the Bro
|player|p1|Pkmn Champ Lance|153
|player|p2|Bob the Bro|23
|gametype|singles
|gen|6
|tier|UU
|rated
|rule|Sleep Clause Mod: Limit one foe put to sleep
|rule|Species Clause: Limit one of each Pokémon
|rule|OHKO Clause: OHKO moves are banned
|rule|Moody Clause: Moody is banned
|rule|Evasion Moves Clause: Evasion moves are banned
|rule|Endless Battle Clause: Forcing endless battles is banned
|rule|HP Percentage Mod: HP is shown in percentages
|clearpoke
|poke|p1|Zygarde
|poke|p1|Hippowdon, M
|poke|p1|Lucario, M
|poke|p1|Ampharos, F
|poke|p1|Mienshao, F
|poke|p1|Florges, F
|poke|p2|Zygarde
|poke|p2|Jellicent, M
|poke|p2|Blissey, F
|poke|p2|Aromatisse, F
|poke|p2|Aggron, F
|poke|p2|Forretress, M
|rule|Swagger Clause: Swagger is banned
|rule|Baton Pass Clause: Limit one Pokémon knowing Baton Pass
|teampreview
|join|aFINEWINE
|c|★Pkmn Champ Lance|can we not
|c|★Pkmn Champ Lance|not trying to have another 116 turn game
|c|★Pkmn Champ Lance|heads or tails, loser has to forfeit
|
|start
|switch|p1a: Ampharos|Ampharos, F|322\/322
|switch|p2a: Fabled Tortoise|Forretress, M|354\/354
|turn|1
|c|★Pkmn Champ Lance|another crit?
|
|switch|p2a: Sham|Blissey, F|714\/714
|detailschange|p1a: Ampharos|Ampharos-Mega, F
|message|Ampharos has Mega Evolved into Mega Ampharos!
|-ability|p1a: Ampharos|Mold Breaker
|move|p1a: Ampharos|Thunderbolt|p2a: Sham
|-damage|p2a: Sham|557\/714
|-status|p2a: Sham|par
|
|-heal|p2a: Sham|601\/714 par|[from] item: Leftovers
|turn|2
|c|★Pkmn Champ Lance|scared
|join|moewiekins
|
|switch|p1a: Lucario|Lucario, M|281\/281
|move|p2a: Sham|Wish|p2a: Sham
|
|-heal|p2a: Sham|645\/714 par|[from] item: Leftovers
|turn|3
|
|switch|p1a: Ampharos|Ampharos-Mega, F|322\/322
|-ability|p1a: Ampharos|Mold Breaker
|switch|p2a: Bee|Jellicent, M|404\/404
|
|turn|4
|
|switch|p2a: Sham|Blissey, F|645\/714
|move|p1a: Ampharos|Thunderbolt|p2a: Sham
|-damage|p2a: Sham|483\/714
|
|-heal|p2a: Sham|527\/714|[from] item: Leftovers
|turn|5
|
|switch|p1a: Lucario|Lucario, M|281\/281
|move|p2a: Sham|Seismic Toss|p1a: Lucario
|-damage|p1a: Lucario|181\/281
|
|-heal|p2a: Sham|571\/714|[from] item: Leftovers
|turn|6
|
|switch|p2a: Bee|Jellicent, M|404\/404
|move|p1a: Lucario|Focus Blast|p2a: Bee
|-immune|p2a: Bee|[msg]
|
|turn|7
|
|switch|p1a: Ampharos|Ampharos-Mega, F|322\/322
|-ability|p1a: Ampharos|Mold Breaker
|move|p2a: Bee|Will-O-Wisp|p1a: Ampharos
|-status|p1a: Ampharos|brn
|
|-damage|p1a: Ampharos|282\/322 brn|[from] brn
|turn|8
|c| moewiekins|Lucario used Focus Blast!
|
|switch|p1a: Lucario|Lucario, M|181\/281
|switch|p2a: Sham|Blissey, F|571\/714
|
|-heal|p2a: Sham|615\/714|[from] item: Leftovers
|turn|9
|c| moewiekins|uwotm9
|
|switch|p1a: Mienshao|Mienshao, F|271\/271
|switch|p2a: Bee|Jellicent, M|404\/404
|
|turn|10
|
|switch|p2a: Cradle|Aromatisse, F|406\/406
|move|p1a: Mienshao|Knock Off|p2a: Cradle
|-resisted|p2a: Cradle
|-damage|p2a: Cradle|360\/406
|-enditem|p2a: Cradle|Leftovers|[from] move: Knock Off|[of] p1a: Mienshao
|
|turn|11
|
|switch|p1a: Florges|Florges, F|360\/360
|switch|p2a: Fabled Tortoise|Forretress, M|354\/354
|
|turn|12
|
|switch|p1a: Ampharos|Ampharos-Mega, F|282\/322 brn
|-ability|p1a: Ampharos|Mold Breaker
|move|p2a: Fabled Tortoise|Spikes|p1a: Ampharos
|-sidestart|p1: Pkmn Champ Lance|Spikes
|
|-damage|p1a: Ampharos|242\/322 brn|[from] brn
|turn|13
|c| moewiekins|git gobbled
|
|switch|p2a: Sham|Blissey, F|615\/714
|move|p1a: Ampharos|Thunderbolt|p2a: Sham
|-damage|p2a: Sham|462\/714
|
|-heal|p2a: Sham|506\/714|[from] item: Leftovers
|-damage|p1a: Ampharos|202\/322 brn|[from] brn
|turn|14
|c|★Bob the Bro|wrong forry mfw
|c| moewiekins|what supposed o be
|c| moewiekins|tspike
|c| moewiekins|?
|c|★Bob the Bro|y
|c| moewiekins|tspikes are op
|c|★Bob the Bro|this id diff comp
|
|switch|p1a: Florges|Florges, F|360\/360
|-damage|p1a: Florges|315\/360|[from] Spikes
|move|p2a: Sham|Wish|p2a: Sham
|
|-heal|p1a: Florges|337\/360|[from] item: Leftovers
|-heal|p2a: Sham|550\/714|[from] item: Leftovers
|turn|15
|
|switch|p2a: Aggron|Aggron, F|344\/344
|move|p1a: Florges|Aromatherapy|p1a: Florges
|-cureteam|p1a: Florges|[from] move: Aromatherapy
|
|-heal|p1a: Florges|359\/360|[from] item: Leftovers
|turn|16
|
|switch|p1a: Hippowdon|Hippowdon, M|420\/420
|-damage|p1a: Hippowdon|368\/420|[from] Spikes
|-weather|Sandstorm
|detailschange|p2a: Aggron|Aggron-Mega, F
|message|Aggron has Mega Evolved into Mega Aggron!
|move|p2a: Aggron|Stealth Rock|p1a: Hippowdon
|-sidestart|p1: Pkmn Champ Lance|move: Stealth Rock
|
|-weather|Sandstorm|[upkeep]
|-heal|p1a: Hippowdon|394\/420|[from] item: Leftovers
|turn|17
|
|switch|p2a: Fabled Tortoise|Forretress, M|354\/354
|move|p1a: Hippowdon|Earthquake|p2a: Fabled Tortoise
|-damage|p2a: Fabled Tortoise|281\/354
|
|-weather|Sandstorm|[upkeep]
|-heal|p1a: Hippowdon|420\/420|[from] item: Leftovers
|-heal|p2a: Fabled Tortoise|303\/354|[from] item: Leftovers
|turn|18
|
|switch|p1a: Ampharos|Ampharos-Mega, F|202\/322
|-damage|p1a: Ampharos|162\/322|[from] Stealth Rock
|-damage|p1a: Ampharos|122\/322|[from] Spikes
|-ability|p1a: Ampharos|Mold Breaker
|move|p2a: Fabled Tortoise|Spikes|p1a: Ampharos
|-sidestart|p1: Pkmn Champ Lance|Spikes
|
|-weather|Sandstorm|[upkeep]
|-damage|p1a: Ampharos|102\/322|[from] sandstorm
|-heal|p2a: Fabled Tortoise|325\/354|[from] item: Leftovers
|turn|19
|
|switch|p2a: Sham|Blissey, F|550\/714
|move|p1a: Ampharos|Focus Blast|p2a: Sham
|-supereffective|p2a: Sham
|-damage|p2a: Sham|262\/714
|
|-weather|Sandstorm|[upkeep]
|-damage|p1a: Ampharos|82\/322|[from] sandstorm
|-damage|p2a: Sham|218\/714|[from] sandstorm
|-heal|p2a: Sham|262\/714|[from] item: Leftovers
|turn|20
|
|switch|p1a: Zygarde|Zygarde|378\/378
|-damage|p1a: Zygarde|315\/378|[from] Spikes
|-damage|p1a: Zygarde|292\/378|[from] Stealth Rock
|-ability|p1a: Zygarde|Aura Break
|move|p2a: Sham|Protect|p2a: Sham
|-fail|p2a: Sham
|
|-weather|none
|-heal|p2a: Sham|306\/714|[from] item: Leftovers
|turn|21
|leave|aFINEWINE
|
|switch|p2a: Cradle|Aromatisse, F|360\/406
|move|p1a: Zygarde|Dragon Dance|p1a: Zygarde
|-boost|p1a: Zygarde|atk|1
|-boost|p1a: Zygarde|spe|1
|
|turn|22
|
|move|p1a: Zygarde|Dragon Dance|p1a: Zygarde
|-boost|p1a: Zygarde|atk|1
|-boost|p1a: Zygarde|spe|1
|move|p2a: Cradle|Moonblast|p1a: Zygarde
|-supereffective|p1a: Zygarde
|-damage|p1a: Zygarde|58\/378
|-unboost|p1a: Zygarde|spa|1
|
|turn|23
|
|move|p1a: Zygarde|Earthquake|p2a: Cradle
|-damage|p2a: Cradle|71\/406
|move|p2a: Cradle|Moonblast|p1a: Zygarde
|-supereffective|p1a: Zygarde
|-damage|p1a: Zygarde|0 fnt
|faint|p1a: Zygarde
|
|
|switch|p1a: Lucario|Lucario, M|181\/281
|-damage|p1a: Lucario|135\/281|[from] Spikes
|-damage|p1a: Lucario|127\/281|[from] Stealth Rock
|turn|24
|
|switch|p1a: Ampharos|Ampharos-Mega, F|82\/322
|-damage|p1a: Ampharos|42\/322|[from] Stealth Rock
|-damage|p1a: Ampharos|0 fnt|[from] Spikes
|faint|p1a: Ampharos
|switch|p2a: Bee|Jellicent, M|404\/404
|
|
|switch|p1a: Mienshao|Mienshao, F|271\/271
|-damage|p1a: Mienshao|226\/271|[from] Spikes
|-damage|p1a: Mienshao|210\/271|[from] Stealth Rock
|turn|25
|
|move|p1a: Mienshao|Knock Off|p2a: Bee
|-supereffective|p2a: Bee
|-damage|p2a: Bee|182\/404
|-enditem|p2a: Bee|Leftovers|[from] move: Knock Off|[of] p1a: Mienshao
|move|p2a: Bee|Will-O-Wisp|p1a: Mienshao
|-status|p1a: Mienshao|brn
|
|-damage|p1a: Mienshao|177\/271 brn|[from] brn
|turn|26
|
|switch|p1a: Florges|Florges, F|359\/360
|-damage|p1a: Florges|299\/360|[from] Spikes
|-damage|p1a: Florges|254\/360|[from] Stealth Rock
|move|p2a: Bee|Recover|p2a: Bee
|-heal|p2a: Bee|384\/404
|
|-heal|p1a: Florges|276\/360|[from] item: Leftovers
|turn|27
|join|PaulK618
|
|switch|p2a: Fabled Tortoise|Forretress, M|325\/354
|move|p1a: Florges|Wish|p1a: Florges
|
|-heal|p1a: Florges|298\/360|[from] item: Leftovers
|-heal|p2a: Fabled Tortoise|347\/354|[from] item: Leftovers
|turn|28
|c| meowiekins|final layer
|c|★Bob the Bro|ez
|
|switch|p1a: Lucario|Lucario, M|127\/281
|-damage|p1a: Lucario|81\/281|[from] Spikes
|-damage|p1a: Lucario|73\/281|[from] Stealth Rock
|move|p2a: Fabled Tortoise|Spikes|p1a: Lucario
|-sidestart|p1: Pkmn Champ Lance|Spikes
|
|-heal|p1a: Lucario|253\/281|[from] move: Wish|[wisher] Florges
|-heal|p2a: Fabled Tortoise|354\/354|[from] item: Leftovers
|turn|29
|c|★Bob the Bro|hazard removal where
|
|switch|p2a: Bee|Jellicent, M|384\/404
|move|p1a: Lucario|Nasty Plot|p1a: Lucario
|-boost|p1a: Lucario|spa|2
|
|turn|30
|c|★Pkmn Champ Lance|don't have one
|c|★Pkmn Champ Lance|bc I don't play like a bitch and expect long battles
|c|★Bob the Bro|watch me miss willo
|c|★Bob the Bro|and lose
|c|★Bob the Bro|tbh
|
|move|p1a: Lucario|Flash Cannon|p2a: Bee
|-resisted|p2a: Bee
|-damage|p2a: Bee|245\/404
|-damage|p1a: Lucario|225\/281|[from] item: Life Orb
|move|p2a: Bee|Will-O-Wisp|p1a: Lucario
|-status|p1a: Lucario|brn
|
|-damage|p1a: Lucario|190\/281 brn|[from] brn
|turn|31
|
|move|p1a: Lucario|Flash Cannon|p2a: Bee
|-resisted|p2a: Bee
|-damage|p2a: Bee|96\/404
|-damage|p1a: Lucario|162\/281 brn|[from] item: Life Orb
|move|p2a: Bee|Recover|p2a: Bee
|-heal|p2a: Bee|298\/404
|
|-damage|p1a: Lucario|127\/281 brn|[from] brn
|turn|32
|c| meowiekins|didnt
|c| meowiekins|even
|c| meowiekins|plot again
|
|move|p1a: Lucario|Flash Cannon|p2a: Bee
|-resisted|p2a: Bee
|-damage|p2a: Bee|167\/404
|-damage|p1a: Lucario|99\/281 brn|[from] item: Life Orb
|move|p2a: Bee|Recover|p2a: Bee
|-heal|p2a: Bee|369\/404
|
|-damage|p1a: Lucario|64\/281 brn|[from] brn
|turn|33
|
|move|p1a: Lucario|Flash Cannon|p2a: Bee
|-resisted|p2a: Bee
|-damage|p2a: Bee|229\/404
|-damage|p1a: Lucario|36\/281 brn|[from] item: Life Orb
|move|p2a: Bee|Recover|p2a: Bee
|-heal|p2a: Bee|404\/404
|
|-damage|p1a: Lucario|1\/281 brn|[from] brn
|turn|34
|
|move|p1a: Lucario|Focus Blast|p2a: Bee
|-immune|p2a: Bee|[msg]
|move|p2a: Bee|Recover|p2a: Bee
|-fail|p2a: Bee
|
|-damage|p1a: Lucario|0 fnt|[from] brn
|faint|p1a: Lucario
|c|★Bob the Bro|jelli is life
|
|switch|p1a: Hippowdon|Hippowdon, M|420\/420
|-damage|p1a: Hippowdon|394\/420|[from] Stealth Rock
|-damage|p1a: Hippowdon|289\/420|[from] Spikes
|-weather|Sandstorm
|turn|35
|
|move|p2a: Bee|Taunt|p1a: Hippowdon
|-start|p1a: Hippowdon|move: Taunt
|move|p1a: Hippowdon|Ice Fang|p2a: Bee
|-resisted|p2a: Bee
|-damage|p2a: Bee|376\/404
|
|-weather|Sandstorm|[upkeep]
|-damage|p2a: Bee|351\/404|[from] sandstorm
|-heal|p1a: Hippowdon|315\/420|[from] item: Leftovers
|turn|36
|
|move|p2a: Bee|Will-O-Wisp|p1a: Hippowdon
|-status|p1a: Hippowdon|brn
|move|p1a: Hippowdon|Earthquake|p2a: Bee
|-damage|p2a: Bee|287\/404
|
|-weather|Sandstorm|[upkeep]
|-damage|p2a: Bee|262\/404|[from] sandstorm
|-heal|p1a: Hippowdon|341\/420 brn|[from] item: Leftovers
|-damage|p1a: Hippowdon|289\/420 brn|[from] brn
|turn|37
|c|★Bob the Bro|strong zyg counter
|
|move|p2a: Bee|Scald|p1a: Hippowdon
|-supereffective|p1a: Hippowdon
|-damage|p1a: Hippowdon|83\/420 brn
|move|p1a: Hippowdon|Earthquake|p2a: Bee
|-damage|p2a: Bee|196\/404
|
|-weather|Sandstorm|[upkeep]
|-damage|p2a: Bee|171\/404|[from] sandstorm
|-heal|p1a: Hippowdon|109\/420 brn|[from] item: Leftovers
|-damage|p1a: Hippowdon|57\/420 brn|[from] brn
|-end|p1a: Hippowdon|move: Taunt
|turn|38
|
|move|p2a: Bee|Scald|p1a: Hippowdon
|-supereffective|p1a: Hippowdon
|-damage|p1a: Hippowdon|0 fnt
|faint|p1a: Hippowdon
|
|-weather|Sandstorm|[upkeep]
|-damage|p2a: Bee|146\/404|[from] sandstorm
|
|switch|p1a: Mienshao|Mienshao, F|177\/271 brn
|-damage|p1a: Mienshao|161\/271 brn|[from] Stealth Rock
|-damage|p1a: Mienshao|94\/271 brn|[from] Spikes
|turn|39
|
|move|p1a: Mienshao|High Jump Kick|p2a: Bee
|-immune|p2a: Bee|[msg]
|-damage|p1a: Mienshao|0 fnt|[from] highjumpkick
|faint|p1a: Mienshao
|move|p2a: Bee|Recover|p2a: Bee
|-heal|p2a: Bee|348\/404
|
|-weather|none
|
|switch|p1a: Florges|Florges, F|298\/360
|-damage|p1a: Florges|208\/360|[from] Spikes
|-damage|p1a: Florges|163\/360|[from] Stealth Rock
|turn|40
|
|switch|p2a: Aggron|Aggron-Mega, F|344\/344
|move|p1a: Florges|Wish|p1a: Florges
|
|-heal|p1a: Florges|185\/360|[from] item: Leftovers
|turn|41
|
|move|p1a: Florges|Wish|p1a: Florges
|-fail|p1a: Florges
|move|p2a: Aggron|Heavy Slam|p1a: Florges
|-supereffective|p1a: Florges
|-damage|p1a: Florges|0 fnt
|faint|p1a: Florges
|
|win|Bob the Bro
|raw|Ladder updating...
|raw|Pkmn Champ Lance's rating: 1649 &rarr; <strong>1633<\/strong><br \/>(-16 for losing)
|raw|Bob the Bro's rating: 1713 &rarr; <strong>1729<\/strong><br \/>(+16 for winning)