|join|Bob the Bro
|join|Mutant Paws
|player|p1|Bob the Bro|23
|player|p2|Mutant Paws|10
|gametype|singles
|gen|6
|tier|UU
|rule|Sleep Clause Mod: Limit one foe put to sleep
|rule|Species Clause: Limit one of each Pokémon
|rule|OHKO Clause: OHKO moves are banned
|rule|Moody Clause: Moody is banned
|rule|Evasion Moves Clause: Evasion moves are banned
|rule|Endless Battle Clause: Forcing endless battles is banned
|rule|HP Percentage Mod: HP is shown in percentages
|clearpoke
|poke|p1|Jellicent, F
|poke|p1|Forretress, F
|poke|p1|Crobat, F
|poke|p1|Diggersby, F
|poke|p1|Hydreigon, F
|poke|p1|Blissey, F
|poke|p2|Hitmonchan, M
|poke|p2|Scrafty, M
|poke|p2|Cofagrigus, F
|poke|p2|Weezing, M
|poke|p2|Diancie
|poke|p2|Jirachi
|rule|Swagger Clause: Swagger is banned
|rule|Baton Pass Clause: Limit one Pokémon knowing Baton Pass
|teampreview
|join|needforweed
|
|start
|switch|p1a: Hydreigon|Hydreigon, F|325\/325
|switch|p2a: Weezing|Weezing, M|334\/334
|turn|1
|join|Hitmonrof
|
|switch|p2a: Diancie|Diancie|304\/304
|move|p1a: Hydreigon|Dark Pulse|p2a: Diancie
|-resisted|p2a: Diancie
|-damage|p2a: Diancie|262\/304
|
|-heal|p2a: Diancie|281\/304|[from] item: Leftovers
|turn|2
|
|switch|p1a: Forretress|Forretress, F|354\/354
|move|p2a: Diancie|Calm Mind|p2a: Diancie
|-boost|p2a: Diancie|spa|1
|-boost|p2a: Diancie|spd|1
|
|-heal|p2a: Diancie|300\/304|[from] item: Leftovers
|turn|3
|join|0rbital
|join|I<3Magikarp
|c| Hitmonrof|Reveal hp fire
|c| I<3Magikarp|^
|
|move|p2a: Diancie|Reflect|p2a: Diancie
|-sidestart|p2: Mutant Paws|Reflect
|move|p1a: Forretress|Toxic|p2a: Diancie
|-status|p2a: Diancie|tox
|
|-heal|p2a: Diancie|304\/304 tox|[from] item: Leftovers
|-damage|p2a: Diancie|285\/304 tox|[from] psn
|turn|4
|join|DatLatias
|c|★Bob the Bro|wot
|join|LessThanThreeMan
|c|★Mutant Paws|noes
|
|move|p2a: Diancie|Rock Slide|p1a: Forretress
|-miss|p2a: Diancie|p1a: Forretress
|move|p1a: Forretress|Stealth Rock|p2a: Diancie
|-sidestart|p2: Mutant Paws|move: Stealth Rock
|
|-heal|p2a: Diancie|304\/304 tox|[from] item: Leftovers
|-damage|p2a: Diancie|266\/304 tox|[from] psn
|turn|5
|c| 0rbital|wot
|c|★Bob the Bro|reveal rest
|c| Hitmonrof|ok...
|c| Hitmonrof|lol
|c| 0rbital|diamond storm?
|c|★Mutant Paws|muwhaha
|
|move|p2a: Diancie|Rock Slide|p1a: Forretress
|-damage|p1a: Forretress|305\/354
|move|p1a: Forretress|Volt Switch|p2a: Diancie
|-damage|p2a: Diancie|251\/304 tox
|
|switch|p1a: Diggersbae|Diggersby, F|312\/312
|
|-heal|p2a: Diancie|270\/304 tox|[from] item: Leftovers
|-damage|p2a: Diancie|213\/304 tox|[from] psn
|turn|6
|c|★Mutant Paws|the unpredicts!
|
|move|p1a: Diggersbae|U-turn|p2a: Diancie
|-crit|p2a: Diancie
|-resisted|p2a: Diancie
|-damage|p2a: Diancie|135\/304 tox
|
|switch|p1a: Forretress|Forretress, F|305\/354
|move|p2a: Diancie|Moonblast|p1a: Forretress
|-resisted|p1a: Forretress
|-damage|p1a: Forretress|170\/354
|
|-heal|p2a: Diancie|154\/304 tox|[from] item: Leftovers
|-heal|p1a: Forretress|192\/354|[from] item: Leftovers
|-damage|p2a: Diancie|78\/304 tox|[from] psn
|turn|7
|c| I<3Magikarp|reveal rest
|
|switch|p1a: Blissey|Blissey, F|714\/714
|move|p2a: Diancie|Moonblast|p1a: Blissey
|-damage|p1a: Blissey|590\/714
|
|-heal|p1a: Blissey|634\/714|[from] item: Leftovers
|-heal|p2a: Diancie|97\/304 tox|[from] item: Leftovers
|-damage|p2a: Diancie|2\/304 tox|[from] psn
|-sideend|p2: Mutant Paws|Reflect
|turn|8
|join|thymetime
|leave|0rbital
|
|move|p1a: Blissey|Wish|p1a: Blissey
|move|p2a: Diancie|Moonblast|p1a: Blissey
|-damage|p1a: Blissey|508\/714
|
|-heal|p1a: Blissey|552\/714|[from] item: Leftovers
|-heal|p2a: Diancie|21\/304 tox|[from] item: Leftovers
|-damage|p2a: Diancie|0 fnt|[from] psn
|faint|p2a: Diancie
|
|switch|p2a: Hitmonchan|Hitmonchan, M|304\/304
|-damage|p2a: Hitmonchan|285\/304|[from] Stealth Rock
|turn|9
|
|switch|p1a: Forretress|Forretress, F|192\/354
|move|p2a: Hitmonchan|Rapid Spin|p1a: Forretress
|-resisted|p1a: Forretress
|-damage|p1a: Forretress|185\/354
|-sideend|p2: Mutant Paws|Stealth Rock|[from] move: Rapid Spin|[of] p2a: Hitmonchan
|
|-heal|p1a: Forretress|354\/354|[from] move: Wish|[wisher] Blissey
|-heal|p2a: Hitmonchan|304\/304|[from] item: Leftovers
|turn|10
|c| Hitmonrof|Ugh
|c| Hitmonrof|No rest
|c|★Bob the Bro|shitmonchan
|
|switch|p2a: Weezing|Weezing, M|334\/334
|move|p1a: Forretress|Volt Switch|p2a: Weezing
|-damage|p2a: Weezing|299\/334
|c| Hitmonrof|Hitmonrof imo
|c| LessThanThreeMan|nice fire punch
|
|switch|p1a: Hydreigon|Hydreigon, F|325\/325
|
|-heal|p2a: Weezing|319\/334|[from] item: Black Sludge
|turn|11
|c| LessThanThreeMan|:[
|
|move|p1a: Hydreigon|U-turn|p2a: Weezing
|-resisted|p2a: Weezing
|-damage|p2a: Weezing|295\/334
|
|switch|p1a: Blissey|Blissey, F|552\/714
|move|p2a: Weezing|Will-O-Wisp|p1a: Blissey
|-status|p1a: Blissey|brn
|
|-heal|p2a: Weezing|315\/334|[from] item: Black Sludge
|-heal|p1a: Blissey|596\/714 brn|[from] item: Leftovers
|-damage|p1a: Blissey|507\/714 brn|[from] brn
|turn|12
|c|★Mutant Paws|so much turns
|
|switch|p1a: Forretress|Forretress, F|354\/354
|move|p2a: Weezing|Flamethrower|p1a: Forretress
|-supereffective|p1a: Forretress
|-activate|p1a: Forretress|Sturdy
|-damage|p1a: Forretress|1\/354
|
|-heal|p2a: Weezing|334\/334|[from] item: Black Sludge
|-heal|p1a: Forretress|23\/354|[from] item: Leftovers
|turn|13
|c|★Bob the Bro|rip
|
|switch|p1a: Hydreigon|Hydreigon, F|325\/325
|move|p2a: Weezing|Will-O-Wisp|p1a: Hydreigon
|-status|p1a: Hydreigon|brn
|
|-damage|p1a: Hydreigon|285\/325 brn|[from] brn
|turn|14
|
|move|p1a: Hydreigon|U-turn|p2a: Weezing
|-resisted|p2a: Weezing
|-damage|p2a: Weezing|322\/334
|
|switch|p1a: Blissey|Blissey, F|507\/714
|move|p2a: Weezing|Sludge Wave|p1a: Blissey
|-damage|p1a: Blissey|437\/714
|
|-heal|p2a: Weezing|334\/334|[from] item: Black Sludge
|-heal|p1a: Blissey|481\/714|[from] item: Leftovers
|turn|15
|
|move|p2a: Weezing|Flamethrower|p1a: Blissey
|-damage|p1a: Blissey|433\/714
|move|p1a: Blissey|Heal Bell|p1a: Blissey
|-cureteam|p1a: Blissey|[from] move: HealBell
|
|-heal|p1a: Blissey|477\/714|[from] item: Leftovers
|turn|16
|
|move|p2a: Weezing|Will-O-Wisp|p1a: Blissey
|-status|p1a: Blissey|brn
|move|p1a: Blissey|Wish|p1a: Blissey
|
|-heal|p1a: Blissey|521\/714 brn|[from] item: Leftovers
|-damage|p1a: Blissey|432\/714 brn|[from] brn
|turn|17
|
|move|p2a: Weezing|Flamethrower|p1a: Blissey
|-damage|p1a: Blissey|387\/714 brn
|move|p1a: Blissey|Seismic Toss|p2a: Weezing
|-damage|p2a: Weezing|234\/334
|
|-heal|p1a: Blissey|714\/714 brn|[from] move: Wish|[wisher] Blissey
|-heal|p2a: Weezing|254\/334|[from] item: Black Sludge
|-damage|p1a: Blissey|625\/714 brn|[from] brn
|turn|18
|c| Hitmonrof|>Using flamethrower against a Blissey then burning it when it has natural cure
|c| Hitmonrof|rip
|
|switch|p2a: Scrafty|Scrafty, M|271\/271
|move|p1a: Blissey|Seismic Toss|p2a: Scrafty
|-damage|p2a: Scrafty|171\/271
|
|-heal|p1a: Blissey|669\/714 brn|[from] item: Leftovers
|-damage|p1a: Blissey|580\/714 brn|[from] brn
|turn|19
|
|switch|p1a: Crobat|Crobat, F|325\/325
|move|p2a: Scrafty|Super Fang|p1a: Crobat
|-damage|p1a: Crobat|163\/325
|
|turn|20
|
|move|p1a: Crobat|Brave Bird|p2a: Scrafty
|-supereffective|p2a: Scrafty
|-damage|p2a: Scrafty|0 fnt
|-damage|p1a: Crobat|107\/325|[from] recoil|[of] p2a: Scrafty
|faint|p2a: Scrafty
|
|leave|thymetime
|c|★Bob the Bro|idk wots going on
|c|★Mutant Paws|lmao
|
|switch|p2a: Jirachi|Jirachi|341\/341
|turn|21
|
|switch|p1a: Forretress|Forretress, F|23\/354
|move|p2a: Jirachi|Iron Head|p1a: Forretress
|-resisted|p1a: Forretress
|-damage|p1a: Forretress|0 fnt
|faint|p1a: Forretress
|
|
|switch|p1a: Jellicent|Jellicent, F|393\/393
|turn|22
|
|switch|p2a: Cofagrigus|Cofagrigus, F|320\/320
|move|p1a: Jellicent|Will-O-Wisp|p2a: Cofagrigus
|-status|p2a: Cofagrigus|brn
|
|-damage|p2a: Cofagrigus|280\/320 brn|[from] brn
|turn|23
|
|switch|p1a: Hydreigon|Hydreigon, F|285\/325
|move|p2a: Cofagrigus|Toxic|p1a: Hydreigon
|-status|p1a: Hydreigon|tox
|
|-heal|p2a: Cofagrigus|300\/320 brn|[from] item: Leftovers
|-damage|p1a: Hydreigon|265\/325 tox|[from] psn
|-damage|p2a: Cofagrigus|260\/320 brn|[from] brn
|turn|24
|
|move|p1a: Hydreigon|Dark Pulse|p2a: Cofagrigus
|-crit|p2a: Cofagrigus
|-supereffective|p2a: Cofagrigus
|-damage|p2a: Cofagrigus|0 fnt
|faint|p2a: Cofagrigus
|
|-damage|p1a: Hydreigon|225\/325 tox|[from] psn
|join|Magma Admin~
|c|★Mutant Paws|rip in peace
|leave|Magma Admin~
|
|switch|p2a: Jirachi|Jirachi|341\/341
|turn|25
|
|switch|p1a: Jellicent|Jellicent, F|393\/393
|move|p2a: Jirachi|U-turn|p1a: Jellicent
|-crit|p1a: Jellicent
|-resisted|p1a: Jellicent
|-damage|p1a: Jellicent|346\/393
|
|switch|p2a: Hitmonchan|Hitmonchan, M|304\/304
|
|-heal|p1a: Jellicent|370\/393|[from] item: Leftovers
|turn|26
|
|move|p2a: Hitmonchan|Thunder Punch|p1a: Jellicent
|-supereffective|p1a: Jellicent
|-damage|p1a: Jellicent|196\/393
|move|p1a: Jellicent|Will-O-Wisp|p2a: Hitmonchan|[miss]
|-miss|p1a: Jellicent|p2a: Hitmonchan
|
|-heal|p1a: Jellicent|220\/393|[from] item: Leftovers
|turn|27
|
|move|p2a: Hitmonchan|Thunder Punch|p1a: Jellicent
|-supereffective|p1a: Jellicent
|-damage|p1a: Jellicent|24\/393
|move|p1a: Jellicent|Will-O-Wisp|p2a: Hitmonchan
|-status|p2a: Hitmonchan|brn
|
|-heal|p1a: Jellicent|48\/393|[from] item: Leftovers
|-damage|p2a: Hitmonchan|266\/304 brn|[from] brn
|turn|28
|c| Hitmonrof|o
|c| Hitmonrof|T punch
|
|switch|p1a: Blissey|Blissey, F|580\/714
|move|p2a: Hitmonchan|Thunder Punch|p1a: Blissey
|-damage|p1a: Blissey|488\/714
|
|-heal|p2a: Hitmonchan|285\/304 brn|[from] item: Leftovers
|-heal|p1a: Blissey|532\/714|[from] item: Leftovers
|-damage|p2a: Hitmonchan|247\/304 brn|[from] brn
|turn|29
|
|move|p2a: Hitmonchan|Drain Punch|p1a: Blissey
|-supereffective|p1a: Blissey
|-damage|p1a: Blissey|254\/714
|-heal|p2a: Hitmonchan|304\/304 brn|[from] drain|[of] p1a: Blissey
|move|p1a: Blissey|Wish|p1a: Blissey
|
|-heal|p1a: Blissey|298\/714|[from] item: Leftovers
|-damage|p2a: Hitmonchan|266\/304 brn|[from] brn
|turn|30
|
|move|p1a: Blissey|Protect|p1a: Blissey
|-singleturn|p1a: Blissey|Protect
|move|p2a: Hitmonchan|Thunder Punch|p1a: Blissey
|-activate|p1a: Blissey|Protect
|
|-heal|p1a: Blissey|655\/714|[from] move: Wish|[wisher] Blissey
|-heal|p2a: Hitmonchan|285\/304 brn|[from] item: Leftovers
|-heal|p1a: Blissey|699\/714|[from] item: Leftovers
|-damage|p2a: Hitmonchan|247\/304 brn|[from] brn
|turn|31
|leave|DatLatias
|c| Hitmonrof|>Burn stall
|
|switch|p2a: Jirachi|Jirachi|341\/341
|move|p1a: Blissey|Wish|p1a: Blissey
|
|-heal|p1a: Blissey|714\/714|[from] item: Leftovers
|turn|32
|
|switch|p1a: Diggersbae|Diggersby, F|312\/312
|move|p2a: Jirachi|Body Slam|p1a: Diggersbae
|-damage|p1a: Diggersbae|209\/312
|
|-heal|p1a: Diggersbae|312\/312|[from] move: Wish|[wisher] Blissey
|turn|33
|
|switch|p2a: Weezing|Weezing, M|254\/334
|move|p1a: Diggersbae|U-turn|p2a: Weezing
|-resisted|p2a: Weezing
|-damage|p2a: Weezing|185\/334
|
|switch|p1a: Jellicent|Jellicent, F|48\/393
|
|-heal|p1a: Jellicent|72\/393|[from] item: Leftovers
|-heal|p2a: Weezing|205\/334|[from] item: Black Sludge
|turn|34
|
|move|p1a: Jellicent|Recover|p1a: Jellicent
|-heal|p1a: Jellicent|269\/393
|move|p2a: Weezing|Will-O-Wisp|p1a: Jellicent
|-status|p1a: Jellicent|brn
|
|-heal|p1a: Jellicent|293\/393 brn|[from] item: Leftovers
|-heal|p2a: Weezing|225\/334|[from] item: Black Sludge
|-damage|p1a: Jellicent|244\/393 brn|[from] brn
|turn|35
|c|★Mutant Paws|stall the burns!
|
|switch|p1a: Blissey|Blissey, F|714\/714
|move|p2a: Weezing|Sludge Wave|p1a: Blissey
|-damage|p1a: Blissey|635\/714
|-status|p1a: Blissey|psn
|
|-heal|p2a: Weezing|245\/334|[from] item: Black Sludge
|-heal|p1a: Blissey|679\/714 psn|[from] item: Leftovers
|-damage|p1a: Blissey|590\/714 psn|[from] psn
|turn|36
|
|switch|p2a: Hitmonchan|Hitmonchan, M|247\/304 brn
|move|p1a: Blissey|Heal Bell|p1a: Blissey
|-cureteam|p1a: Blissey|[from] move: HealBell
|
|-heal|p2a: Hitmonchan|266\/304 brn|[from] item: Leftovers
|-heal|p1a: Blissey|634\/714|[from] item: Leftovers
|-damage|p2a: Hitmonchan|228\/304 brn|[from] brn
|turn|37
|join|waiv
|c| waiv|scouting
|c| waiv|:3
|
|move|p2a: Hitmonchan|Thunder Punch|p1a: Blissey
|-damage|p1a: Blissey|543\/714
|-status|p1a: Blissey|par
|move|p1a: Blissey|Wish|p1a: Blissey
|
|-heal|p2a: Hitmonchan|247\/304 brn|[from] item: Leftovers
|-heal|p1a: Blissey|587\/714 par|[from] item: Leftovers
|-damage|p2a: Hitmonchan|209\/304 brn|[from] brn
|turn|38
|c| waiv|hi bob
|c|★Bob the Bro|hi
|c| waiv|bobo the boob 
|c| waiv|i named my krook
|c| waiv|Boob the Brb
|c| waiv|kekek
|c| waiv|IM 2 FUNNY
|
|switch|p1a: Crobat|Crobat, F|107\/325
|move|p2a: Hitmonchan|Drain Punch|p1a: Crobat
|-resisted|p1a: Crobat
|-damage|p1a: Crobat|85\/325
|-heal|p2a: Hitmonchan|220\/304 brn|[from] drain|[of] p1a: Crobat
|
|-heal|p1a: Crobat|325\/325|[from] move: Wish|[wisher] Blissey
|-heal|p2a: Hitmonchan|239\/304 brn|[from] item: Leftovers
|-damage|p2a: Hitmonchan|201\/304 brn|[from] brn
|turn|39
|c| waiv|did you watch berserk
|c|★Bob the Bro|ye
|c|★Bob the Bro|I just finished
|c| waiv|all of it?
|c|★Bob the Bro|its nb
|c|★Bob the Bro|y
|
|switch|p2a: Weezing|Weezing, M|245\/334
|move|p1a: Crobat|Brave Bird|p2a: Weezing
|-damage|p2a: Weezing|88\/334
|-damage|p1a: Crobat|273\/325|[from] recoil|[of] p2a: Weezing
|
|-heal|p2a: Weezing|108\/334|[from] item: Black Sludge
|turn|40
|c| waiv|nb but wtf is going on like ever
|
|move|p1a: Crobat|Brave Bird|p2a: Weezing
|-damage|p2a: Weezing|0 fnt
|-damage|p1a: Crobat|237\/325|[from] recoil|[of] p2a: Weezing
|faint|p2a: Weezing
|
|
|switch|p2a: Jirachi|Jirachi|341\/341
|turn|41
|c| waiv|have you tried out hitmonchan
|c|★Bob the Bro|nah not real enough
|c|★Bob the Bro|tbh
|
|move|p2a: Jirachi|Zen Headbutt|p1a: Crobat
|-supereffective|p1a: Crobat
|-damage|p1a: Crobat|0 fnt
|faint|p1a: Crobat
|
|c| waiv|i was thinking about it
|
|switch|p1a: Hydreigon|Hydreigon, F|225\/325
|turn|42
|join|poon-occhio (D>D)
|c| waiv|just has shit speed
|
|switch|p2a: Hitmonchan|Hitmonchan, M|201\/304 brn
|move|p1a: Hydreigon|Draco Meteor|p2a: Hitmonchan|[miss]
|-miss|p1a: Hydreigon|p2a: Hitmonchan
|
|-heal|p2a: Hitmonchan|220\/304 brn|[from] item: Leftovers
|-damage|p2a: Hitmonchan|182\/304 brn|[from] brn
|turn|43
|
|move|p1a: Hydreigon|Draco Meteor|p2a: Hitmonchan
|-damage|p2a: Hitmonchan|0 fnt
|-unboost|p1a: Hydreigon|spa|2
|faint|p2a: Hitmonchan
|
|c| waiv|and bad HP
|c| waiv|just bad pokemon lol
|c|★Mutant Paws|jirachi sweep!
|
|switch|p2a: Jirachi|Jirachi|341\/341
|turn|44
|
|switch|p1a: Jellicent|Jellicent, F|244\/393
|move|p2a: Jirachi|Iron Head|p1a: Jellicent
|-resisted|p1a: Jellicent
|-damage|p1a: Jellicent|192\/393
|
|-heal|p1a: Jellicent|216\/393|[from] item: Leftovers
|turn|45
|leave|poon-occhio (D>D)
|
|move|p2a: Jirachi|Iron Head|p1a: Jellicent
|-resisted|p1a: Jellicent
|-damage|p1a: Jellicent|167\/393
|cant|p1a: Jellicent|flinch
|
|-heal|p1a: Jellicent|191\/393|[from] item: Leftovers
|turn|46
|c| waiv|m8 you don't even have enough PP
|c| waiv|to sweep LOL
|
|move|p2a: Jirachi|Iron Head|p1a: Jellicent
|-resisted|p1a: Jellicent
|-damage|p1a: Jellicent|141\/393
|move|p1a: Jellicent|Recover|p1a: Jellicent
|-heal|p1a: Jellicent|338\/393
|
|-heal|p1a: Jellicent|362\/393|[from] item: Leftovers
|turn|47
|c|★Mutant Paws|all the crits!
|
|move|p2a: Jirachi|Iron Head|p1a: Jellicent
|-resisted|p1a: Jellicent
|-damage|p1a: Jellicent|307\/393
|cant|p1a: Jellicent|flinch
|
|-heal|p1a: Jellicent|331\/393|[from] item: Leftovers
|turn|48
|
|move|p2a: Jirachi|Iron Head|p1a: Jellicent
|-resisted|p1a: Jellicent
|-damage|p1a: Jellicent|280\/393
|move|p1a: Jellicent|Will-O-Wisp|p2a: Jirachi
|-status|p2a: Jirachi|brn
|
|-heal|p1a: Jellicent|304\/393|[from] item: Leftovers
|-damage|p2a: Jirachi|299\/341 brn|[from] brn
|turn|49
|c| waiv|even if you crit flinched
|c| waiv|every single one
|c|★Mutant Paws|nooooes my one weakness
|
|move|p2a: Jirachi|Iron Head|p1a: Jellicent
|-resisted|p1a: Jellicent
|-damage|p1a: Jellicent|278\/393
|cant|p1a: Jellicent|flinch
|
|-heal|p1a: Jellicent|302\/393|[from] item: Leftovers
|-damage|p2a: Jirachi|257\/341 brn|[from] brn
|turn|50
|
|move|p2a: Jirachi|Iron Head|p1a: Jellicent
|-crit|p1a: Jellicent
|-resisted|p1a: Jellicent
|-damage|p1a: Jellicent|260\/393
|cant|p1a: Jellicent|flinch
|
|-heal|p1a: Jellicent|284\/393|[from] item: Leftovers
|-damage|p2a: Jirachi|215\/341 brn|[from] brn
|turn|51
|
|switch|p1a: Diggersbae|Diggersby, F|312\/312
|move|p2a: Jirachi|Iron Head|p1a: Diggersbae
|-damage|p1a: Diggersbae|240\/312
|
|-damage|p2a: Jirachi|173\/341 brn|[from] brn
|turn|52
|join|angre management
|
|move|p2a: Jirachi|Iron Head|p1a: Diggersbae
|-damage|p1a: Diggersbae|162\/312
|move|p1a: Diggersbae|Return|p2a: Jirachi
|-resisted|p2a: Jirachi
|-damage|p2a: Jirachi|0 fnt
|faint|p2a: Jirachi
|
|win|Bob the Bro
|leave|angre management
|c|★Mutant Paws|gg!