|join|Bob the Bro
|join|zippleclopper22
|player|p1|Bob the Bro|23
|player|p2|zippleclopper22|1
|gametype|singles
|gen|6
|tier|UU
|rated
|rule|Sleep Clause Mod: Limit one foe put to sleep
|rule|Species Clause: Limit one of each Pokémon
|rule|OHKO Clause: OHKO moves are banned
|rule|Moody Clause: Moody is banned
|rule|Evasion Moves Clause: Evasion moves are banned
|rule|Endless Battle Clause: Forcing endless battles is banned
|rule|HP Percentage Mod: HP is shown in percentages
|clearpoke
|poke|p1|Celebi
|poke|p1|Aggron, F, shiny
|poke|p1|Crobat, M, shiny
|poke|p1|Blissey, F, shiny
|poke|p1|Alomomola, M, shiny
|poke|p1|Krookodile, M, shiny
|poke|p2|Hippowdon, M
|poke|p2|Reuniclus, M
|poke|p2|Doublade, M
|poke|p2|Entei, shiny
|poke|p2|Virizion
|poke|p2|Blastoise, F
|rule|Swagger Clause: Swagger is banned
|rule|Baton Pass Clause: Limit one Pokémon knowing Baton Pass
|teampreview
|join|RowDog
|
|start
|switch|p1a: The Don|Krookodile, M, shiny|331\/331
|switch|p2a: Entei|Entei, shiny|371\/371
|-ability|p1a: The Don|Intimidate|[of] p2a: Entei
|-unboost|p2a: Entei|atk|1
|-ability|p2a: Entei|Pressure
|turn|1
|c| RowDog|RIP Bob
|
|switch|p2a: Blastoise|Blastoise, F|355\/355
|move|p1a: The Don|Earthquake|p2a: Blastoise
|-damage|p2a: Blastoise|123\/355
|
|turn|2
|c|★Bob the Bro|cmreuni tho
|c| RowDog|:(
|c|★Bob the Bro|3much5me
|c| RowDog|what is the last slot?
|c|★Bob the Bro|focus miss
|
|detailschange|p2a: Blastoise|Blastoise-Mega, F
|message|Blastoise has Mega Evolved into Mega Blastoise!
|move|p1a: The Don|Earthquake|p2a: Blastoise
|-damage|p2a: Blastoise|0 fnt
|faint|p2a: Blastoise
|
|c| RowDog|Focus Miss, Shadow balls or beams?
|c| RowDog|k
|
|switch|p2a: Virizion|Virizion|324\/324
|turn|3
|
|switch|p1a: bob the brobat|Crobat, M, shiny|325\/325
|move|p2a: Virizion|Stone Edge|p1a: bob the brobat
|-supereffective|p1a: bob the brobat
|-damage|p1a: bob the brobat|23\/325
|-damage|p2a: Virizion|292\/324|[from] item: Life Orb
|
|turn|4
|c| RowDog|Nice switchin tbh
|join|Technosis
|join|waiv
|
|switch|p2a: Hippowdon|Hippowdon, M|419\/419
|-weather|Sandstorm
|move|p1a: bob the brobat|Roost|p1a: bob the brobat
|-heal|p1a: bob the brobat|186\/325
|
|-weather|Sandstorm|[upkeep]
|-damage|p1a: bob the brobat|166\/325|[from] sandstorm
|turn|5
|c| waiv|UU
|c|★Bob the Bro|who the fk uses life orb
|c| RowDog|or to not be honest
|c| waiv|is just like 3 ppl right now
|c|★Bob the Bro|tbh
|
|move|p1a: bob the brobat|Toxic|p2a: Hippowdon
|-status|p2a: Hippowdon|tox
|move|p2a: Hippowdon|Stealth Rock|p1a: bob the brobat
|-sidestart|p1: Bob the Bro|move: Stealth Rock
|
|-weather|Sandstorm|[upkeep]
|-damage|p1a: bob the brobat|146\/325|[from] sandstorm
|-damage|p2a: Hippowdon|393\/419 tox|[from] psn
|turn|6
|c| RowDog|inb4 se
|c| RowDog|wow, bad
|c| Technosis|reveal the Ice Fang Hippo
|
|switch|p1a: ugly fuck|Alomomola, M, shiny|534\/534
|-damage|p1a: ugly fuck|468\/534|[from] Stealth Rock
|move|p2a: Hippowdon|Rock Slide|p1a: ugly fuck
|-crit|p1a: ugly fuck
|-damage|p1a: ugly fuck|381\/534
|
|-weather|Sandstorm|[upkeep]
|-damage|p1a: ugly fuck|348\/534|[from] sandstorm
|-heal|p2a: Hippowdon|419\/419 tox|[from] item: Leftovers
|-damage|p2a: Hippowdon|367\/419 tox|[from] psn
|turn|7
|
|switch|p2a: Reuniclus|Reuniclus, M|424\/424
|move|p1a: ugly fuck|Wish|p1a: ugly fuck
|
|-weather|Sandstorm|[upkeep]
|-damage|p1a: ugly fuck|315\/534|[from] sandstorm
|turn|8
|join|newfren
|c| newfren|bob are you ever going to run a counter to this
|c| RowDog|only Rock Slide hippo
|c| RowDog|ew
|c|★Bob the Bro|i have counters
|c| newfren|rock slide hippo is good
|c|★Bob the Bro|mirror coat on this
|c| newfren|it can actually do something to crobat
|c| RowDog|Stone Edge is for real men :^)
|c| RowDog|jk i don’t really care
|
|move|p1a: ugly fuck|Knock Off|p2a: Reuniclus
|-supereffective|p2a: Reuniclus
|-damage|p2a: Reuniclus|338\/424
|-enditem|p2a: Reuniclus|Leftovers|[from] move: Knock Off|[of] p1a: ugly fuck
|move|p2a: Reuniclus|Focus Blast|p1a: ugly fuck
|-crit|p1a: ugly fuck
|-damage|p1a: ugly fuck|2\/534
|
|-weather|none
|-heal|p1a: ugly fuck|269\/534|[from] move: Wish|[wisher] ugly fuck
|turn|9
|
|switch|p1a: cabbage|Celebi|341\/341
|-damage|p1a: cabbage|299\/341|[from] Stealth Rock
|move|p2a: Reuniclus|Calm Mind|p2a: Reuniclus
|-boost|p2a: Reuniclus|spa|1
|-boost|p2a: Reuniclus|spd|1
|
|-heal|p1a: cabbage|320\/341|[from] item: Leftovers
|turn|10
|c|★Bob the Bro|wow crit did nothing
|
|move|p1a: cabbage|Swords Dance|p1a: cabbage
|-boost|p1a: cabbage|atk|2
|move|p2a: Reuniclus|Recover|p2a: Reuniclus
|-heal|p2a: Reuniclus|424\/424
|
|-heal|p1a: cabbage|341\/341|[from] item: Leftovers
|turn|11
|
|move|p1a: cabbage|Seed Bomb|p2a: Reuniclus
|-damage|p2a: Reuniclus|222\/424
|move|p2a: Reuniclus|Focus Blast|p1a: cabbage
|-resisted|p1a: cabbage
|-damage|p1a: cabbage|255\/341
|
|-heal|p1a: cabbage|276\/341|[from] item: Leftovers
|turn|12
|c|★Bob the Bro|u wot m9
|join|Eyan
|c| Technosis|>not gobing here
|
|move|p1a: cabbage|Seed Bomb|p2a: Reuniclus
|-damage|p2a: Reuniclus|26\/424
|move|p2a: Reuniclus|Recover|p2a: Reuniclus
|-heal|p2a: Reuniclus|238\/424
|
|-heal|p1a: cabbage|297\/341|[from] item: Leftovers
|turn|13
|
|switch|p2a: Entei|Entei, shiny|371\/371
|-ability|p2a: Entei|Pressure
|move|p1a: cabbage|Seed Bomb|p2a: Entei
|-resisted|p2a: Entei
|-damage|p2a: Entei|242\/371
|
|-heal|p1a: cabbage|318\/341|[from] item: Leftovers
|turn|14
|join|Latios pls <3
|join|Dr. Hoothoot
|
|move|p1a: cabbage|Zen Headbutt|p2a: Entei
|-damage|p2a: Entei|0 fnt
|faint|p2a: Entei
|
|-heal|p1a: cabbage|339\/341|[from] item: Leftovers
|c| waiv|rekt
|c| waiv|10\/10
|
|switch|p2a: Doublade|Doublade, M|321\/321
|turn|15
|c| waiv|IN
|
|switch|p1a: ugly fuck|Alomomola, M, shiny|447\/534
|-damage|p1a: ugly fuck|381\/534|[from] Stealth Rock
|move|p2a: Doublade|Swords Dance|p2a: Doublade
|-boost|p2a: Doublade|atk|2
|
|turn|16
|c| Technosis|10\/10 would bop again
|c| waiv|bob 4 prez
|c|★Bob the Bro|not in
|
|move|p1a: ugly fuck|Scald|p2a: Doublade
|-damage|p2a: Doublade|272\/321
|-status|p2a: Doublade|brn
|move|p2a: Doublade|Swords Dance|p2a: Doublade
|-boost|p2a: Doublade|atk|2
|
|-damage|p2a: Doublade|232\/321 brn|[from] brn
|turn|17
|leave|RowDog
|c|★Bob the Bro|nb
|
|move|p1a: ugly fuck|Knock Off|p2a: Doublade
|-supereffective|p2a: Doublade
|-damage|p2a: Doublade|178\/321 brn
|-enditem|p2a: Doublade|Eviolite|[from] move: Knock Off|[of] p1a: ugly fuck
|move|p2a: Doublade|Swords Dance|p2a: Doublade
|-boost|p2a: Doublade|atk|2
|
|-damage|p2a: Doublade|138\/321 brn|[from] brn
|turn|18
|c|★Bob the Bro|this guy
|c|★Bob the Bro|keeps trying to gobo
|c| waiv|bob
|
|move|p1a: ugly fuck|Wish|p1a: ugly fuck
|move|p2a: Doublade|Sacred Sword|p1a: ugly fuck
|-damage|p1a: ugly fuck|210\/534
|-damage|p2a: Doublade|85\/321 brn|[from] item: Rocky Helmet|[of] p1a: ugly fuck
|
|-damage|p2a: Doublade|45\/321 brn|[from] brn
|turn|19
|c| waiv|this is my fav of ur tems
|
|move|p1a: ugly fuck|Scald|p2a: Doublade
|-damage|p2a: Doublade|0 fnt
|faint|p2a: Doublade
|
|-heal|p1a: ugly fuck|477\/534|[from] move: Wish|[wisher] ugly fuck
|c|★Bob the Bro|lol same
|
|switch|p2a: Virizion|Virizion|292\/324
|turn|20
|c| waiv|it's ur best imo
|c| waiv|because it has SD celebi
|
|move|p2a: Virizion|Stone Edge|p1a: ugly fuck|[miss]
|-miss|p2a: Virizion|p1a: ugly fuck
|move|p1a: ugly fuck|Toxic|p2a: Virizion
|-status|p2a: Virizion|tox
|
|-damage|p2a: Virizion|272\/324 tox|[from] psn
|turn|21
|c|★Bob the Bro|sd celebi is life tbh
|c| waiv|ye
|
|move|p2a: Virizion|Swords Dance|p2a: Virizion
|-boost|p2a: Virizion|atk|2
|move|p1a: ugly fuck|Wish|p1a: ugly fuck
|
|-damage|p2a: Virizion|232\/324 tox|[from] psn
|turn|22
|c| waiv|it's rly da best
|c| waiv|cause everyone has roar on their swampert
|c| waiv|which is not da switch ins
|
|switch|p1a: cabbage|Celebi|339\/341
|-damage|p1a: cabbage|297\/341|[from] Stealth Rock
|move|p2a: Virizion|Stone Edge|p1a: cabbage
|-damage|p1a: cabbage|50\/341
|-damage|p2a: Virizion|200\/324 tox|[from] item: Life Orb
|
|-heal|p1a: cabbage|317\/341|[from] move: Wish|[wisher] ugly fuck
|-heal|p1a: cabbage|338\/341|[from] item: Leftovers
|-damage|p2a: Virizion|140\/324 tox|[from] psn
|turn|23
|
|switch|p1a: ugly fuck|Alomomola, M, shiny|534\/534
|-damage|p1a: ugly fuck|468\/534|[from] Stealth Rock
|move|p2a: Virizion|Stone Edge|p1a: ugly fuck|[miss]
|-miss|p2a: Virizion|p1a: ugly fuck
|
|-damage|p2a: Virizion|60\/324 tox|[from] psn
|turn|24
|
|switch|p1a: bob the brobat|Crobat, M, shiny|146\/325
|-damage|p1a: bob the brobat|65\/325|[from] Stealth Rock
|move|p2a: Virizion|Leaf Blade|p1a: bob the brobat
|-resisted|p1a: bob the brobat
|-damage|p1a: bob the brobat|0 fnt
|-damage|p2a: Virizion|28\/324 tox|[from] item: Life Orb
|faint|p1a: bob the brobat
|
|-damage|p2a: Virizion|0 fnt|[from] psn
|faint|p2a: Virizion
|join|StallIsGey
|
|switch|p1a: cabbage|Celebi|338\/341
|-damage|p1a: cabbage|296\/341|[from] Stealth Rock
|switch|p2a: Reuniclus|Reuniclus, M|238\/424
|turn|25
|leave|StallIsGey
|
|move|p1a: cabbage|Swords Dance|p1a: cabbage
|-boost|p1a: cabbage|atk|2
|move|p2a: Reuniclus|Psyshock|p1a: cabbage
|-resisted|p1a: cabbage
|-damage|p1a: cabbage|239\/341
|
|-heal|p1a: cabbage|260\/341|[from] item: Leftovers
|turn|26
|join|JustB1az3
|
|move|p1a: cabbage|Swords Dance|p1a: cabbage
|-boost|p1a: cabbage|atk|2
|move|p2a: Reuniclus|Recover|p2a: Reuniclus
|-heal|p2a: Reuniclus|424\/424
|
|-heal|p1a: cabbage|281\/341|[from] item: Leftovers
|turn|27
|c|★Bob the Bro|ogre
|c| Technosis|+12 rn
|
|move|p1a: cabbage|Swords Dance|p1a: cabbage
|-boost|p1a: cabbage|atk|2
|move|p2a: Reuniclus|Psyshock|p1a: cabbage
|-resisted|p1a: cabbage
|-damage|p1a: cabbage|229\/341
|
|-heal|p1a: cabbage|250\/341|[from] item: Leftovers
|turn|28
|
|move|p1a: cabbage|Swords Dance|p1a: cabbage
|-fail|p1a: cabbage
|move|p2a: Reuniclus|Recover|p2a: Reuniclus
|-fail|p2a: Reuniclus
|
|-heal|p1a: cabbage|271\/341|[from] item: Leftovers
|turn|29
|
|move|p1a: cabbage|Seed Bomb|p2a: Reuniclus
|-damage|p2a: Reuniclus|30\/424
|move|p2a: Reuniclus|Recover|p2a: Reuniclus
|-heal|p2a: Reuniclus|242\/424
|
|-heal|p1a: cabbage|292\/341|[from] item: Leftovers
|turn|30
|
|move|p1a: cabbage|Swords Dance|p1a: cabbage
|-fail|p1a: cabbage
|move|p2a: Reuniclus|Recover|p2a: Reuniclus
|-heal|p2a: Reuniclus|424\/424
|
|-heal|p1a: cabbage|313\/341|[from] item: Leftovers
|turn|31
|
|move|p1a: cabbage|Seed Bomb|p2a: Reuniclus
|-damage|p2a: Reuniclus|0 fnt
|faint|p2a: Reuniclus
|
|-heal|p1a: cabbage|334\/341|[from] item: Leftovers
|c| Technosis|Gobo 2 stronk
|join|RowDog
|
|switch|p2a: Hippowdon|Hippowdon, M|367\/419 tox
|-weather|Sandstorm
|turn|32
|c|★Bob the Bro|+10
|c| newfren|needed the extra sd
|c|★Bob the Bro|ez
|join|BenzMafia
|
|move|p1a: cabbage|Zen Headbutt|p2a: Hippowdon
|-damage|p2a: Hippowdon|0 fnt
|faint|p2a: Hippowdon
|
|win|Bob the Bro
|raw|Ladder updating...
|c| newfren|for the extra 8^
|c| waiv|lol
|raw|Bob the Bro's rating: 1757 &rarr; <strong>1766<\/strong><br \/>(+9 for winning)
|raw|zippleclopper22's rating: 1539 &rarr; <strong>1530<\/strong><br \/>(-9 for losing)
|c| newfren|*8%
|c| waiv|doesn't even ohko tho
|c| waiv|-_-
|leave|newfren
|c| waiv|oh
|leave|Bob the Bro
|player|p1