|join|DMT
|join|Bob the Bro
|player|p1|DMT|101
|player|p2|Bob the Bro|23
|gametype|singles
|gen|6
|tier|UU
|rule|Sleep Clause Mod: Limit one foe put to sleep
|rule|Species Clause: Limit one of each Pokémon
|rule|OHKO Clause: OHKO moves are banned
|rule|Moody Clause: Moody is banned
|rule|Evasion Moves Clause: Evasion moves are banned
|rule|Endless Battle Clause: Forcing endless battles is banned
|rule|HP Percentage Mod: HP is shown in percentages
|clearpoke
|poke|p1|Zygarde
|poke|p1|Dragalge, F
|poke|p1|Fletchinder, F
|poke|p1|Meloetta
|poke|p1|Forretress, M
|poke|p1|Absol, F
|poke|p2|Shedinja
|poke|p2|Blissey, F
|poke|p2|Zygarde
|poke|p2|Aggron, M
|poke|p2|Tentacruel, M
|poke|p2|Togetic, M
|rule|Swagger Clause: Swagger is banned
|rule|Baton Pass Clause: Limit one Pokémon knowing Baton Pass
|teampreview
|c|★DMT|ha!
|join|xShiba
|join|viaw
|c|★DMT|haha
|join|sniperaim
|c|★DMT|hahahahahaha!
|join|Cell in a Hell
|join|YeLlOw SkArMoRy
|c| viaw|Hype1
|c|★Bob the Bro|based lord
|c| YeLlOw SkArMoRy|shedinja
|c| YeLlOw SkArMoRy|shedinja
|join|meowiekins
|join|TheyCallMeNancy
|c| viaw|~_~_~
|c|★Bob the Bro|the s in shedinja stands for really good
|c|★DMT|that would mean it's redijna!
|
|start
|switch|p1a: Absol|Absol, F|271\/271
|switch|p2a: Tentacruel|Tentacruel, M|364\/364
|turn|1
|c|★DMT|that's redinjalous!
|c| meowiekins|dmt ive converted bob
|c| TheyCallMeNancy|HA
|
|switch|p2a: Aggron|Aggron, M|344\/344
|detailschange|p1a: Absol|Absol-Mega, F
|message|Absol has Mega Evolved into Mega Absol!
|move|p1a: Absol|Knock Off|p2a: Aggron
|-damage|p2a: Aggron|263\/344
|
|turn|2
|
|switch|p1a: Fletchinder|Fletchinder, F|291\/291
|detailschange|p2a: Aggron|Aggron-Mega, M
|message|Aggron has Mega Evolved into Mega Aggron!
|move|p2a: Aggron|Heavy Slam|p1a: Fletchinder
|-resisted|p1a: Fletchinder
|-damage|p1a: Fletchinder|147\/291
|
|turn|3
|
|move|p1a: Fletchinder|Will-O-Wisp|p2a: Aggron
|-status|p2a: Aggron|brn
|move|p2a: Aggron|Toxic|p1a: Fletchinder
|-status|p1a: Fletchinder|tox
|
|-damage|p1a: Fletchinder|129\/291 tox|[from] psn
|-damage|p2a: Aggron|220\/344 brn|[from] brn
|turn|4
|
|switch|p1a: Forretress|Forretress, M|354\/354
|switch|p2a: Togetic|Togetic, M|314\/314
|
|turn|5
|
|move|p2a: Togetic|Heal Bell|p2a: Togetic
|-cureteam|p2a: Togetic|[from] move: HealBell
|move|p1a: Forretress|Stealth Rock|p2a: Togetic
|-sidestart|p2: Bob the Bro|move: Stealth Rock
|
|turn|6
|join|LiberalLucario
|join|I3Magikarp
|
|switch|p1a: Absol|Absol-Mega, F|271\/271
|move|p2a: Togetic|Defog|p1a: Absol
|move|p1a: Absol|Defog|p2a: Togetic|[from]Magic Bounce
|-unboost|p2a: Togetic|evasion|1
|-sideend|p2: Bob the Bro|Stealth Rock|[from] move: Defog|[of] p2a: Togetic
|
|turn|7
|c| LiberalLucario|blocked
|
|switch|p1a: Forretress|Forretress, M|354\/354
|move|p2a: Togetic|Dazzling Gleam|p1a: Forretress
|-resisted|p1a: Forretress
|-damage|p1a: Forretress|296\/354
|
|-heal|p1a: Forretress|318\/354|[from] item: Leftovers
|turn|8
|join|SmashBrosBrawl
|
|switch|p2a: Tentacruel|Tentacruel, M|364\/364
|move|p1a: Forretress|Stealth Rock|p2a: Tentacruel
|-sidestart|p2: Bob the Bro|move: Stealth Rock
|
|-heal|p1a: Forretress|340\/354|[from] item: Leftovers
|turn|9
|c|★Bob the Bro|!learn healing wish, meloetta
Pokemon 'healingwish' not found.
|c|★DMT|it doesn't get it
|c|+SmashBrosBrawl|dmt
|c|★DMT|sadly
|c|★DMT|?!?!
|c|+SmashBrosBrawl|have you got
|c|★DMT|!learn meloetta, heal bell
|raw|<div class="infobox">Meloetta <span class="message-learn-canlearn">can<\/span> learn Heal Bell<\/ul><\/div>
|c|+SmashBrosBrawl|the hp fire forry
|c|★DMT|ofcousre!
|
|move|p2a: Tentacruel|Scald|p1a: Forretress
|-damage|p1a: Forretress|229\/354
|-status|p1a: Forretress|brn
|move|p1a: Forretress|Volt Switch|p2a: Tentacruel
|-supereffective|p2a: Tentacruel
|-damage|p2a: Tentacruel|306\/364
|c|+SmashBrosBrawl|o
|c|+SmashBrosBrawl|nb
|c|★DMT|oh shit missaved
|c|★DMT|HP dragon
|c|★DMT|but I also have facde
|c|★DMT|so it's k
|c|+SmashBrosBrawl|np
|join|Bloff
|
|switch|p1a: Zygarde|Zygarde|404\/404
|-ability|p1a: Zygarde|Aura Break
|
|-heal|p2a: Tentacruel|328\/364|[from] item: Black Sludge
|turn|10
|leave|Bloff
|c|+SmashBrosBrawl|whats zyg
|c|+SmashBrosBrawl|gonna do
|c| I3Magikarp|oh shit, Forry actually gets facade
|c|★DMT|to shed+togetic lelelel
|c|★DMT|I was so tempted
|c|★DMT|to run coil3att
|c|★DMT|espeed edgequake
|
|switch|p1a: Dragalge|Dragalge, F|300\/300
|move|p2a: Tentacruel|Rapid Spin|p1a: Dragalge
|-damage|p1a: Dragalge|287\/300
|-sideend|p2: Bob the Bro|Stealth Rock|[from] move: Rapid Spin|[of] p2a: Tentacruel
|
|-heal|p2a: Tentacruel|350\/364|[from] item: Black Sludge
|turn|11
|c|★DMT|cus that sounds actual half decent
|c|+SmashBrosBrawl|ez
|c|★DMT|bob!
|c|★DMT|come on!
|
|switch|p2a: Blissey|Blissey, F|714\/714
|move|p1a: Dragalge|Draco Meteor|p2a: Blissey|[miss]
|-miss|p1a: Dragalge|p2a: Blissey
|
|turn|12
|c|★Bob the Bro|ez predicts
|c|★DMT|fuk!
|c|+SmashBrosBrawl|outskilled
|c| I3Magikarp|this is all irrelevant because once aggron goes down, fletch sweeps
|
|switch|p1a: Absol|Absol-Mega, F|271\/271
|move|p2a: Blissey|Wish|p2a: Blissey
|
|turn|13
|
|switch|p2a: Aggron|Aggron-Mega, M|220\/344
|move|p1a: Absol|Swords Dance|p1a: Absol
|-boost|p1a: Absol|atk|2
|
|-heal|p2a: Aggron|344\/344|[from] move: Wish|[wisher] Blissey
|turn|14
|c|★Bob the Bro|pursuit absol
|c|★Bob the Bro|where
|
|move|p1a: Absol|Sucker Punch|p2a: Aggron
|-damage|p2a: Aggron|202\/344
|move|p2a: Aggron|Heavy Slam|p1a: Absol
|-damage|p1a: Absol|0 fnt
|faint|p1a: Absol
|
|c|★DMT|that did nothing!
|c|+SmashBrosBrawl|wheres
|c| viaw|;-; dmt...
|c|+SmashBrosBrawl|vcreate absol
|
|switch|p1a: Forretress|Forretress, M|229\/354 brn
|turn|15
|c|★Bob the Bro|do you have play rough or superpower
|c|★DMT|pr
|c|★Bob the Bro|oh
|
|switch|p2a: Zygarde|Zygarde|404\/404
|-ability|p2a: Zygarde|Aura Break
|move|p1a: Forretress|Volt Switch|p2a: Zygarde
|-immune|p2a: Zygarde|[msg]
|
|-heal|p1a: Forretress|251\/354 brn|[from] item: Leftovers
|-damage|p1a: Forretress|207\/354 brn|[from] brn
|turn|16
|c|★DMT|fuk
|c|+SmashBrosBrawl|,
|leave|TheyCallMeNancy
|
|switch|p1a: Zygarde|Zygarde|404\/404
|-ability|p1a: Zygarde|Aura Break
|move|p2a: Zygarde|Substitute|p2a: Zygarde
|-start|p2a: Zygarde|Substitute
|-damage|p2a: Zygarde|303\/404
|
|-heal|p2a: Zygarde|328\/404|[from] item: Leftovers
|turn|17
|join|Colbrushie
|
|move|p1a: Zygarde|Earthquake|p2a: Zygarde
|-activate|p2a: Zygarde|Substitute|[damage]
|move|p2a: Zygarde|Dragon Tail|p1a: Zygarde
|-supereffective|p1a: Zygarde
|-damage|p1a: Zygarde|290\/404
|drag|p1a: Dragalge|Dragalge, F|287\/300
|
|-heal|p2a: Zygarde|353\/404|[from] item: Leftovers
|turn|18
|c|★DMT|fuk
|c|★Bob the Bro|str8 bulk
|
|move|p2a: Zygarde|Earthquake|p1a: Dragalge
|-supereffective|p1a: Dragalge
|-damage|p1a: Dragalge|29\/300
|move|p1a: Dragalge|Dragon Pulse|p2a: Zygarde
|-supereffective|p2a: Zygarde
|-end|p2a: Zygarde|Substitute
|
|-heal|p2a: Zygarde|378\/404|[from] item: Leftovers
|turn|19
|
|switch|p1a: Fletchinder|Fletchinder, F|129\/291 tox
|move|p2a: Zygarde|Earthquake|p1a: Fletchinder
|-immune|p1a: Fletchinder|[msg]
|
|-heal|p2a: Zygarde|403\/404|[from] item: Leftovers
|-damage|p1a: Fletchinder|111\/291 tox|[from] psn
|turn|20
|
|move|p2a: Zygarde|Substitute|p2a: Zygarde
|-start|p2a: Zygarde|Substitute
|-damage|p2a: Zygarde|302\/404
|move|p1a: Fletchinder|Will-O-Wisp|p2a: Zygarde
|
|-heal|p2a: Zygarde|327\/404|[from] item: Leftovers
|-damage|p1a: Fletchinder|75\/291 tox|[from] psn
|turn|21
|c|★DMT|!>!>?!??!
|
|move|p1a: Fletchinder|Acrobatics|p2a: Zygarde
|-end|p2a: Zygarde|Substitute
|move|p2a: Zygarde|Coil|p2a: Zygarde
|-boost|p2a: Zygarde|atk|1
|-boost|p2a: Zygarde|def|1
|-boost|p2a: Zygarde|accuracy|1
|
|-heal|p2a: Zygarde|352\/404|[from] item: Leftovers
|-damage|p1a: Fletchinder|21\/291 tox|[from] psn
|turn|22
|c|★Bob the Bro|fast garde
|c| Colbrushie|LOL
|c|★Bob the Bro|ez
|c|+SmashBrosBrawl|bop
|c|★DMT|you get a sub up xD
|
|move|p1a: Fletchinder|Acrobatics|p2a: Zygarde
|-damage|p2a: Zygarde|271\/404
|move|p2a: Zygarde|Substitute|p2a: Zygarde
|-start|p2a: Zygarde|Substitute
|-damage|p2a: Zygarde|170\/404
|
|-heal|p2a: Zygarde|195\/404|[from] item: Leftovers
|-damage|p1a: Fletchinder|0 fnt|[from] psn
|faint|p1a: Fletchinder
|
|switch|p1a: Meloetta|Meloetta|341\/341
|turn|23
|
|move|p1a: Meloetta|Hyper Voice|p2a: Zygarde
|-damage|p2a: Zygarde|86\/404
|move|p2a: Zygarde|Dragon Tail|p1a: Meloetta
|-damage|p1a: Meloetta|206\/341
|drag|p1a: Forretress|Forretress, M|207\/354 brn
|
|-heal|p2a: Zygarde|111\/404|[from] item: Leftovers
|-heal|p1a: Forretress|229\/354 brn|[from] item: Leftovers
|-damage|p1a: Forretress|185\/354 brn|[from] brn
|turn|24
|c|★DMT|crit!
|c|★DMT|freeze!
|c| YeLlOw SkArMoRy|hyper voice
|c| YeLlOw SkArMoRy|through sub
|c|★DMT|better get my rocks up!
|
|move|p2a: Zygarde|Coil|p2a: Zygarde
|-boost|p2a: Zygarde|atk|1
|-boost|p2a: Zygarde|def|1
|-boost|p2a: Zygarde|accuracy|1
|move|p1a: Forretress|Stealth Rock|p2a: Zygarde
|-sidestart|p2: Bob the Bro|move: Stealth Rock
|
|-heal|p2a: Zygarde|136\/404|[from] item: Leftovers
|-heal|p1a: Forretress|207\/354 brn|[from] item: Leftovers
|-damage|p1a: Forretress|163\/354 brn|[from] brn
|turn|25
|join|Dreamy Buns
|c| YeLlOw SkArMoRy|rox
|
|switch|p1a: Zygarde|Zygarde|290\/404
|-ability|p1a: Zygarde|Aura Break
|move|p2a: Zygarde|Dragon Tail|p1a: Zygarde
|-supereffective|p1a: Zygarde
|-damage|p1a: Zygarde|36\/404
|drag|p1a: Meloetta|Meloetta|206\/341
|
|-heal|p2a: Zygarde|161\/404|[from] item: Leftovers
|turn|26
|c|+SmashBrosBrawl|bop
|c|★DMT|fuck!
|c| YeLlOw SkArMoRy|predicted
|
|move|p1a: Meloetta|U-turn|p2a: Zygarde
|-activate|p2a: Zygarde|Substitute|[damage]
|c| YeLlOw SkArMoRy|hyper voice
|c| Dreamy Buns|Hyper voice!!!!!
|c| YeLlOw SkArMoRy|through sub
|c|★DMT|it didn't break!
|
|switch|p1a: Dragalge|Dragalge, F|29\/300
|move|p2a: Zygarde|Earthquake|p1a: Dragalge
|-supereffective|p1a: Dragalge
|-damage|p1a: Dragalge|0 fnt
|faint|p1a: Dragalge
|
|-heal|p2a: Zygarde|186\/404|[from] item: Leftovers
|
|switch|p1a: Meloetta|Meloetta|206\/341
|turn|27
|c| YeLlOw SkArMoRy|.................
|c|+SmashBrosBrawl|hyper voice doesnt do sht
|
|move|p1a: Meloetta|U-turn|p2a: Zygarde
|-activate|p2a: Zygarde|Substitute|[damage]
|join|THE_iTodd
|
|switch|p1a: Forretress|Forretress, M|163\/354 brn
|move|p2a: Zygarde|Earthquake|p1a: Forretress
|-damage|p1a: Forretress|19\/354 brn
|
|-heal|p2a: Zygarde|211\/404|[from] item: Leftovers
|-heal|p1a: Forretress|41\/354 brn|[from] item: Leftovers
|-damage|p1a: Forretress|0 fnt|[from] brn
|faint|p1a: Forretress
|c|★Bob the Bro|ez
|
|switch|p1a: Meloetta|Meloetta|206\/341
|turn|28
|c| THE_iTodd|dmt
|c| THE_iTodd|what happened
|c|+SmashBrosBrawl|todd
|c| THE_iTodd|to your adventure lad
|c| THE_iTodd|icon
|c|+SmashBrosBrawl|TODD
|c|★DMT|i don't know!!!
|c| THE_iTodd|sbb
|c|★DMT|wait
|c|★DMT|OH
|c| THE_iTodd|hi
|c|★DMT|WTF
|c|+SmashBrosBrawl|oi
|
|move|p1a: Meloetta|Hyper Voice|p2a: Zygarde
|-damage|p2a: Zygarde|99\/404
|move|p2a: Zygarde|Earthquake|p1a: Meloetta
|-damage|p1a: Meloetta|0 fnt
|faint|p1a: Meloetta
|
|-heal|p2a: Zygarde|124\/404|[from] item: Leftovers
|c|+SmashBrosBrawl|budtod
|c| THE_iTodd|:(((
|c|★DMT|dammit bob!
|leave|Dreamy Buns
|
|switch|p1a: Zygarde|Zygarde|36\/404
|-ability|p1a: Zygarde|Aura Break
|turn|29
|c|★Bob the Bro|ez 6-0
|c|+SmashBrosBrawl|dmt stop getting 6-0
|
|move|p1a: Zygarde|Earthquake|p2a: Zygarde
|-activate|p2a: Zygarde|Substitute|[damage]
|move|p2a: Zygarde|Earthquake|p1a: Zygarde
|-damage|p1a: Zygarde|0 fnt
|faint|p1a: Zygarde
|
|win|Bob the Bro
|c|★DMT|I can't help it!
|c|★DMT|bg!
|c|★DMT|hax!
|leave|SmashBrosBrawl
|leave|DMT
|c|★Bob the Bro|rip
|player|p1
|leave|viaw
|leave|xShiba
|leave|sniperaim
|leave|I3Magikarp