|join|Bob the Bro
|join|Wolfhead69
|player|p1|Bob the Bro|23
|player|p2|Wolfhead69|102
|gametype|singles
|gen|6
|tier|UU
|rated
|rule|Sleep Clause Mod: Limit one foe put to sleep
|rule|Species Clause: Limit one of each Pokémon
|rule|OHKO Clause: OHKO moves are banned
|rule|Moody Clause: Moody is banned
|rule|Evasion Moves Clause: Evasion moves are banned
|rule|Endless Battle Clause: Forcing endless battles is banned
|rule|HP Percentage Mod: HP is shown in percentages
|clearpoke
|poke|p1|Celebi
|poke|p1|Aggron, F, shiny
|poke|p1|Crobat, F, shiny
|poke|p1|Blissey, F, shiny
|poke|p1|Alomomola, M, shiny
|poke|p1|Krookodile, F, shiny
|poke|p2|Aerodactyl, M
|poke|p2|Raikou
|poke|p2|Lucario, M
|poke|p2|Chandelure, F
|poke|p2|Crobat, F
|poke|p2|Swampert, F
|rule|Swagger Clause: Swagger is banned
|rule|Baton Pass Clause: Limit one Pokémon knowing Baton Pass
|teampreview
|
|start
|switch|p1a: The Don|Krookodile, F, shiny|331\/331
|switch|p2a: Swampert|Swampert, F|404\/404
|-ability|p1a: The Don|Intimidate|[of] p2a: Swampert
|-unboost|p2a: Swampert|atk|1
|turn|1
|
|switch|p1a: ugly cunt|Alomomola, M, shiny|534\/534
|move|p2a: Swampert|Scald|p1a: ugly cunt
|-resisted|p1a: ugly cunt
|-damage|p1a: ugly cunt|453\/534
|
|turn|2
|
|move|p1a: ugly cunt|Toxic|p2a: Swampert
|-status|p2a: Swampert|tox
|move|p2a: Swampert|Stealth Rock|p1a: ugly cunt
|-sidestart|p1: Bob the Bro|move: Stealth Rock
|
|-damage|p2a: Swampert|379\/404 tox|[from] psn
|turn|3
|
|switch|p2a: Raikou|Raikou|322\/322
|-ability|p2a: Raikou|Pressure
|move|p1a: ugly cunt|Knock Off|p2a: Raikou
|-damage|p2a: Raikou|249\/322
|-enditem|p2a: Raikou|Life Orb|[from] move: Knock Off|[of] p1a: ugly cunt
|
|turn|4
|
|switch|p1a: Fattest Cunt|Blissey, F, shiny|714\/714
|-damage|p1a: Fattest Cunt|625\/714|[from] Stealth Rock
|move|p2a: Raikou|Volt Switch|p1a: Fattest Cunt
|-damage|p1a: Fattest Cunt|537\/714
|
|switch|p2a: Chandelure|Chandelure, F|261\/261
|
|-heal|p1a: Fattest Cunt|581\/714|[from] item: Leftovers
|turn|5
|
|switch|p1a: ugly cunt|Alomomola, M, shiny|534\/534
|-damage|p1a: ugly cunt|468\/534|[from] Stealth Rock
|move|p2a: Chandelure|Trick|p1a: ugly cunt
|-activate|p2a: Chandelure|move: Trick|[of] p1a: ugly cunt
|-item|p1a: ugly cunt|Choice Scarf|[from] move: Trick
|-item|p2a: Chandelure|Rocky Helmet|[from] move: Trick
|
|turn|6
|
|move|p2a: Chandelure|Energy Ball|p1a: ugly cunt
|-supereffective|p1a: ugly cunt
|-damage|p1a: ugly cunt|14\/534
|-unboost|p1a: ugly cunt|spd|1
|move|p1a: ugly cunt|Toxic|p2a: Chandelure|[miss]
|-miss|p1a: ugly cunt|p2a: Chandelure
|
|turn|7
|
|switch|p1a: Fattest Cunt|Blissey, F, shiny|581\/714
|-damage|p1a: Fattest Cunt|492\/714|[from] Stealth Rock
|move|p2a: Chandelure|Energy Ball|p1a: Fattest Cunt
|-damage|p1a: Fattest Cunt|415\/714
|
|-heal|p1a: Fattest Cunt|459\/714|[from] item: Leftovers
|turn|8
|
|move|p2a: Chandelure|Trick|p1a: Fattest Cunt
|-activate|p2a: Chandelure|move: Trick|[of] p1a: Fattest Cunt
|-item|p1a: Fattest Cunt|Rocky Helmet|[from] move: Trick
|-item|p2a: Chandelure|Leftovers|[from] move: Trick
|move|p1a: Fattest Cunt|Wish|p1a: Fattest Cunt
|
|turn|9
|
|move|p2a: Chandelure|Energy Ball|p1a: Fattest Cunt
|-damage|p1a: Fattest Cunt|373\/714
|move|p1a: Fattest Cunt|Seismic Toss|p2a: Chandelure
|-immune|p2a: Chandelure|[msg]
|
|-heal|p1a: Fattest Cunt|714\/714|[from] move: Wish|[wisher] Fattest Cunt
|turn|10
|
|switch|p2a: Lucario|Lucario, M|282\/282
|move|p1a: Fattest Cunt|Wish|p1a: Fattest Cunt
|
|turn|11
|
|switch|p1a: Big Nigga|Crobat, F, shiny|325\/325
|-damage|p1a: Big Nigga|244\/325|[from] Stealth Rock
|move|p2a: Lucario|Crunch|p1a: Big Nigga
|-damage|p1a: Big Nigga|115\/325
|-damage|p2a: Lucario|254\/282|[from] item: Life Orb
|
|-heal|p1a: Big Nigga|325\/325|[from] move: Wish|[wisher] Fattest Cunt
|turn|12
|join|dynamic test
|
|switch|p2a: Swampert|Swampert, F|379\/404 tox
|move|p1a: Big Nigga|Defog|p2a: Swampert
|-unboost|p2a: Swampert|evasion|1
|-sideend|p1: Bob the Bro|Stealth Rock|[from] move: Defog|[of] p1a: Big Nigga
|
|-heal|p2a: Swampert|404\/404 tox|[from] item: Leftovers
|-damage|p2a: Swampert|379\/404 tox|[from] psn
|turn|13
|
|switch|p1a: ugly cunt|Alomomola, M, shiny|192\/534
|move|p2a: Swampert|Scald|p1a: ugly cunt
|-resisted|p1a: ugly cunt
|-damage|p1a: ugly cunt|119\/534
|
|-heal|p2a: Swampert|404\/404 tox|[from] item: Leftovers
|-damage|p2a: Swampert|354\/404 tox|[from] psn
|turn|14
|
|switch|p1a: Celebi|Celebi|341\/341
|move|p2a: Swampert|Stealth Rock|p1a: Celebi
|-sidestart|p1: Bob the Bro|move: Stealth Rock
|
|-heal|p2a: Swampert|379\/404 tox|[from] item: Leftovers
|-damage|p2a: Swampert|304\/404 tox|[from] psn
|turn|15
|
|switch|p1a: ugly cunt|Alomomola, M, shiny|297\/534
|-damage|p1a: ugly cunt|231\/534|[from] Stealth Rock
|switch|p2a: Chandelure|Chandelure, F|261\/261
|
|turn|16
|c|★Bob the Bro|fkn toxic miss was huge
|
|switch|p1a: Fattest Cunt|Blissey, F, shiny|714\/714
|-damage|p1a: Fattest Cunt|625\/714|[from] Stealth Rock
|move|p2a: Chandelure|Energy Ball|p1a: Fattest Cunt
|-damage|p1a: Fattest Cunt|550\/714
|
|turn|17
|
|switch|p2a: Lucario|Lucario, M|254\/282
|move|p1a: Fattest Cunt|Wish|p1a: Fattest Cunt
|
|turn|18
|
|switch|p2a: Raikou|Raikou|249\/322
|-ability|p2a: Raikou|Pressure
|switch|p1a: Big Nigga|Crobat, F, shiny|325\/325
|-damage|p1a: Big Nigga|244\/325|[from] Stealth Rock
|
|-heal|p1a: Big Nigga|325\/325|[from] move: Wish|[wisher] Fattest Cunt
|turn|19
|c|★Wolfhead69|yes it was
|
|switch|p1a: Fattest Cunt|Blissey, F, shiny|550\/714
|-damage|p1a: Fattest Cunt|461\/714|[from] Stealth Rock
|move|p2a: Raikou|Hidden Power|p1a: Fattest Cunt
|-damage|p1a: Fattest Cunt|414\/714
|
|turn|20
|
|move|p2a: Raikou|Volt Switch|p1a: Fattest Cunt
|-damage|p1a: Fattest Cunt|335\/714
|
|switch|p2a: Lucario|Lucario, M|254\/282
|move|p1a: Fattest Cunt|Seismic Toss|p2a: Lucario
|-damage|p2a: Lucario|154\/282
|
|turn|21
|
|switch|p1a: Celebi|Celebi|341\/341
|-damage|p1a: Celebi|299\/341|[from] Stealth Rock
|move|p2a: Lucario|Swords Dance|p2a: Lucario
|-boost|p2a: Lucario|atk|2
|
|-heal|p1a: Celebi|320\/341|[from] item: Leftovers
|turn|22
|
|move|p1a: Celebi|Zen Headbutt|p2a: Lucario
|-damage|p2a: Lucario|0 fnt
|faint|p2a: Lucario
|
|-heal|p1a: Celebi|341\/341|[from] item: Leftovers
|
|switch|p2a: Crobat|Crobat, F|312\/312
|turn|23
|
|switch|p1a: fat cunt|Aggron, F, shiny|344\/344
|-damage|p1a: fat cunt|323\/344|[from] Stealth Rock
|move|p2a: Crobat|U-turn|p1a: fat cunt
|-resisted|p1a: fat cunt
|-damage|p1a: fat cunt|305\/344
|
|switch|p2a: Chandelure|Chandelure, F|261\/261
|
|turn|24
|
|detailschange|p1a: fat cunt|Aggron-Mega, F, shiny
|message|Aggron has Mega Evolved into Mega Aggron!
|move|p2a: Chandelure|Fire Blast|p1a: fat cunt
|-supereffective|p1a: fat cunt
|-damage|p1a: fat cunt|22\/344
|move|p1a: fat cunt|Metal Burst|p2a: Chandelure
|-damage|p2a: Chandelure|0 fnt
|faint|p2a: Chandelure
|
|
|switch|p2a: Crobat|Crobat, F|312\/312
|turn|25
|
|move|p2a: Crobat|Brave Bird|p1a: fat cunt
|-resisted|p1a: fat cunt
|-damage|p1a: fat cunt|0 fnt
|-damage|p2a: Crobat|305\/312|[from] recoil|[of] p1a: fat cunt
|faint|p1a: fat cunt
|
|-heal|p2a: Crobat|312\/312|[from] item: Black Sludge
|
|switch|p1a: The Don|Krookodile, F, shiny|331\/331
|-damage|p1a: The Don|311\/331|[from] Stealth Rock
|-ability|p1a: The Don|Intimidate|[of] p2a: Crobat
|-unboost|p2a: Crobat|atk|1
|turn|26
|
|move|p2a: Crobat|U-turn|p1a: The Don
|-supereffective|p1a: The Don
|-damage|p1a: The Don|207\/331
|
|switch|p2a: Aerodactyl|Aerodactyl, M|302\/302
|-ability|p2a: Aerodactyl|Pressure
|move|p1a: The Don|Knock Off|p2a: Aerodactyl
|-damage|p2a: Aerodactyl|61\/302
|
|turn|27
|
|switch|p1a: ugly cunt|Alomomola, M, shiny|409\/534
|-damage|p1a: ugly cunt|343\/534|[from] Stealth Rock
|detailschange|p2a: Aerodactyl|Aerodactyl-Mega, M
|message|Aerodactyl has Mega Evolved into Mega Aerodactyl!
|move|p2a: Aerodactyl|Aerial Ace|p1a: ugly cunt
|-damage|p1a: ugly cunt|219\/534
|
|turn|28
|
|move|p2a: Aerodactyl|Stone Edge|p1a: ugly cunt
|-crit|p1a: ugly cunt
|-damage|p1a: ugly cunt|0 fnt
|faint|p1a: ugly cunt
|
|c|★Bob the Bro|wow
|
|switch|p1a: The Don|Krookodile, F, shiny|207\/331
|-damage|p1a: The Don|187\/331|[from] Stealth Rock
|-ability|p1a: The Don|Intimidate|[of] p2a: Aerodactyl
|-unboost|p2a: Aerodactyl|atk|1
|turn|29
|
|move|p1a: The Don|Pursuit|p2a: Aerodactyl|[from]Pursuit
|-damage|p2a: Aerodactyl|0 fnt
|faint|p2a: Aerodactyl
|
|
|switch|p2a: Raikou|Raikou|249\/322
|-ability|p2a: Raikou|Pressure
|turn|30
|
|switch|p1a: Fattest Cunt|Blissey, F, shiny|335\/714
|-damage|p1a: Fattest Cunt|246\/714|[from] Stealth Rock
|move|p2a: Raikou|Hidden Power|p1a: Fattest Cunt
|-damage|p1a: Fattest Cunt|197\/714
|
|turn|31
|
|move|p2a: Raikou|Volt Switch|p1a: Fattest Cunt
|-damage|p1a: Fattest Cunt|109\/714
|
|switch|p2a: Crobat|Crobat, F|312\/312
|move|p1a: Fattest Cunt|Wish|p1a: Fattest Cunt
|
|turn|32
|
|move|p1a: Fattest Cunt|Protect|p1a: Fattest Cunt
|-singleturn|p1a: Fattest Cunt|Protect
|move|p2a: Crobat|Brave Bird|p1a: Fattest Cunt
|-activate|p1a: Fattest Cunt|Protect
|
|-heal|p1a: Fattest Cunt|466\/714|[from] move: Wish|[wisher] Fattest Cunt
|turn|33
|leave|dynamic test
|
|move|p2a: Crobat|Brave Bird|p1a: Fattest Cunt
|-damage|p1a: Fattest Cunt|163\/714
|-damage|p2a: Crobat|260\/312|[from] item: Rocky Helmet|[of] p1a: Fattest Cunt
|-damage|p2a: Crobat|160\/312|[from] recoil|[of] p1a: Fattest Cunt
|move|p1a: Fattest Cunt|Wish|p1a: Fattest Cunt
|
|-heal|p2a: Crobat|179\/312|[from] item: Black Sludge
|turn|34
|
|switch|p2a: Swampert|Swampert, F|304\/404 tox
|move|p1a: Fattest Cunt|Protect|p1a: Fattest Cunt
|-fail|p1a: Fattest Cunt
|
|-heal|p1a: Fattest Cunt|520\/714|[from] move: Wish|[wisher] Fattest Cunt
|-heal|p2a: Swampert|329\/404 tox|[from] item: Leftovers
|-damage|p2a: Swampert|304\/404 tox|[from] psn
|turn|35
|
|switch|p1a: Celebi|Celebi|341\/341
|-damage|p1a: Celebi|299\/341|[from] Stealth Rock
|move|p2a: Swampert|Yawn|p1a: Celebi
|-start|p1a: Celebi|move: Yawn|[of] p2a: Swampert
|
|-heal|p1a: Celebi|320\/341|[from] item: Leftovers
|-heal|p2a: Swampert|329\/404 tox|[from] item: Leftovers
|-damage|p2a: Swampert|279\/404 tox|[from] psn
|turn|36
|
|switch|p2a: Crobat|Crobat, F|179\/312
|move|p1a: Celebi|Zen Headbutt|p2a: Crobat
|-supereffective|p2a: Crobat
|-damage|p2a: Crobat|0 fnt
|faint|p2a: Crobat
|
|-status|p1a: Celebi|slp
|-heal|p1a: Celebi|341\/341 slp|[from] item: Leftovers
|-message|Wolfhead69 forfeited.
|
|win|Bob the Bro
|raw|Ladder updating...
|leave|Wolfhead69
|player|p2
|raw|Bob the Bro's rating: 1796 &rarr; <strong>1802<\/strong><br \/>(+6 for winning)
|raw|Wolfhead69's rating: 1499 &rarr; <strong>1493<\/strong><br \/>(-6 for losing)