|join|Bob the Bro
|join|zippleclopper22
|player|p1|Bob the Bro|23
|player|p2|zippleclopper22|1
|gametype|singles
|gen|6
|tier|UU
|rated
|rule|Sleep Clause Mod: Limit one foe put to sleep
|rule|Species Clause: Limit one of each Pokémon
|rule|OHKO Clause: OHKO moves are banned
|rule|Moody Clause: Moody is banned
|rule|Evasion Moves Clause: Evasion moves are banned
|rule|Endless Battle Clause: Forcing endless battles is banned
|rule|HP Percentage Mod: HP is shown in percentages
|clearpoke
|poke|p1|Zygarde
|poke|p1|Aggron, M
|poke|p1|Forretress, M
|poke|p1|Jellicent, M
|poke|p1|Blissey, F
|poke|p1|Aromatisse, F
|poke|p2|Hippowdon, F
|poke|p2|Reuniclus, F
|poke|p2|Doublade, M
|poke|p2|Entei, shiny
|poke|p2|Virizion
|poke|p2|Blastoise, F
|rule|Swagger Clause: Swagger is banned
|rule|Baton Pass Clause: Limit one Pokémon knowing Baton Pass
|teampreview
|join|Technosis
|join|waiv
|
|start
|switch|p1a: Transformer|Forretress, M|354\/354
|switch|p2a: Entei|Entei, shiny|371\/371
|-ability|p2a: Entei|Pressure
|turn|1
|c| waiv|ooo
|c| waiv|zippleclopper22
|c| Technosis|sick teemz
|
|switch|p1a: HideOfTerramorphou|Zygarde|404\/404
|-ability|p1a: HideOfTerramorphou|Aura Break
|move|p2a: Entei|Sacred Fire|p1a: HideOfTerramorphou
|-resisted|p1a: HideOfTerramorphou
|-damage|p1a: HideOfTerramorphou|284\/404
|
|-heal|p1a: HideOfTerramorphou|309\/404|[from] item: Leftovers
|turn|2
|c|★Bob the Bro|i need a switchin to entei lol
|c| waiv|of course
|c| waiv|not burn
|c| waiv|but vs me
|c| Technosis|Jelli?
|c| waiv|he burns every timeeee
|c| waiv|-_-
|c| Technosis|altho probably doesn't like that banded fire
|
|move|p1a: HideOfTerramorphou|Earthquake|p2a: Entei
|-supereffective|p2a: Entei
|-damage|p2a: Entei|81\/371
|move|p2a: Entei|Sacred Fire|p1a: HideOfTerramorphou
|-resisted|p1a: HideOfTerramorphou
|-damage|p1a: HideOfTerramorphou|192\/404
|
|-heal|p1a: HideOfTerramorphou|217\/404|[from] item: Leftovers
|turn|3
|c|★Bob the Bro|nb
|
|switch|p2a: Blastoise|Blastoise, F|355\/355
|move|p1a: HideOfTerramorphou|Earthquake|p2a: Blastoise
|-damage|p2a: Blastoise|238\/355
|
|-heal|p1a: HideOfTerramorphou|242\/404|[from] item: Leftovers
|turn|4
|
|switch|p1a: Sham|Blissey, F|714\/714
|switch|p2a: Doublade|Doublade, M|321\/321
|
|turn|5
|
|move|p1a: Sham|Wish|p1a: Sham
|move|p2a: Doublade|Swords Dance|p2a: Doublade
|-boost|p2a: Doublade|atk|2
|
|turn|6
|
|switch|p1a: HideOfTerramorphou|Zygarde|242\/404
|-ability|p1a: HideOfTerramorphou|Aura Break
|move|p2a: Doublade|Sacred Sword|p1a: HideOfTerramorphou
|-damage|p1a: HideOfTerramorphou|79\/404
|
|-heal|p1a: HideOfTerramorphou|404\/404|[from] move: Wish|[wisher] Sham
|turn|7
|c|★Bob the Bro|fk i have nothing for this tbh
|
|move|p1a: HideOfTerramorphou|Coil|p1a: HideOfTerramorphou
|-boost|p1a: HideOfTerramorphou|atk|1
|-boost|p1a: HideOfTerramorphou|def|1
|-boost|p1a: HideOfTerramorphou|accuracy|1
|move|p2a: Doublade|Swords Dance|p2a: Doublade
|-boost|p2a: Doublade|atk|2
|
|turn|8
|c| waiv|his team is strong
|join|Jared.O
|c| Technosis|bop
|c| waiv|i lost 2 it
|
|move|p1a: HideOfTerramorphou|Earthquake|p2a: Doublade
|-supereffective|p2a: Doublade
|-damage|p2a: Doublade|147\/321
|move|p2a: Doublade|Swords Dance|p2a: Doublade
|-boost|p2a: Doublade|atk|2
|
|turn|9
|c|★Bob the Bro|gobo tho
|c| waiv|ye
|c| waiv|misplay much
|c| Technosis|SD again if real
|
|move|p2a: Doublade|Shadow Sneak|p1a: HideOfTerramorphou
|-crit|p1a: HideOfTerramorphou
|-damage|p1a: HideOfTerramorphou|74\/404
|move|p1a: HideOfTerramorphou|Earthquake|p2a: Doublade
|-supereffective|p2a: Doublade
|-damage|p2a: Doublade|0 fnt
|faint|p2a: Doublade
|
|-heal|p1a: HideOfTerramorphou|99\/404|[from] item: Leftovers
|c| Technosis|+7 or gfto
|c| Technosis|wek
|c| waiv|super misplay
|c|★Bob the Bro|didnt even go for +8
|c| waiv|-_-
|
|switch|p2a: Blastoise|Blastoise, F|238\/355
|turn|10
|
|switch|p1a: Sham|Blissey, F|714\/714
|switch|p2a: Virizion|Virizion|324\/324
|
|turn|11
|c| waiv|ooo
|c| waiv|da doubles
|c| Technosis|playz 2 stronk
|
|switch|p1a: Cradle|Aromatisse, F|406\/406
|move|p2a: Virizion|Swords Dance|p2a: Virizion
|-boost|p2a: Virizion|atk|2
|
|turn|12
|c| waiv|sd set btw
|c| Technosis|G__G?
|c|★Bob the Bro|lemme eat this up real quick
|c|★Bob the Bro|leaf blade does under 50
|c|★Bob the Bro|at +2
|join|DatGuyChuck
|
|move|p2a: Virizion|Leaf Blade|p1a: Cradle
|-crit|p1a: Cradle
|-damage|p1a: Cradle|0 fnt
|-damage|p2a: Virizion|292\/324|[from] item: Life Orb
|faint|p1a: Cradle
|
|c| Technosis|but doesn't this thing just eat moonblast?
|c| waiv|LOL
|c| Technosis|Or that
|c| DatGuyChuck|LOL
|c|★Bob the Bro|rip
|c| waiv|high crit ratio
|
|switch|p1a: Fabled Tortoise|Aggron, M|344\/344
|turn|13
|c| waiv|oml
|c| DatGuyChuck|NEW BREED IS SO LUCKEE
|c| waiv|^
|
|move|p2a: Virizion|Close Combat|p1a: Fabled Tortoise
|-supereffective|p1a: Fabled Tortoise
|-activate|p1a: Fabled Tortoise|Sturdy
|-damage|p1a: Fabled Tortoise|1\/344
|-unboost|p2a: Virizion|def|1
|-unboost|p2a: Virizion|spd|1
|-damage|p2a: Virizion|260\/324|[from] item: Life Orb
|move|p1a: Fabled Tortoise|Metal Burst|p2a: Virizion
|-damage|p2a: Virizion|0 fnt
|faint|p2a: Virizion
|
|c| DatGuyChuck|the plays
|c| waiv|rip
|
|switch|p2a: Entei|Entei, shiny|81\/371
|-ability|p2a: Entei|Pressure
|turn|14
|
|detailschange|p1a: Fabled Tortoise|Aggron-Mega, M
|message|Aggron has Mega Evolved into Mega Aggron!
|move|p2a: Entei|Extreme Speed|p1a: Fabled Tortoise
|-resisted|p1a: Fabled Tortoise
|-damage|p1a: Fabled Tortoise|0 fnt
|faint|p1a: Fabled Tortoise
|
|c| DatGuyChuck|zippleclopper22 says: "that's just an average play"
|
|switch|p1a: Bee|Jellicent, M|394\/394
|turn|15
|
|switch|p2a: Blastoise|Blastoise, F|238\/355
|move|p1a: Bee|Will-O-Wisp|p2a: Blastoise
|-status|p2a: Blastoise|brn
|
|-damage|p2a: Blastoise|194\/355 brn|[from] brn
|turn|16
|
|switch|p2a: Reuniclus|Reuniclus, F|424\/424
|switch|p1a: Sham|Blissey, F|714\/714
|
|turn|17
|
|switch|p1a: HideOfTerramorphou|Zygarde|99\/404
|-ability|p1a: HideOfTerramorphou|Aura Break
|move|p2a: Reuniclus|Calm Mind|p2a: Reuniclus
|-boost|p2a: Reuniclus|spa|1
|-boost|p2a: Reuniclus|spd|1
|
|-heal|p1a: HideOfTerramorphou|124\/404|[from] item: Leftovers
|turn|18
|c| DatGuyChuck|predict switch
|
|move|p1a: HideOfTerramorphou|Earthquake|p2a: Reuniclus
|-damage|p2a: Reuniclus|319\/424
|move|p2a: Reuniclus|Psyshock|p1a: HideOfTerramorphou
|-damage|p1a: HideOfTerramorphou|0 fnt
|faint|p1a: HideOfTerramorphou
|
|-heal|p2a: Reuniclus|345\/424|[from] item: Leftovers
|c|★Bob the Bro|oh this bops me
|c| DatGuyChuck|he just ate that up
|
|switch|p1a: Bee|Jellicent, M|394\/394
|turn|19
|c| DatGuyChuck|real quick
|leave|waiv
|
|move|p1a: Bee|Taunt|p2a: Reuniclus
|-start|p2a: Reuniclus|move: Taunt
|cant|p2a: Reuniclus|move: Taunt|Calm Mind
|
|-heal|p2a: Reuniclus|371\/424|[from] item: Leftovers
|turn|20
|c| DatGuyChuck|oooo snap
|
|move|p1a: Bee|Ice Beam|p2a: Reuniclus
|-damage|p2a: Reuniclus|327\/424
|-status|p2a: Reuniclus|frz
|cant|p2a: Reuniclus|frz
|
|-heal|p2a: Reuniclus|353\/424 frz|[from] item: Leftovers
|turn|21
|c|★Bob the Bro|need a freeze kek
|c|★Bob the Bro|nb
|c| Technosis|holy
|c| Technosis|fucking
|c| Technosis|hax
|c|★Bob the Bro|called it
|c| Technosis|that was clutch
|c|★Bob the Bro|not hax
|c| DatGuyChuck|git gobbled
|
|switch|p1a: Sham|Blissey, F|714\/714
|-curestatus|p2a: Reuniclus|frz
|move|p2a: Reuniclus|Psyshock|p1a: Sham
|-damage|p1a: Sham|420\/714
|
|-heal|p1a: Sham|464\/714|[from] item: Leftovers
|-heal|p2a: Reuniclus|379\/424|[from] item: Leftovers
|-end|p2a: Reuniclus|move: Taunt
|turn|22
|c| DatGuyChuck|y
|c| Technosis|lel
|c| DatGuyChuck|wow
|c|★Bob the Bro|rip
|c| DatGuyChuck|why is new breed so fucking lucky
|
|switch|p1a: Bee|Jellicent, M|394\/394
|move|p2a: Reuniclus|Calm Mind|p2a: Reuniclus
|-boost|p2a: Reuniclus|spa|1
|-boost|p2a: Reuniclus|spd|1
|
|-heal|p2a: Reuniclus|405\/424|[from] item: Leftovers
|turn|23
|c|★Bob the Bro|need another
|c| Technosis|clutch can't beat well trained reuin
|
|move|p1a: Bee|Ice Beam|p2a: Reuniclus
|-damage|p2a: Reuniclus|368\/424
|move|p2a: Reuniclus|Psyshock|p1a: Bee
|-damage|p1a: Bee|166\/394
|
|-heal|p1a: Bee|190\/394|[from] item: Leftovers
|-heal|p2a: Reuniclus|394\/424|[from] item: Leftovers
|turn|24
|c| Technosis|freeze here
|c| DatGuyChuck|welp
|
|move|p1a: Bee|Ice Beam|p2a: Reuniclus
|-damage|p2a: Reuniclus|360\/424
|move|p2a: Reuniclus|Psyshock|p1a: Bee
|-crit|p1a: Bee
|-damage|p1a: Bee|0 fnt
|faint|p1a: Bee
|
|-heal|p2a: Reuniclus|386\/424|[from] item: Leftovers
|c|★Bob the Bro|rip
|c| DatGuyChuck|geegee h8r
|c| Technosis|train ur jelli better next time
|
|switch|p1a: Sham|Blissey, F|464\/714
|turn|25
|c| Technosis|gdi
|c|★Bob the Bro|ikr
|
|move|p1a: Sham|Seismic Toss|p2a: Reuniclus
|-damage|p2a: Reuniclus|286\/424
|move|p2a: Reuniclus|Calm Mind|p2a: Reuniclus
|-boost|p2a: Reuniclus|spa|1
|-boost|p2a: Reuniclus|spd|1
|
|-heal|p1a: Sham|508\/714|[from] item: Leftovers
|-heal|p2a: Reuniclus|312\/424|[from] item: Leftovers
|turn|26
|c|★Bob the Bro|gg points lol
|join|waiv
|c| Technosis|n
|c| Technosis|forry sweep
|
|move|p1a: Sham|Seismic Toss|p2a: Reuniclus
|-damage|p2a: Reuniclus|212\/424
|move|p2a: Reuniclus|Recover|p2a: Reuniclus
|-heal|p2a: Reuniclus|424\/424
|
|-heal|p1a: Sham|552\/714|[from] item: Leftovers
|turn|27
|c| Technosis|leggo
|c| DatGuyChuck|y
|c| waiv|bobo
|c| DatGuyChuck|go to forry
|
|move|p1a: Sham|Seismic Toss|p2a: Reuniclus
|-damage|p2a: Reuniclus|324\/424
|move|p2a: Reuniclus|Psyshock|p1a: Sham
|-damage|p1a: Sham|14\/714
|
|-heal|p1a: Sham|58\/714|[from] item: Leftovers
|-heal|p2a: Reuniclus|350\/424|[from] item: Leftovers
|turn|28
|c| DatGuyChuck|ultimate crit rapid spin
|c| Technosis|get like 16 crits in a row
|c| DatGuyChuck|and kill entei
|c| waiv|no mirror coat?!
|
|move|p1a: Sham|Seismic Toss|p2a: Reuniclus
|-damage|p2a: Reuniclus|250\/424
|move|p2a: Reuniclus|Psyshock|p1a: Sham
|-damage|p1a: Sham|0 fnt
|faint|p1a: Sham
|
|-heal|p2a: Reuniclus|276\/424|[from] item: Leftovers
|c|★Bob the Bro|it doesnt even learn it lol
|
|switch|p1a: Transformer|Forretress, M|354\/354
|turn|29
|c| waiv|oh
|c| DatGuyChuck|fire blast
|c| waiv|lawl
|c| DatGuyChuck|imo
|
|move|p2a: Reuniclus|Focus Blast|p1a: Transformer|[miss]
|-miss|p2a: Reuniclus|p1a: Transformer
|move|p1a: Transformer|Toxic|p2a: Reuniclus
|-status|p2a: Reuniclus|tox
|
|-heal|p2a: Reuniclus|302\/424 tox|[from] item: Leftovers
|turn|30
|c| waiv|imagine if it did
|c| DatGuyChuck|magic guard
|
|move|p2a: Reuniclus|Focus Blast|p1a: Transformer
|-damage|p1a: Transformer|0 fnt
|faint|p1a: Transformer
|
|win|zippleclopper22
|raw|Ladder updating...
|c| DatGuyChuck|bobfgt
|raw|Bob the Bro's rating: 1785 &rarr; <strong>1751<\/strong><br \/>(-34 for losing)
|raw|zippleclopper22's rating: 1488 &rarr; <strong>1522<\/strong><br \/>(+34 for winning)
|c| Technosis|sick toxic m9
|leave|DatGuyChuck
|c|★Bob the Bro|rip
|leave|Technosis
|c| waiv|dw
|leave|Bob the Bro
|player|p1