|join|The Shadow Weavile
|join|Bob the Bro
|player|p1|The Shadow Weavile|52
|player|p2|Bob the Bro|23
|gametype|singles
|gen|6
|tier|UU
|rule|Sleep Clause Mod: Limit one foe put to sleep
|rule|Species Clause: Limit one of each Pokémon
|rule|OHKO Clause: OHKO moves are banned
|rule|Moody Clause: Moody is banned
|rule|Evasion Moves Clause: Evasion moves are banned
|rule|Endless Battle Clause: Forcing endless battles is banned
|rule|HP Percentage Mod: HP is shown in percentages
|clearpoke
|poke|p1|Alakazam, M
|poke|p1|Swampert, M
|poke|p1|Arcanine, M
|poke|p1|Snorlax, M
|poke|p1|Lucario, M
|poke|p1|Flygon, M
|poke|p2|Alakazam, F
|poke|p2|Forretress, M
|poke|p2|Sableye, F
|poke|p2|Jirachi
|poke|p2|Swampert, F
|poke|p2|Blissey, F
|rule|Swagger Clause: Swagger is banned
|rule|Baton Pass Clause: Limit one Pokémon knowing Baton Pass
|teampreview
|join|Dr. Hoothoot
|join|prof. waiv ◕‿◕
|c| prof. waiv ◕‿◕|nb
|c| prof. waiv ◕‿◕|LOL
|join|veludwig
|c|★Bob the Bro|inb4 defog flygon
|c| prof. waiv ◕‿◕|da realest
|
|start
|switch|p1a: Swampert|Swampert, M|401\/401
|switch|p2a: Colbrusio-kun|Forretress, M|354\/354
|turn|1
|join|watfor
|join|DMT
|c|+DMT|bob do you still get beat by brav
|
|move|p1a: Swampert|Scald|p2a: Colbrusio-kun
|-damage|p2a: Colbrusio-kun|233\/354
|-status|p2a: Colbrusio-kun|brn
|move|p2a: Colbrusio-kun|Toxic Spikes|p1a: Swampert
|-sidestart|p1: The Shadow Weavile|move: Toxic Spikes
|
|-heal|p2a: Colbrusio-kun|255\/354 brn|[from] item: Leftovers
|-damage|p2a: Colbrusio-kun|211\/354 brn|[from] brn
|turn|2
|c|★Bob the Bro|ofc not
|
|switch|p2a: Fat Lenny|Blissey, F|714\/714
|move|p1a: Swampert|Scald|p2a: Fat Lenny
|-damage|p2a: Fat Lenny|648\/714
|
|-heal|p2a: Fat Lenny|692\/714|[from] item: Leftovers
|turn|3
|c|★Bob the Bro|my team only gets beat by lo ape
|c|★Bob the Bro|kek
|
|switch|p1a: Snorlax|Snorlax, M|497\/497
|-status|p1a: Snorlax|psn
|move|p2a: Fat Lenny|Heal Bell|p2a: Fat Lenny
|-cureteam|p2a: Fat Lenny|[from] move: HealBell
|
|-heal|p2a: Fat Lenny|714\/714|[from] item: Leftovers
|-damage|p1a: Snorlax|435\/497 psn|[from] psn
|turn|4
|c|+DMT|o
|join|Eyan
|
|move|p2a: Fat Lenny|Wish|p2a: Fat Lenny
|move|p1a: Snorlax|Curse|p1a: Snorlax
|-boost|p1a: Snorlax|atk|1
|-boost|p1a: Snorlax|def|1
|-unboost|p1a: Snorlax|spe|1
|
|-heal|p1a: Snorlax|466\/497 psn|[from] item: Leftovers
|-damage|p1a: Snorlax|404\/497 psn|[from] psn
|turn|5
|c|+DMT|doesn't zam stop LO ape
|
|switch|p2a: Colbrusio-kun|Forretress, M|211\/354
|move|p1a: Snorlax|Curse|p1a: Snorlax
|-boost|p1a: Snorlax|atk|1
|-boost|p1a: Snorlax|def|1
|-unboost|p1a: Snorlax|spe|1
|
|-heal|p2a: Colbrusio-kun|354\/354|[from] move: Wish|[wisher] Fat Lenny
|-heal|p1a: Snorlax|435\/497 psn|[from] item: Leftovers
|-damage|p1a: Snorlax|373\/497 psn|[from] psn
|turn|6
|c|★Bob the Bro|check
|c|★Bob the Bro|not counter
|join|Truth In Lies
|c|+DMT|o ye
|c|★Bob the Bro|i wonder how much gyro does
|
|move|p2a: Colbrusio-kun|Toxic Spikes|p1a: Snorlax
|-sidestart|p1: The Shadow Weavile|move: Toxic Spikes
|move|p1a: Snorlax|Curse|p1a: Snorlax
|-boost|p1a: Snorlax|atk|1
|-boost|p1a: Snorlax|def|1
|-unboost|p1a: Snorlax|spe|1
|
|-heal|p1a: Snorlax|404\/497 psn|[from] item: Leftovers
|-damage|p1a: Snorlax|342\/497 psn|[from] psn
|turn|7
|c| prof. waiv ◕‿◕|2% probs
|c| prof. waiv ◕‿◕|LOL
|c|+DMT|do u want to get swept
|c|+DMT|if so press 1
|c|★Bob the Bro|do you not see my counters
|c|★Bob the Bro|dmt pls
|join|Zwockel
|
|move|p2a: Colbrusio-kun|Volt Switch|p1a: Snorlax
|-damage|p1a: Snorlax|316\/497 psn
|
|switch|p2a: Bill-Fren|Sableye, F|294\/294
|move|p1a: Snorlax|Crunch|p2a: Bill-Fren
|-damage|p2a: Bill-Fren|96\/294
|-unboost|p2a: Bill-Fren|def|1
|
|-heal|p2a: Bill-Fren|114\/294|[from] item: Leftovers
|-heal|p1a: Snorlax|347\/497 psn|[from] item: Leftovers
|-damage|p1a: Snorlax|285\/497 psn|[from] psn
|turn|8
|c|★Bob the Bro|o
|c|+DMT|tfw counter
|c|★Bob the Bro|rip
|
|switch|p2a: Colbrusio-kun|Forretress, M|354\/354
|move|p1a: Snorlax|Crunch|p2a: Colbrusio-kun
|-damage|p2a: Colbrusio-kun|249\/354
|
|-heal|p2a: Colbrusio-kun|271\/354|[from] item: Leftovers
|-heal|p1a: Snorlax|316\/497 psn|[from] item: Leftovers
|-damage|p1a: Snorlax|254\/497 psn|[from] psn
|turn|9
|c|★The Shadow Weavile|wow
|c|★The Shadow Weavile|expected more damage from that
|
|move|p2a: Colbrusio-kun|Volt Switch|p1a: Snorlax
|-damage|p1a: Snorlax|226\/497 psn
|
|switch|p2a: Sniperaim-homo|Swampert, F|404\/404
|move|p1a: Snorlax|Curse|p1a: Snorlax
|-boost|p1a: Snorlax|atk|1
|-boost|p1a: Snorlax|def|1
|-unboost|p1a: Snorlax|spe|1
|
|-heal|p1a: Snorlax|257\/497 psn|[from] item: Leftovers
|-damage|p1a: Snorlax|195\/497 psn|[from] psn
|turn|10
|c| prof. waiv ◕‿◕|kek
|c| prof. waiv ◕‿◕|rekt
|c|★Bob the Bro|watch me eat this up
|
|move|p1a: Snorlax|Body Slam|p2a: Sniperaim-homo
|-damage|p2a: Sniperaim-homo|155\/404
|move|p2a: Sniperaim-homo|Roar|p1a: Snorlax
|drag|p1a: Swampert|Swampert, M|401\/401
|-status|p1a: Swampert|tox
|
|-heal|p2a: Sniperaim-homo|180\/404|[from] item: Leftovers
|-damage|p1a: Swampert|376\/401 tox|[from] psn
|turn|11
|c|+DMT|para
|c|+DMT|full para
|c|+DMT|awe
|c|+DMT|wtf
|c|+DMT|yo
|c|★The Shadow Weavile|wow
|c|★The Shadow Weavile|fuck
|c|★The Shadow Weavile|that fucking max def lol
|
|switch|p2a: Fat Lenny|Blissey, F|714\/714
|move|p1a: Swampert|Scald|p2a: Fat Lenny
|-damage|p2a: Fat Lenny|651\/714
|
|-heal|p2a: Fat Lenny|695\/714|[from] item: Leftovers
|-heal|p1a: Swampert|401\/401 tox|[from] item: Leftovers
|-damage|p1a: Swampert|351\/401 tox|[from] psn
|turn|12
|c|★Bob the Bro|what else do pert run
|c|+DMT|252 att 252 speed
|c|+DMT|timid
|c|★Bob the Bro|nb
|c| prof. waiv ◕‿◕|gg
|c|+DMT|with focus punch
|c|★Bob the Bro|specs
|c|+DMT|for hydrei b8
|c|+DMT|no att
|c|+DMT|not spatt
|c|+DMT|physical specs
|
|switch|p1a: Arcanine|Arcanine, M|383\/383
|-status|p1a: Arcanine|tox
|-ability|p1a: Arcanine|Intimidate|[of] p2a: Fat Lenny
|-unboost|p2a: Fat Lenny|atk|1
|move|p2a: Fat Lenny|Wish|p2a: Fat Lenny
|
|-heal|p2a: Fat Lenny|714\/714|[from] item: Leftovers
|-damage|p1a: Arcanine|360\/383 tox|[from] psn
|turn|13
|c|★Bob the Bro|i need to run focus punch zam
|c|★Bob the Bro|to bop blissey
|
|switch|p2a: Sniperaim-homo|Swampert, F|180\/404
|move|p1a: Arcanine|Flare Blitz|p2a: Sniperaim-homo
|-crit|p2a: Sniperaim-homo
|-resisted|p2a: Sniperaim-homo
|-damage|p2a: Sniperaim-homo|93\/404
|-damage|p1a: Arcanine|331\/383 tox|[from] recoil|[of] p2a: Sniperaim-homo
|
|-heal|p2a: Sniperaim-homo|404\/404|[from] move: Wish|[wisher] Fat Lenny
|-heal|p1a: Arcanine|354\/383 tox|[from] item: Leftovers
|-damage|p1a: Arcanine|308\/383 tox|[from] psn
|turn|14
|c|+DMT|tru tru
|c|+DMT|cuz 
|c|+DMT|!learn alakazam, psyshock
|raw|<div class="infobox">Alakazam <span class="message-learn-canlearn">can<\/span> learn Psyshock<\/ul><\/div>
|c|+DMT|:S
|c|★The Shadow Weavile|I'm done at this point
|c|★Bob the Bro|real men run focus punch
|c|+DMT|tru
|c|★The Shadow Weavile|If you ate up that Body Slam, then I'm done lol
|c|+DMT|I feel like
|c|+DMT|shadow weavile
|c|+DMT|is like legit porkchop 777
|c|★The Shadow Weavile|yeah
|c|+DMT|like no matter what
|c|★Bob the Bro|sweep me with np luke
|c|+DMT|no matter what happens
|c|+DMT|I lose
|join|Mydonut
|
|move|p1a: Arcanine|Flare Blitz|p2a: Sniperaim-homo
|-resisted|p2a: Sniperaim-homo
|-damage|p2a: Sniperaim-homo|345\/404
|-damage|p1a: Arcanine|289\/383 tox|[from] recoil|[of] p2a: Sniperaim-homo
|move|p2a: Sniperaim-homo|Stealth Rock|p1a: Arcanine
|-sidestart|p1: The Shadow Weavile|move: Stealth Rock
|
|-heal|p1a: Arcanine|312\/383 tox|[from] item: Leftovers
|-heal|p2a: Sniperaim-homo|370\/404|[from] item: Leftovers
|-damage|p1a: Arcanine|243\/383 tox|[from] psn
|turn|15
|
|move|p1a: Arcanine|Will-O-Wisp|p2a: Sniperaim-homo
|-status|p2a: Sniperaim-homo|brn
|move|p2a: Sniperaim-homo|Scald|p1a: Arcanine
|-supereffective|p1a: Arcanine
|-damage|p1a: Arcanine|55\/383 tox
|
|-heal|p1a: Arcanine|78\/383 tox|[from] item: Leftovers
|-heal|p2a: Sniperaim-homo|395\/404 brn|[from] item: Leftovers
|-damage|p1a: Arcanine|0 fnt|[from] psn
|-damage|p2a: Sniperaim-homo|345\/404 brn|[from] brn
|faint|p1a: Arcanine
|c|+DMT|bob
|c|+DMT|did you not name your team
|c|+DMT|after me
|c|+DMT|wtf
|c|★Bob the Bro|i only had 6
|c|★The Shadow Weavile|that Scald shouldn't have done that much lol
|c|★Bob the Bro|you dont look like any of these mons as well
|c|★The Shadow Weavile|Arcanine is bulky af
|c|+DMT|!dt arcanine
|c|~|\/data-pokemon Arcanine
|raw|<font size="1"><font color=#585858>Dex#:<\/font> 59&nbsp;|&ThickSpace;<font color=#585858>Height:<\/font> 1.9 m&nbsp;|&ThickSpace;<font color=#585858>Weight:<\/font> 155 kg <em>(100 BP)<\/em>&nbsp;|&ThickSpace;<font color=#585858>Dex Colour:<\/font> Brown&nbsp;|&ThickSpace;<font color=#585858>Egg Group(s):<\/font> Field&nbsp;|&ThickSpace;<font color=#585858><font color=#585858>Does Not Evolve<\/font><\/font><\/font>
|c|★Bob the Bro|specs scald
|c|+DMT|you're physically defensive
|c|★The Shadow Weavile|yeah
|c|+DMT|he's a swampert
|c|+DMT|:S
|
|switch|p1a: Flygon|Flygon, M|301\/301
|-damage|p1a: Flygon|283\/301|[from] Stealth Rock
|turn|16
|c|+DMT|0 SpA Swampert Scald vs. 248 HP \/ 0 SpD Arcanine: 182-216 (47.5 - 56.3%) -- 25.8% chance to 2HKO after Leftovers recovery
|c|★Bob the Bro|i can replace colbrusio-kun with you
|c|+DMT|ok
|c|★Bob the Bro|choose a suffix for your name
|c|+DMT|yeah good thinking
|
|switch|p2a: Colbrusio-kun|Forretress, M|271\/354
|move|p1a: Flygon|Outrage|p2a: Colbrusio-kun
|-resisted|p2a: Colbrusio-kun
|-damage|p2a: Colbrusio-kun|216\/354
|
|-heal|p2a: Colbrusio-kun|238\/354|[from] item: Leftovers
|turn|17
|
|move|p1a: Flygon|Outrage|p2a: Colbrusio-kun
|-resisted|p2a: Colbrusio-kun
|-damage|p2a: Colbrusio-kun|187\/354
|move|p2a: Colbrusio-kun|Gyro Ball|p1a: Flygon
|-damage|p1a: Flygon|51\/301
|
|-end|p1a: Flygon|rampage
|-start|p1a: Flygon|confusion
|-heal|p2a: Colbrusio-kun|209\/354|[from] item: Leftovers
|turn|18
|c|★The Shadow Weavile|I should've predicted that
|c|★The Shadow Weavile|I had Fire Blast
|leave|Truth In Lies
|c|★Bob the Bro|band forry
|leave|prof. waiv ◕‿◕
|
|switch|p1a: Lucario|Lucario, M|281\/281
|-damage|p1a: Lucario|273\/281|[from] Stealth Rock
|move|p2a: Colbrusio-kun|Volt Switch|p1a: Lucario
|-damage|p1a: Lucario|227\/281
|
|switch|p2a: Waiv-chan|Jirachi|341\/341
|
|turn|19
|
|move|p2a: Waiv-chan|Fire Punch|p1a: Lucario
|-supereffective|p1a: Lucario
|-damage|p1a: Lucario|41\/281
|move|p1a: Lucario|Swords Dance|p1a: Lucario
|-boost|p1a: Lucario|atk|2
|
|turn|20
|
|move|p2a: Waiv-chan|Fire Punch|p1a: Lucario
|-supereffective|p1a: Lucario
|-damage|p1a: Lucario|0 fnt
|faint|p1a: Lucario
|
|
|switch|p1a: Alakazam|Alakazam, M|252\/252
|-status|p1a: Alakazam|tox
|turn|21
|c|★The Shadow Weavile|Magic Guard, and yet Ala is not immune to Toxic Spikes
|leave|veludwig
|c|★The Shadow Weavile|wtf
|c|★The Shadow Weavile|that needs fixed lol
|
|move|p2a: Waiv-chan|Fire Punch|p1a: Alakazam
|-damage|p1a: Alakazam|103\/252 tox
|move|p1a: Alakazam|Shadow Ball|p2a: Waiv-chan
|-supereffective|p2a: Waiv-chan
|-damage|p2a: Waiv-chan|159\/341
|
|turn|22
|c|★The Shadow Weavile|even though you take no damage
|c|★The Shadow Weavile|still makes no sense
|
|switch|p1a: Swampert|Swampert, M|351\/401 tox
|-damage|p1a: Swampert|326\/401 tox|[from] Stealth Rock
|move|p2a: Waiv-chan|Fire Punch|p1a: Swampert
|-resisted|p1a: Swampert
|-damage|p1a: Swampert|298\/401 tox
|
|-heal|p1a: Swampert|323\/401 tox|[from] item: Leftovers
|-damage|p1a: Swampert|298\/401 tox|[from] psn
|turn|23
|
|switch|p2a: Fat Lenny|Blissey, F|714\/714
|move|p1a: Swampert|Roar|p2a: Fat Lenny
|drag|p2a: Bill-Fren|Sableye, F|114\/294
|
|-heal|p2a: Bill-Fren|132\/294|[from] item: Leftovers
|-heal|p1a: Swampert|323\/401 tox|[from] item: Leftovers
|-damage|p1a: Swampert|273\/401 tox|[from] psn
|turn|24
|
|switch|p1a: Alakazam|Alakazam, M|103\/252 tox
|move|p2a: Bill-Fren|Recover|p2a: Bill-Fren
|-heal|p2a: Bill-Fren|279\/294
|
|-heal|p2a: Bill-Fren|294\/294|[from] item: Leftovers
|turn|25
|
|move|p1a: Alakazam|Dazzling Gleam|p2a: Bill-Fren
|-supereffective|p2a: Bill-Fren
|-damage|p2a: Bill-Fren|106\/294
|move|p2a: Bill-Fren|Knock Off|p1a: Alakazam
|-supereffective|p1a: Alakazam
|-damage|p1a: Alakazam|0 fnt
|-enditem|p1a: Alakazam|Focus Sash|[from] move: Knock Off|[of] p2a: Bill-Fren
|faint|p1a: Alakazam
|
|-heal|p2a: Bill-Fren|124\/294|[from] item: Leftovers
|
|switch|p1a: Flygon|Flygon, M|51\/301
|-damage|p1a: Flygon|33\/301|[from] Stealth Rock
|turn|26
|
|switch|p2a: Colbrusio-kun|Forretress, M|209\/354
|move|p1a: Flygon|Fire Blast|p2a: Colbrusio-kun
|-supereffective|p2a: Colbrusio-kun
|-damage|p2a: Colbrusio-kun|0 fnt
|faint|p2a: Colbrusio-kun
|
|c|★The Shadow Weavile|I at least knocked out 1
|
|switch|p2a: Rowfgt|Alakazam, F|251\/251
|turn|27
|
|switch|p1a: Swampert|Swampert, M|273\/401 tox
|-damage|p1a: Swampert|248\/401 tox|[from] Stealth Rock
|detailschange|p2a: Rowfgt|Alakazam-Mega, F
|message|Alakazam has Mega Evolved into Mega Alakazam!
|-ability|p2a: Rowfgt|Torrent|[from] ability: Trace|[of] p1a: Swampert
|move|p2a: Rowfgt|Psyshock|p1a: Swampert
|-damage|p1a: Swampert|116\/401 tox
|
|-heal|p1a: Swampert|141\/401 tox|[from] item: Leftovers
|-damage|p1a: Swampert|116\/401 tox|[from] psn
|turn|28
|
|move|p2a: Rowfgt|Energy Ball|p1a: Swampert
|-crit|p1a: Swampert
|-supereffective|p1a: Swampert
|-damage|p1a: Swampert|0 fnt
|faint|p1a: Swampert
|
|
|switch|p1a: Snorlax|Snorlax, M|195\/497 psn
|-damage|p1a: Snorlax|133\/497 psn|[from] Stealth Rock
|turn|29
|
|move|p2a: Rowfgt|Psyshock|p1a: Snorlax
|-damage|p1a: Snorlax|0 fnt
|faint|p1a: Snorlax
|
|
|switch|p1a: Flygon|Flygon, M|33\/301
|-damage|p1a: Flygon|15\/301|[from] Stealth Rock
|turn|30
|
|switch|p2a: Fat Lenny|Blissey, F|714\/714
|move|p1a: Flygon|U-turn|p2a: Fat Lenny
|-damage|p2a: Fat Lenny|586\/714
|
|-heal|p2a: Fat Lenny|630\/714|[from] item: Leftovers
|turn|31
|leave|DMT
|
|move|p1a: Flygon|U-turn|p2a: Fat Lenny
|-damage|p2a: Fat Lenny|502\/714
|move|p2a: Fat Lenny|Seismic Toss|p1a: Flygon
|-damage|p1a: Flygon|0 fnt
|faint|p1a: Flygon
|
|win|Bob the Bro