|join|Bob the Bro
|join|EmblemadeFuego
|player|p1|Bob the Bro|23
|player|p2|EmblemadeFuego|2
|gametype|singles
|gen|6
|tier|UU
|rated
|rule|Sleep Clause Mod: Limit one foe put to sleep
|rule|Species Clause: Limit one of each Pokémon
|rule|OHKO Clause: OHKO moves are banned
|rule|Moody Clause: Moody is banned
|rule|Evasion Moves Clause: Evasion moves are banned
|rule|Endless Battle Clause: Forcing endless battles is banned
|rule|HP Percentage Mod: HP is shown in percentages
|clearpoke
|poke|p1|Alakazam, F
|poke|p1|Forretress, M
|poke|p1|Sableye, F
|poke|p1|Jirachi
|poke|p1|Swampert, F
|poke|p1|Blissey, F
|poke|p2|Fletchinder, F, shiny
|poke|p2|Raikou, shiny
|poke|p2|Absol, M
|poke|p2|Donphan, M
|poke|p2|Flygon, F
|poke|p2|Uxie
|rule|Swagger Clause: Swagger is banned
|rule|Baton Pass Clause: Limit one Pokémon knowing Baton Pass
|teampreview
|
|start
|switch|p1a: Colbrusio-kun|Forretress, M|354\/354
|switch|p2a: D-Angelo|Absol, M|271\/271
|turn|1
|
|detailschange|p2a: D-Angelo|Absol-Mega, M
|message|Absol has Mega Evolved into Mega Absol!
|move|p2a: D-Angelo|Will-O-Wisp|p1a: Colbrusio-kun|[miss]
|-miss|p2a: D-Angelo|p1a: Colbrusio-kun
|move|p1a: Colbrusio-kun|Gyro Ball|p2a: D-Angelo
|-damage|p2a: D-Angelo|81\/271
|
|turn|2
|c|★EmblemadeFuego|fuck
|c|★EmblemadeFuego|hax
|
|move|p2a: D-Angelo|Protect|p2a: D-Angelo
|-singleturn|p2a: D-Angelo|Protect
|move|p1a: Colbrusio-kun|Gyro Ball|p2a: D-Angelo
|-activate|p2a: D-Angelo|Protect
|
|turn|3
|
|switch|p2a: 5|Fletchinder, F, shiny|327\/327
|move|p1a: Colbrusio-kun|Gyro Ball|p2a: 5
|-resisted|p2a: 5
|-damage|p2a: 5|266\/327
|
|turn|4
|
|move|p2a: 5|Will-O-Wisp|p1a: Colbrusio-kun|[miss]
|-miss|p2a: 5|p1a: Colbrusio-kun
|move|p1a: Colbrusio-kun|Volt Switch|p2a: 5
|-supereffective|p2a: 5
|-damage|p2a: 5|142\/327
|c|★EmblemadeFuego|noooooooooooooooooooooo
|
|switch|p1a: Sniperaim-homo|Swampert, F|404\/404
|
|turn|5
|c|★EmblemadeFuego|serius'
|
|switch|p2a: Uzzi|Uxie|353\/353
|move|p1a: Sniperaim-homo|Scald|p2a: Uzzi
|-damage|p2a: Uzzi|295\/353
|
|-heal|p2a: Uzzi|317\/353|[from] item: Leftovers
|turn|6
|
|move|p2a: Uzzi|Knock Off|p1a: Sniperaim-homo
|-damage|p1a: Sniperaim-homo|353\/404
|-enditem|p1a: Sniperaim-homo|Leftovers|[from] move: Knock Off|[of] p2a: Uzzi
|move|p1a: Sniperaim-homo|Stealth Rock|p2a: Uzzi
|-sidestart|p2: EmblemadeFuego|move: Stealth Rock
|
|-heal|p2a: Uzzi|339\/353|[from] item: Leftovers
|turn|7
|
|move|p2a: Uzzi|Stealth Rock|p1a: Sniperaim-homo
|-sidestart|p1: Bob the Bro|move: Stealth Rock
|move|p1a: Sniperaim-homo|Scald|p2a: Uzzi
|-damage|p2a: Uzzi|288\/353
|
|-heal|p2a: Uzzi|310\/353|[from] item: Leftovers
|turn|8
|
|move|p2a: Uzzi|Yawn|p1a: Sniperaim-homo
|-start|p1a: Sniperaim-homo|move: Yawn|[of] p2a: Uzzi
|move|p1a: Sniperaim-homo|Scald|p2a: Uzzi
|-damage|p2a: Uzzi|255\/353
|-status|p2a: Uzzi|brn
|
|-heal|p2a: Uzzi|277\/353 brn|[from] item: Leftovers
|-damage|p2a: Uzzi|233\/353 brn|[from] brn
|turn|9
|
|switch|p1a: Colbrusio-kun|Forretress, M|354\/354
|-damage|p1a: Colbrusio-kun|310\/354|[from] Stealth Rock
|move|p2a: Uzzi|Knock Off|p1a: Colbrusio-kun
|-damage|p1a: Colbrusio-kun|292\/354
|-enditem|p1a: Colbrusio-kun|Leftovers|[from] move: Knock Off|[of] p2a: Uzzi
|
|-heal|p2a: Uzzi|255\/353 brn|[from] item: Leftovers
|-damage|p2a: Uzzi|211\/353 brn|[from] brn
|turn|10
|
|move|p2a: Uzzi|U-turn|p1a: Colbrusio-kun
|-resisted|p1a: Colbrusio-kun
|-damage|p1a: Colbrusio-kun|286\/354
|
|switch|p2a: Rodolfo|Donphan, M|383\/383
|-damage|p2a: Rodolfo|360\/383|[from] Stealth Rock
|move|p1a: Colbrusio-kun|Toxic Spikes|p2a: Rodolfo
|-sidestart|p2: EmblemadeFuego|move: Toxic Spikes
|
|-heal|p2a: Rodolfo|383\/383|[from] item: Leftovers
|turn|11
|
|switch|p1a: Bill-Fren|Sableye, F|294\/294
|-damage|p1a: Bill-Fren|258\/294|[from] Stealth Rock
|move|p2a: Rodolfo|Roar|p1a: Bill-Fren
|drag|p1a: Colbrusio-kun|Forretress, M|286\/354
|-damage|p1a: Colbrusio-kun|242\/354|[from] Stealth Rock
|
|turn|12
|
|switch|p1a: Bill-Fren|Sableye, F|258\/294
|-damage|p1a: Bill-Fren|222\/294|[from] Stealth Rock
|move|p2a: Rodolfo|Rapid Spin|p1a: Bill-Fren
|-immune|p1a: Bill-Fren|[msg]
|
|-heal|p1a: Bill-Fren|240\/294|[from] item: Leftovers
|turn|13
|
|switch|p2a: D-Angelo|Absol-Mega, M|81\/271
|-damage|p2a: D-Angelo|48\/271|[from] Stealth Rock
|-status|p2a: D-Angelo|psn
|move|p1a: Bill-Fren|Will-O-Wisp|p2a: D-Angelo
|move|p2a: D-Angelo|Will-O-Wisp|p1a: Bill-Fren|[from]Magic Bounce
|-status|p1a: Bill-Fren|brn
|
|-heal|p1a: Bill-Fren|258\/294 brn|[from] item: Leftovers
|-damage|p2a: D-Angelo|15\/271 psn|[from] psn
|-damage|p1a: Bill-Fren|222\/294 brn|[from] brn
|turn|14
|
|switch|p1a: Colbrusio-kun|Forretress, M|242\/354
|-damage|p1a: Colbrusio-kun|198\/354|[from] Stealth Rock
|move|p2a: D-Angelo|Play Rough|p1a: Colbrusio-kun
|-resisted|p1a: Colbrusio-kun
|-damage|p1a: Colbrusio-kun|163\/354
|
|-damage|p2a: D-Angelo|0 fnt|[from] psn
|faint|p2a: D-Angelo
|join|Happee
|c|★Bob the Bro|happee senpai
|c|★EmblemadeFuego|pure hax
|
|switch|p2a: Rodolfo|Donphan, M|383\/383
|-status|p2a: Rodolfo|psn
|-damage|p2a: Rodolfo|360\/383 psn|[from] Stealth Rock
|turn|15
|
|switch|p1a: Sniperaim-homo|Swampert, F|353\/404
|-damage|p1a: Sniperaim-homo|328\/404|[from] Stealth Rock
|move|p2a: Rodolfo|Earthquake|p1a: Sniperaim-homo
|-damage|p1a: Sniperaim-homo|228\/404
|
|-heal|p2a: Rodolfo|383\/383 psn|[from] item: Leftovers
|-damage|p2a: Rodolfo|336\/383 psn|[from] psn
|turn|16
|
|move|p1a: Sniperaim-homo|Scald|p2a: Rodolfo
|-supereffective|p2a: Rodolfo
|-damage|p2a: Rodolfo|136\/383 psn
|move|p2a: Rodolfo|Rapid Spin|p1a: Sniperaim-homo
|-damage|p1a: Sniperaim-homo|212\/404
|-sideend|p2: EmblemadeFuego|Toxic Spikes|[from] move: Rapid Spin|[of] p2a: Rodolfo
|-sideend|p2: EmblemadeFuego|Stealth Rock|[from] move: Rapid Spin|[of] p2a: Rodolfo
|
|-heal|p2a: Rodolfo|159\/383 psn|[from] item: Leftovers
|-damage|p2a: Rodolfo|112\/383 psn|[from] psn
|turn|17
|
|move|p1a: Sniperaim-homo|Stealth Rock|p2a: Rodolfo
|-sidestart|p2: EmblemadeFuego|move: Stealth Rock
|move|p2a: Rodolfo|Earthquake|p1a: Sniperaim-homo
|-damage|p1a: Sniperaim-homo|112\/404
|
|-heal|p2a: Rodolfo|135\/383 psn|[from] item: Leftovers
|-damage|p2a: Rodolfo|88\/383 psn|[from] psn
|turn|18
|
|switch|p2a: 5|Fletchinder, F, shiny|142\/327
|-damage|p2a: 5|0 fnt|[from] Stealth Rock
|faint|p2a: 5
|move|p1a: Sniperaim-homo|Scald|p2: 5|[notarget]
|-notarget
|
|
|switch|p2a: Bichona|Flygon, F|301\/301
|-damage|p2a: Bichona|283\/301|[from] Stealth Rock
|turn|19
|
|move|p2a: Bichona|Earthquake|p1a: Sniperaim-homo
|-damage|p1a: Sniperaim-homo|0 fnt
|faint|p1a: Sniperaim-homo
|
|
|switch|p1a: Fat Lenny|Blissey, F|714\/714
|-damage|p1a: Fat Lenny|625\/714|[from] Stealth Rock
|turn|20
|
|switch|p2a: Uzzi|Uxie|211\/353 brn
|-damage|p2a: Uzzi|167\/353 brn|[from] Stealth Rock
|move|p1a: Fat Lenny|Wish|p1a: Fat Lenny
|
|-heal|p2a: Uzzi|189\/353 brn|[from] item: Leftovers
|-heal|p1a: Fat Lenny|669\/714|[from] item: Leftovers
|-damage|p2a: Uzzi|145\/353 brn|[from] brn
|turn|21
|
|switch|p1a: Colbrusio-kun|Forretress, M|163\/354
|-damage|p1a: Colbrusio-kun|119\/354|[from] Stealth Rock
|move|p2a: Uzzi|Knock Off|p1a: Colbrusio-kun
|-damage|p1a: Colbrusio-kun|106\/354
|
|-heal|p1a: Colbrusio-kun|354\/354|[from] move: Wish|[wisher] Fat Lenny
|-heal|p2a: Uzzi|167\/353 brn|[from] item: Leftovers
|-damage|p2a: Uzzi|123\/353 brn|[from] brn
|turn|22
|
|move|p2a: Uzzi|U-turn|p1a: Colbrusio-kun
|-resisted|p1a: Colbrusio-kun
|-damage|p1a: Colbrusio-kun|348\/354
|
|switch|p2a: Musho|Raikou, shiny|322\/322
|-damage|p2a: Musho|282\/322|[from] Stealth Rock
|-ability|p2a: Musho|Pressure
|move|p1a: Colbrusio-kun|Toxic Spikes|p2a: Musho
|-sidestart|p2: EmblemadeFuego|move: Toxic Spikes
|
|-heal|p2a: Musho|302\/322|[from] item: Leftovers
|turn|23
|
|move|p2a: Musho|Substitute|p2a: Musho
|-start|p2a: Musho|Substitute
|-damage|p2a: Musho|222\/322
|move|p1a: Colbrusio-kun|Volt Switch|p2a: Musho
|-resisted|p2a: Musho
|-activate|p2a: Musho|Substitute|[damage]
|
|switch|p1a: Rowfgt|Alakazam, F|251\/251
|
|-heal|p2a: Musho|242\/322|[from] item: Leftovers
|turn|24
|
|detailschange|p1a: Rowfgt|Alakazam-Mega, F
|message|Alakazam has Mega Evolved into Mega Alakazam!
|-ability|p1a: Rowfgt|Pressure|[from] ability: Trace|[of] p2a: Musho
|-ability|p1a: Rowfgt|Pressure
|move|p1a: Rowfgt|Psyshock|p2a: Musho
|-end|p2a: Musho|Substitute
|move|p2a: Musho|Calm Mind|p2a: Musho
|-boost|p2a: Musho|spa|1
|-boost|p2a: Musho|spd|1
|
|-heal|p2a: Musho|262\/322|[from] item: Leftovers
|turn|25
|
|move|p1a: Rowfgt|Psyshock|p2a: Musho
|-damage|p2a: Musho|45\/322
|move|p2a: Musho|Thunderbolt|p1a: Rowfgt
|-crit|p1a: Rowfgt
|-damage|p1a: Rowfgt|0 fnt
|faint|p1a: Rowfgt
|
|-heal|p2a: Musho|65\/322|[from] item: Leftovers
|
|switch|p1a: Fat Lenny|Blissey, F|669\/714
|-damage|p1a: Fat Lenny|580\/714|[from] Stealth Rock
|turn|26
|
|move|p2a: Musho|Thunderbolt|p1a: Fat Lenny
|-damage|p1a: Fat Lenny|409\/714
|move|p1a: Fat Lenny|Seismic Toss|p2a: Musho
|-damage|p2a: Musho|0 fnt
|faint|p2a: Musho
|
|-heal|p1a: Fat Lenny|453\/714|[from] item: Leftovers
|
|switch|p2a: Bichona|Flygon, F|283\/301
|-damage|p2a: Bichona|265\/301|[from] Stealth Rock
|turn|27
|
|move|p1a: Fat Lenny|Protect|p1a: Fat Lenny
|-singleturn|p1a: Fat Lenny|Protect
|move|p2a: Bichona|Earthquake|p1a: Fat Lenny
|-activate|p1a: Fat Lenny|Protect
|
|-heal|p1a: Fat Lenny|497\/714|[from] item: Leftovers
|turn|28
|
|switch|p1a: Colbrusio-kun|Forretress, M|348\/354
|-damage|p1a: Colbrusio-kun|304\/354|[from] Stealth Rock
|move|p2a: Bichona|Earthquake|p1a: Colbrusio-kun
|-crit|p1a: Colbrusio-kun
|-damage|p1a: Colbrusio-kun|186\/354
|
|turn|29
|
|move|p2a: Bichona|Earthquake|p1a: Colbrusio-kun
|-damage|p1a: Colbrusio-kun|98\/354
|move|p1a: Colbrusio-kun|Rapid Spin|p2a: Bichona
|-damage|p2a: Bichona|248\/301
|-sideend|p1: Bob the Bro|Stealth Rock|[from] move: Rapid Spin|[of] p1a: Colbrusio-kun
|
|turn|30
|
|move|p2a: Bichona|Earthquake|p1a: Colbrusio-kun
|-damage|p1a: Colbrusio-kun|17\/354
|move|p1a: Colbrusio-kun|Gyro Ball|p2a: Bichona
|-damage|p2a: Bichona|56\/301
|
|turn|31
|
|move|p2a: Bichona|Earthquake|p1a: Colbrusio-kun
|-damage|p1a: Colbrusio-kun|0 fnt
|faint|p1a: Colbrusio-kun
|
|
|switch|p1a: Bill-Fren|Sableye, F|222\/294 brn
|turn|32
|
|switch|p2a: Uzzi|Uxie|123\/353 brn
|-damage|p2a: Uzzi|79\/353 brn|[from] Stealth Rock
|move|p1a: Bill-Fren|Will-O-Wisp|p2a: Uzzi
|-fail|p2a: Uzzi|brn
|
|-heal|p2a: Uzzi|101\/353 brn|[from] item: Leftovers
|-heal|p1a: Bill-Fren|240\/294 brn|[from] item: Leftovers
|-damage|p2a: Uzzi|57\/353 brn|[from] brn
|-damage|p1a: Bill-Fren|204\/294 brn|[from] brn
|turn|33
|
|switch|p1a: Fat Lenny|Blissey, F|497\/714
|move|p2a: Uzzi|Knock Off|p1a: Fat Lenny
|-damage|p1a: Fat Lenny|446\/714
|-enditem|p1a: Fat Lenny|Leftovers|[from] move: Knock Off|[of] p2a: Uzzi
|
|-heal|p2a: Uzzi|79\/353 brn|[from] item: Leftovers
|-damage|p2a: Uzzi|35\/353 brn|[from] brn
|turn|34
|
|move|p2a: Uzzi|Stealth Rock|p1a: Fat Lenny
|-sidestart|p1: Bob the Bro|move: Stealth Rock
|move|p1a: Fat Lenny|Wish|p1a: Fat Lenny
|
|-heal|p2a: Uzzi|57\/353 brn|[from] item: Leftovers
|-damage|p2a: Uzzi|13\/353 brn|[from] brn
|turn|35
|
|move|p2a: Uzzi|Yawn|p1a: Fat Lenny
|-start|p1a: Fat Lenny|move: Yawn|[of] p2a: Uzzi
|move|p1a: Fat Lenny|Heal Bell|p1a: Fat Lenny
|-cureteam|p1a: Fat Lenny|[from] move: HealBell
|
|-heal|p1a: Fat Lenny|714\/714|[from] move: Wish|[wisher] Fat Lenny
|-heal|p2a: Uzzi|35\/353 brn|[from] item: Leftovers
|-damage|p2a: Uzzi|0 fnt|[from] brn
|faint|p2a: Uzzi
|
|switch|p2a: Bichona|Flygon, F|56\/301
|-damage|p2a: Bichona|38\/301|[from] Stealth Rock
|turn|36
|
|move|p2a: Bichona|Earthquake|p1a: Fat Lenny
|-damage|p1a: Fat Lenny|422\/714
|move|p1a: Fat Lenny|Seismic Toss|p2a: Bichona
|-damage|p2a: Bichona|0 fnt
|faint|p2a: Bichona
|
|-status|p1a: Fat Lenny|slp
|
|switch|p2a: Rodolfo|Donphan, M|88\/383 psn
|-damage|p2a: Rodolfo|65\/383 psn|[from] Stealth Rock
|turn|37
|
|cant|p1a: Fat Lenny|slp
|move|p2a: Rodolfo|Earthquake|p1a: Fat Lenny
|-damage|p1a: Fat Lenny|169\/714 slp
|
|-heal|p2a: Rodolfo|88\/383 psn|[from] item: Leftovers
|-damage|p2a: Rodolfo|41\/383 psn|[from] psn
|turn|38
|
|cant|p1a: Fat Lenny|slp
|move|p2a: Rodolfo|Earthquake|p1a: Fat Lenny
|-damage|p1a: Fat Lenny|0 fnt
|faint|p1a: Fat Lenny
|
|-heal|p2a: Rodolfo|64\/383 psn|[from] item: Leftovers
|-damage|p2a: Rodolfo|17\/383 psn|[from] psn
|
|switch|p1a: Waiv-chan|Jirachi|341\/341
|-damage|p1a: Waiv-chan|320\/341|[from] Stealth Rock
|turn|39
|
|move|p1a: Waiv-chan|Iron Head|p2a: Rodolfo
|-damage|p2a: Rodolfo|0 fnt
|faint|p2a: Rodolfo
|
|win|Bob the Bro
|raw|Ladder updating...
|raw|Bob the Bro's rating: 1822 &rarr; <strong>1829<\/strong><br \/>(+7 for winning)
|raw|EmblemadeFuego's rating: 1563 &rarr; <strong>1556<\/strong><br \/>(-7 for losing)
|leave|Bob the Bro
|player|p1