|join|NUG QoL
|join|Bob the Bro
|player|p1|NUG QoL|249
|player|p2|Bob the Bro|23
|gametype|singles
|gen|6
|tier|UU
|rule|Sleep Clause Mod: Limit one foe put to sleep
|rule|Species Clause: Limit one of each Pokémon
|rule|OHKO Clause: OHKO moves are banned
|rule|Moody Clause: Moody is banned
|rule|Evasion Moves Clause: Evasion moves are banned
|rule|Endless Battle Clause: Forcing endless battles is banned
|rule|HP Percentage Mod: HP is shown in percentages
|clearpoke
|poke|p1|Hydreigon, F
|poke|p1|Empoleon, F
|poke|p1|Abomasnow, F
|poke|p1|Infernape, F
|poke|p1|Crobat, M
|poke|p1|Raikou
|poke|p2|Blissey, F
|poke|p2|Noivern, M
|poke|p2|Weezing, M
|poke|p2|Alomomola, F
|poke|p2|Gligar, M
|poke|p2|Virizion
|rule|Swagger Clause: Swagger is banned
|rule|Baton Pass Clause: Limit one Pokémon knowing Baton Pass
|teampreview
|join|tahapplepieman
|join|Kyla's Nightmare
|join|RowDog
|join|SkywardSword596
|join|I<3Magikarp
|join|Hyunation
|c|★Bob the Bro|wow all these aboma counter teams
|join|Kayo
|join|Naruto(sage)
|c|★NUG QoL|i built in like 1 min
|c|★NUG QoL|i dunno this tier lol
|join|Duskt70
|c| I<3Magikarp|and he's in the finals
|c| Duskt70|more aboma
|
|start
|switch|p1a: Infernape|Infernape, F|293\/293
|switch|p2a: 3.98100|Noivern, M|317\/317
|turn|1
|
|switch|p1a: Empoleon|Empoleon, F|369\/369
|move|p2a: 3.98100|Draco Meteor|p1a: Empoleon
|-resisted|p1a: Empoleon
|-damage|p1a: Empoleon|285\/369
|-unboost|p2a: 3.98100|spa|2
|
|-heal|p1a: Empoleon|308\/369|[from] item: Leftovers
|turn|2
|c| I<3Magikarp|what does that say about us, as UU players?
|c| Duskt70|reveal ice beam
|
|switch|p2a: 1.21976|Virizion|323\/323
|move|p1a: Empoleon|Toxic|p2a: 1.21976
|-status|p2a: 1.21976|tox
|-enditem|p2a: 1.21976|Lum Berry|[eat]
|-curestatus|p2a: 1.21976|tox
|
|-heal|p1a: Empoleon|331\/369|[from] item: Leftovers
|turn|3
|c| Duskt70|here
|c|★Bob the Bro|guys
|c| SkywardSword596|reveal specs
|c|★Bob the Bro|git gud pls
|c| SkywardSword596|oooh
|join|TheCanadianWifier
|c| Duskt70|oooo
|c| SkywardSword596|oh
|c| RowDog|Only those who got beaten by him
|
|switch|p1a: Crobat|Crobat, M|341\/341
|move|p2a: 1.21976|Swords Dance|p2a: 1.21976
|-boost|p2a: 1.21976|atk|2
|
|turn|4
|c| RowDog|kekleon
|
|switch|p2a: 1.03736|Weezing, M|334\/334
|move|p1a: Crobat|U-turn|p2a: 1.03736
|-resisted|p2a: 1.03736
|-damage|p2a: 1.03736|314\/334
|
|switch|p1a: Hydreigon|Hydreigon, F|325\/325
|
|-heal|p2a: 1.03736|334\/334|[from] item: Black Sludge
|turn|5
|c|★Bob the Bro|i'm gobo reincarnated
|c| RowDog|gobo died?
|join|I AM ARBOK
|c|★Bob the Bro|y
|c| RowDog|;_;
|
|switch|p2a: 2.71406|Gligar, M|334\/334
|move|p1a: Hydreigon|Draco Meteor|p2a: 2.71406
|-crit|p2a: 2.71406
|-damage|p2a: 2.71406|71\/334
|-unboost|p1a: Hydreigon|spa|2
|-damage|p1a: Hydreigon|293\/325|[from] item: Life Orb
|
|turn|6
|c|★Bob the Bro|wow
|join|NUA tennis
|c| TheCanadianWifier|http:\/\/play.pokemonshowdown.com\/sprites\/xyani-back\/hydreigon.gif
|
|switch|p2a: 9.58093|Blissey, F|714\/714
|move|p1a: Hydreigon|Draco Meteor|p2a: 9.58093
|-damage|p2a: 9.58093|615\/714
|-unboost|p1a: Hydreigon|spa|2
|-damage|p1a: Hydreigon|261\/325|[from] item: Life Orb
|
|-heal|p2a: 9.58093|659\/714|[from] item: Leftovers
|turn|7
|leave|I AM ARBOK
|
|move|p1a: Hydreigon|Superpower|p2a: 9.58093
|-supereffective|p2a: 9.58093
|-damage|p2a: 9.58093|194\/714
|-unboost|p1a: Hydreigon|atk|1
|-unboost|p1a: Hydreigon|def|1
|-damage|p1a: Hydreigon|229\/325|[from] item: Life Orb
|move|p2a: 9.58093|Wish|p2a: 9.58093
|
|-heal|p2a: 9.58093|238\/714|[from] item: Leftovers
|turn|8
|c| Duskt70|eaten
|c| Duskt70|oof
|leave|NUA tennis
|
|switch|p1a: Raikou|Raikou|321\/321
|-ability|p1a: Raikou|Pressure
|switch|p2a: 2.71406|Gligar, M|71\/334
|
|-heal|p2a: 2.71406|334\/334|[from] move: Wish|[wisher] 9.58093
|turn|9
|c| Duskt70|reveal roar
|c| Duskt70|aw
|c| SkywardSword596|taunt\/dtail
|join|NUA tennis
|
|move|p1a: Raikou|Volt Switch|p2a: 2.71406
|-immune|p2a: 2.71406|[msg]
|move|p2a: 2.71406|Earthquake|p1a: Raikou
|-crit|p1a: Raikou
|-supereffective|p1a: Raikou
|-damage|p1a: Raikou|0 fnt
|faint|p1a: Raikou
|
|c| NUA tennis|get
|c|★Bob the Bro|get predicted
|c|★Bob the Bro|pls
|c| NUA tennis|predicted
|
|switch|p1a: Abomasnow|Abomasnow, F|363\/363
|turn|10
|c| NUA tennis|git gud pls
|
|switch|p2a: 3.35700|Alomomola, F|534\/534
|detailschange|p1a: Abomasnow|Abomasnow-Mega, F
|message|Abomasnow has Mega Evolved into Mega Abomasnow!
|-weather|Hail
|move|p1a: Abomasnow|Swords Dance|p1a: Abomasnow
|-boost|p1a: Abomasnow|atk|2
|
|-weather|Hail|[upkeep]
|-damage|p2a: 3.35700|501\/534|[from] hail
|-heal|p2a: 3.35700|534\/534|[from] item: Leftovers
|turn|11
|c| RowDog|Obamasnow
|c| Duskt70|oo
|
|move|p2a: 3.35700|Toxic|p1a: Abomasnow
|-status|p1a: Abomasnow|tox
|move|p1a: Abomasnow|Seed Bomb|p2a: 3.35700
|-supereffective|p2a: 3.35700
|-damage|p2a: 3.35700|40\/534
|
|-weather|Hail|[upkeep]
|-damage|p2a: 3.35700|7\/534|[from] hail
|-heal|p2a: 3.35700|40\/534|[from] item: Leftovers
|-damage|p1a: Abomasnow|341\/363 tox|[from] psn
|turn|12
|c| Duskt70|c team is here
|
|move|p2a: 3.35700|Wish|p2a: 3.35700
|move|p1a: Abomasnow|Swords Dance|p1a: Abomasnow
|-boost|p1a: Abomasnow|atk|2
|
|-weather|Hail|[upkeep]
|-damage|p2a: 3.35700|7\/534|[from] hail
|-heal|p2a: 3.35700|40\/534|[from] item: Leftovers
|-damage|p1a: Abomasnow|297\/363 tox|[from] psn
|turn|13
|c| SkywardSword596|oml
|c| TheCanadianWifier|LOL
|c| Duskt70|why
|c| SkywardSword596|the boosts
|c| TheCanadianWifier|REAL
|c| TheCanadianWifier|AS
|c| Duskt70|would you do that
|c| RowDog|oh dayum
|join|Starmie Sweep
|c|★Bob the Bro|gobo ffs
|join|Teddeh
|c| Duskt70|gobo pls
|c| RowDog|Protect?
|c| Duskt70|where are you
|c|★Bob the Bro|but i have based aboma counter
|c| SkywardSword596|true
|c|★Bob the Bro|gonna send him in
|c|★Bob the Bro|right meow
|c| RowDog|Doesn’t Weezing beat this shit zBob?
|c| SkywardSword596|critical seed bomb
|c| SkywardSword596|imo
|c| Duskt70|reveal mold breaker eq
|
|switch|p2a: 1.03736|Weezing, M|334\/334
|switch|p1a: Hydreigon|Hydreigon, F|229\/325
|
|-weather|Hail|[upkeep]
|-damage|p1a: Hydreigon|209\/325|[from] hail
|-damage|p2a: 1.03736|314\/334|[from] hail
|-heal|p2a: 1.03736|334\/334|[from] move: Wish|[wisher] 3.35700
|turn|14
|c| Duskt70|here
|c|★Bob the Bro|reveal blizzard imo
|c| RowDog|lol
|
|switch|p2a: 2.71406|Gligar, M|334\/334
|move|p1a: Hydreigon|Dark Pulse|p2a: 2.71406
|-damage|p2a: 2.71406|225\/334
|-damage|p1a: Hydreigon|177\/325|[from] item: Life Orb
|
|-weather|none
|turn|15
|c|★Bob the Bro|domage
|c|★Bob the Bro|inb4 crit
|
|move|p1a: Hydreigon|Dark Pulse|p2a: 2.71406
|-damage|p2a: 2.71406|118\/334
|-damage|p1a: Hydreigon|145\/325|[from] item: Life Orb
|move|p2a: 2.71406|Roost|p2a: 2.71406
|-heal|p2a: 2.71406|285\/334
|
|turn|16
|c| RowDog|or Flinch
|c| NUA tennis|must be sheer force hydreigon
|
|move|p1a: Hydreigon|Roost|p1a: Hydreigon
|-heal|p1a: Hydreigon|308\/325
|move|p2a: 2.71406|Roost|p2a: 2.71406
|-heal|p2a: 2.71406|334\/334
|
|turn|17
|
|move|p1a: Hydreigon|Dark Pulse|p2a: 2.71406
|-damage|p2a: 2.71406|233\/334
|-damage|p1a: Hydreigon|276\/325|[from] item: Life Orb
|move|p2a: 2.71406|Stealth Rock|p1a: Hydreigon
|-sidestart|p1: NUG QoL|move: Stealth Rock
|
|turn|18
|c|★Bob the Bro|drop a draco already
|c| RowDog|I suggested that for OU theorymon :(
|
|switch|p2a: 1.21976|Virizion|323\/323
|move|p1a: Hydreigon|Dark Pulse|p2a: 1.21976
|-resisted|p2a: 1.21976
|-damage|p2a: 1.21976|253\/323
|-boost|p2a: 1.21976|atk|1|[from] ability: Justified
|-damage|p1a: Hydreigon|244\/325|[from] item: Life Orb
|
|turn|19
|c| SkywardSword596|oof
|c| Duskt70|oof
|c| RowDog|awww shit
|c|★Bob the Bro|lol i cant get pass crobat
|c| tahapplepieman|its a scarf
|c| RowDog|Close Combat to win
|c| Duskt70|reveal stone edge here
|join|NUC The Goomy
|join|taloniceberg
|
|move|p2a: 1.21976|Close Combat|p1a: Hydreigon
|-supereffective|p1a: Hydreigon
|-damage|p1a: Hydreigon|0 fnt
|-unboost|p2a: 1.21976|def|1
|-unboost|p2a: 1.21976|spd|1
|faint|p1a: Hydreigon
|
|join|NUA Can
|c| SkywardSword596|reveal speed boost virizion
|c| RowDog|oh kekleon
|c| NUA tennis|nice clean 6-0
|
|switch|p1a: Infernape|Infernape, F|293\/293
|-damage|p1a: Infernape|257\/293|[from] Stealth Rock
|turn|20
|c| Duskt70|?
|join|KKKeane
|c| RowDog|Win speed tie
|
|switch|p2a: 1.03736|Weezing, M|334\/334
|move|p1a: Infernape|Fire Blast|p2a: 1.03736
|-damage|p2a: 1.03736|77\/334
|-damage|p1a: Infernape|228\/293|[from] item: Life Orb
|
|-heal|p2a: 1.03736|97\/334|[from] item: Black Sludge
|turn|21
|c| RowDog|or lose horribly to Scarf ape
|join|UniterFlash
|c| SkywardSword596|hnnng
|c| Duskt70|oof
|leave|UniterFlash
|
|switch|p2a: 3.98100|Noivern, M|317\/317
|move|p1a: Infernape|Fire Blast|p2a: 3.98100|[miss]
|-miss|p1a: Infernape|p2a: 3.98100
|
|turn|22
|c| NUC The Goomy|ez
|join|Alepelex 4Ever
|
|switch|p1a: Empoleon|Empoleon, F|331\/369
|-damage|p1a: Empoleon|308\/369|[from] Stealth Rock
|move|p2a: 3.98100|Switcheroo|p1a: Empoleon
|-activate|p2a: 3.98100|move: Trick|[of] p1a: Empoleon
|-item|p1a: Empoleon|Choice Scarf|[from] Trick
|-item|p2a: 3.98100|Leftovers|[from] Trick
|
|turn|23
|join|HyperStrider
|c| SkywardSword596|no specs
|leave|Alepelex 4Ever
|c| KKKeane|oo
|
|move|p2a: 3.98100|U-turn|p1a: Empoleon
|-resisted|p1a: Empoleon
|-damage|p1a: Empoleon|290\/369
|
|switch|p2a: 9.58093|Blissey, F|238\/714
|move|p1a: Empoleon|Stealth Rock|p2a: 9.58093
|-sidestart|p2: Bob the Bro|move: Stealth Rock
|
|-heal|p2a: 9.58093|282\/714|[from] item: Leftovers
|turn|24
|c| Duskt70|scarf noivern
|
|switch|p1a: Infernape|Infernape, F|228\/293
|-damage|p1a: Infernape|192\/293|[from] Stealth Rock
|move|p2a: 9.58093|Wish|p2a: 9.58093
|
|-heal|p2a: 9.58093|326\/714|[from] item: Leftovers
|turn|25
|c| Duskt70|scarf rocks
|c| Duskt70|lol
|
|switch|p2a: 2.71406|Gligar, M|233\/334
|-damage|p2a: 2.71406|192\/334|[from] Stealth Rock
|move|p1a: Infernape|Fire Blast|p2a: 2.71406|[miss]
|-miss|p1a: Infernape|p2a: 2.71406
|
|-heal|p2a: 2.71406|334\/334|[from] move: Wish|[wisher] 9.58093
|turn|26
|c| SkywardSword596|best setter
|c| SkywardSword596|wow
|c| KKKeane|looool
|c| SkywardSword596|infernape needs moar glasses
|c| KKKeane|^
|c| Duskt70|DAMN BLIND APE
|c| Duskt70|:^
|
|switch|p1a: Abomasnow|Abomasnow-Mega, F|297\/363 tox
|-damage|p1a: Abomasnow|207\/363 tox|[from] Stealth Rock
|-weather|Hail
|move|p2a: 2.71406|Earthquake|p1a: Abomasnow
|-resisted|p1a: Abomasnow
|-damage|p1a: Abomasnow|161\/363 tox
|
|-weather|Hail|[upkeep]
|-damage|p2a: 2.71406|314\/334|[from] hail
|-damage|p1a: Abomasnow|139\/363 tox|[from] psn
|turn|27
|
|move|p1a: Abomasnow|Ice Shard|p2a: 2.71406
|-supereffective|p2a: 2.71406
|-damage|p2a: 2.71406|106\/334
|move|p2a: 2.71406|Roost|p2a: 2.71406
|-heal|p2a: 2.71406|273\/334
|
|-weather|Hail|[upkeep]
|-damage|p2a: 2.71406|253\/334|[from] hail
|-damage|p1a: Abomasnow|95\/363 tox|[from] psn
|turn|28
|c| KKKeane|You are really weak to NP-Infernape o_o
|
|move|p1a: Abomasnow|Ice Shard|p2a: 2.71406
|-supereffective|p2a: 2.71406
|-damage|p2a: 2.71406|61\/334
|move|p2a: 2.71406|Roost|p2a: 2.71406
|-heal|p2a: 2.71406|228\/334
|
|-weather|Hail|[upkeep]
|-damage|p2a: 2.71406|208\/334|[from] hail
|-damage|p1a: Abomasnow|29\/363 tox|[from] psn
|turn|29
|c| Starmie Sweep|Virizzle My Nizzle Virizzion.
|c|★Bob the Bro|gligar tanks +2 blast
|c|★Bob the Bro|and ohkos
|
|switch|p2a: 3.35700|Alomomola, F|218\/534
|-damage|p2a: 3.35700|152\/534|[from] Stealth Rock
|move|p1a: Abomasnow|Seed Bomb|p2a: 3.35700
|-supereffective|p2a: 3.35700
|-damage|p2a: 3.35700|0 fnt
|faint|p2a: 3.35700
|
|-weather|Hail|[upkeep]
|-damage|p1a: Abomasnow|0 fnt|[from] psn
|faint|p1a: Abomasnow
|c| Duskt70|oof
|c| SkywardSword596|nice
|c| NUA tennis|the 6-0
|c| NUA tennis|g45vrwg45ereb452rz4
|c| TheCanadianWifier|nooo :[
|c| NUA tennis|5gr45qr45b rzdx4
|c| TheCanadianWifier|the 6-0
|c| TheCanadianWifier|:[
|
|switch|p1a: Crobat|Crobat, M|341\/341
|-damage|p1a: Crobat|256\/341|[from] Stealth Rock
|switch|p2a: 3.98100|Noivern, M|317\/317
|-damage|p2a: 3.98100|238\/317|[from] Stealth Rock
|turn|30
|c| Duskt70|no 6-0
|c| Duskt70|5u
|
|move|p1a: Crobat|Brave Bird|p2a: 3.98100
|-damage|p2a: 3.98100|21\/317
|-damage|p1a: Crobat|184\/341|[from] recoil|[of] p2a: 3.98100
|move|p2a: 3.98100|Draco Meteor|p1a: Crobat
|-damage|p1a: Crobat|0 fnt
|-unboost|p2a: 3.98100|spa|2
|faint|p1a: Crobat
|
|-weather|none
|-heal|p2a: 3.98100|40\/317|[from] item: Leftovers
|c| KKKeane|BAT BATTLE
|c| Duskt70|__Bat__tle
|c|★Bob the Bro|noivern is balk
|c| I<3Magikarp|bye brobat
|c| KKKeane|^_^
|
|switch|p1a: Empoleon|Empoleon, F|290\/369
|-damage|p1a: Empoleon|267\/369|[from] Stealth Rock
|turn|31
|c| Duskt70|scarfed empoleon
|c| Duskt70|ready to wreck
|
|move|p2a: 3.98100|U-turn|p1a: Empoleon
|-resisted|p1a: Empoleon
|-damage|p1a: Empoleon|251\/369
|c| KKKeane|w-why
|c| SkywardSword596|who needs agility
|
|switch|p2a: 1.21976|Virizion|253\/323
|-damage|p2a: 1.21976|233\/323|[from] Stealth Rock
|move|p1a: Empoleon|Scald|p2a: 1.21976
|-resisted|p2a: 1.21976
|-damage|p2a: 1.21976|191\/323
|-status|p2a: 1.21976|brn
|
|-damage|p2a: 1.21976|151\/323 brn|[from] brn
|turn|32
|join|fuck confuse
|c| Duskt70|switcheroo
|c| SkywardSword596|the barn
|c| KKKeane|scald op
|c|★Bob the Bro|wow hax
|c| Duskt70|scan bald
|
|switch|p2a: 9.58093|Blissey, F|326\/714
|-damage|p2a: 9.58093|237\/714|[from] Stealth Rock
|switch|p1a: Infernape|Infernape, F|192\/293
|-damage|p1a: Infernape|156\/293|[from] Stealth Rock
|
|-heal|p2a: 9.58093|281\/714|[from] item: Leftovers
|turn|33
|c| KKKeane|llooooolololol
|join|schlamaladingdong
|c| KKKeane|Infernape-Sweep now
|
|move|p1a: Infernape|Close Combat|p2a: 9.58093
|-supereffective|p2a: 9.58093
|-damage|p2a: 9.58093|0 fnt
|-unboost|p1a: Infernape|def|1
|-unboost|p1a: Infernape|spd|1
|-damage|p1a: Infernape|127\/293|[from] item: Life Orb
|faint|p2a: 9.58093
|
|
|switch|p2a: 2.71406|Gligar, M|208\/334
|-damage|p2a: 2.71406|167\/334|[from] Stealth Rock
|turn|34
|c| SkywardSword596|comeback y\/y
|join|RU is Shit Tier
|c| KKKeane|y
|c| KKKeane|if fire blast doesnt miss again
|c| TheCanadianWifier|miss
|c|★Bob the Bro|pls n
|c| TheCanadianWifier|ez
|c| NUA tennis|WIDE LEFT
|c| SkywardSword596|it'll miss
|c| RowDog|Gligar says it is ogre
|
|move|p1a: Infernape|Fire Blast|p2a: 2.71406
|-damage|p2a: 2.71406|46\/334
|-damage|p1a: Infernape|98\/293|[from] item: Life Orb
|move|p2a: 2.71406|Roost|p2a: 2.71406
|-heal|p2a: 2.71406|213\/334
|
|turn|35
|c| Starmie Sweep|Reveal Infernape Blizzard.
|c| SkywardSword596|WOW
|c| KKKeane|OMG
|c| SkywardSword596|that
|c| Duskt70|SCARFED EMPOLEON
|c| KKKeane|WOWOOWOWOOWOWOWOW
|c| RU is Shit Tier|the sp def gligars yo
|
|move|p1a: Infernape|Fire Blast|p2a: 2.71406
|-damage|p2a: 2.71406|84\/334
|-damage|p1a: Infernape|69\/293|[from] item: Life Orb
|move|p2a: 2.71406|Earthquake|p1a: Infernape
|-supereffective|p1a: Infernape
|-damage|p1a: Infernape|0 fnt
|faint|p1a: Infernape
|
|c| Duskt70|MUST SAVE THE MATCH
|c| KKKeane|WOWOOWOWOOWOWOOWOWOW
|
|switch|p1a: Empoleon|Empoleon, F|251\/369
|-damage|p1a: Empoleon|228\/369|[from] Stealth Rock
|turn|36
|c| SkywardSword596|burn imo
|c| RU is Shit Tier|fucking everywhere
|c|★Bob the Bro|o good
|c| SkywardSword596|oh
|c|★Bob the Bro|not blazed yet
|c| SkywardSword596|now its gotta be empe
|c| KKKeane|You are weak to Lum Berry Gligar!
|c| KKKeane|*Haxorus
|c| KKKeane|lol
|c|+Kayo|pls stop talking
|
|move|p1a: Empoleon|Scald|p2a: 2.71406
|-crit|p2a: 2.71406
|-supereffective|p2a: 2.71406
|-damage|p2a: 2.71406|0 fnt
|faint|p2a: 2.71406
|
|c|+Kayo|k thxs
|c| KKKeane|no
|c| Starmie Sweep|Git Crit.
|c| fuck confuse|is that scarf lol
|
|switch|p2a: 1.21976|Virizion|151\/323 brn
|-damage|p2a: 1.21976|131\/323 brn|[from] Stealth Rock
|turn|37
|c| KKKeane|:(
|
|move|p2a: 1.21976|Close Combat|p1a: Empoleon
|-supereffective|p1a: Empoleon
|-damage|p1a: Empoleon|70\/369
|-unboost|p2a: 1.21976|def|1
|-unboost|p2a: 1.21976|spd|1
|move|p1a: Empoleon|Scald|p2a: 1.21976
|-resisted|p2a: 1.21976
|-damage|p2a: 1.21976|32\/323 brn
|
|-damage|p2a: 1.21976|0 fnt|[from] brn
|faint|p2a: 1.21976
|c| SkywardSword596|yes fuck confuse
|c|★Bob the Bro|pls viri
|c| Duskt70|bulk
|c| fuck confuse|TORRENT
|c| fuck confuse|NIGGA
|c| SkywardSword596|oml
|c| RowDog|oh dear lord
|c|★Bob the Bro|oml
|c| fuck confuse|GET FUCKED BOB THE BRO
|c| KKKeane|COMEBACK?
|c| NUC The Goomy|ez
|c|★NUG QoL|i'm a lord
|c| TheCanadianWifier|LOL
|c| NUA Can|TORRENT SCARF
|c| KKKeane|YOU WON
|join|terimaki_chod
|c| KKKeane|omg
|c| NUA Can|LOOL
|c| KKKeane|O_O
|c| SkywardSword596|30% weezing
|c| KKKeane|O_O
|c| KKKeane|O_O
|
|switch|p2a: 1.03736|Weezing, M|97\/334
|-damage|p2a: 1.03736|56\/334|[from] Stealth Rock
|turn|38
|c| NUA tennis|lmao
|c|★Bob the Bro|miss
|c| SkywardSword596|o shit
|c| KKKeane|wowoowowwowowowowowoowowow
|c| SkywardSword596|sr
|c| Teddeh|ty for scarffff
|c| NUA tennis|how in the fuck
|c| Duskt70|oh boy
|c| RowDog|ahahahahhahahahhhahahahahahaahhahahah
|
|move|p1a: Empoleon|Scald|p2a: 1.03736
|-damage|p2a: 1.03736|0 fnt
|faint|p2a: 1.03736
|
|c| KKKeane|JUST BECAUSE U USED SWITCHEROO
|c| KKKeane|AHAHAHa
|c| KKKeane|AHAHA
|leave|TheCanadianWifier
|c| KKKeane|AHAHAHA
|c| RowDog|save it
|
|switch|p2a: 3.98100|Noivern, M|40\/317
|-damage|p2a: 3.98100|0 fnt|[from] Stealth Rock
|faint|p2a: 3.98100
|
|win|NUG QoL
|c| SkywardSword596|LOL
|c| taloniceberg|OMG
|leave|NUA tennis
|c|★Bob the Bro|bg
|c| Starmie Sweep|gee gee
|c| RowDog|UU replay thread
|c| Teddeh|"preserve the 6-0"
|leave|Starmie Sweep
|c|★NUG QoL|shouldn't have have tricked imo
|leave|Hyunation
|c| tahapplepieman|wow
|leave|Kayo
|leave|tahapplepieman
|leave|terimaki_chod
|leave|Duskt70
|leave|Bob the Bro
|player|p2
|leave|NUG QoL
|player|p1
|leave|SkywardSword596
|leave|taloniceberg
|join|NUG QoL
|leave|KKKeane
|leave|Kyla's Nightmare
|leave|Teddeh
|leave|NUA Can
|leave|RU is Shit Tier
|leave|NUG QoL
|leave|I<3Magikarp
|leave|RowDog
|leave|fuck confuse
|leave|schlamaladingdong
|leave|HyperStrider
|leave|NUC The Goomy