|join|tedi:D
|join|Lord Qwilfish
|player|p1|tedi:D|70
|player|p2|Lord Qwilfish|265
|gametype|singles
|gen|4
|tier|[Gen 4] OU
|rule|Sleep Clause Mod: Limit one foe put to sleep
|rule|Species Clause: Limit one of each Pokémon
|rule|OHKO Clause: OHKO moves are banned
|rule|Moody Clause: Moody is banned
|rule|Evasion Moves Clause: Evasion moves are banned
|rule|Endless Battle Clause: Forcing endless battles is banned
|rule|HP Percentage Mod: HP is shown in percentages
|
|start
|switch|p1a: Magnezone|Magnezone|344\/344
|switch|p2a: Azelf|Azelf|291\/291
|turn|1
|
|move|p2a: Azelf|Stealth Rock|p1a: Magnezone
|-sidestart|p1: tedi:D|move: Stealth Rock
|move|p1a: Magnezone|Signal Beam|p2a: Azelf
|-supereffective|p2a: Azelf
|-enditem|p2a: Azelf|Focus Sash
|-damage|p2a: Azelf|1\/291
|-damage|p1a: Magnezone|310\/344|[from] item: Life Orb
|
|turn|2
|
|move|p2a: Azelf|Explosion|p1a: Magnezone
|-resisted|p1a: Magnezone
|-damage|p1a: Magnezone|101\/344
|faint|p2a: Azelf
|move|p1a: Magnezone|Signal Beam|p2: Azelf|[notarget]
|-notarget
|
|
|switch|p2a: Infernape|Infernape, M|293\/293
|turn|3
|
|switch|p1a: Skarmory|Skarmory, F|334\/334
|-damage|p1a: Skarmory|293\/334|[from] Stealth Rock
|move|p2a: Infernape|U-turn|p1a: Skarmory
|-resisted|p1a: Skarmory
|-damage|p1a: Skarmory|284\/334
|
|switch|p2a: Starmie|Starmie|323\/323
|
|turn|4
|
|switch|p1a: Blissey|Blissey, F|714\/714
|-damage|p1a: Blissey|625\/714|[from] Stealth Rock
|move|p2a: Starmie|Thunderbolt|p1a: Blissey
|-damage|p1a: Blissey|582\/714
|
|-heal|p1a: Blissey|626\/714|[from] item: Leftovers
|turn|5
|
|switch|p2a: Scizor|Scizor, M|331\/331
|move|p1a: Blissey|Toxic|p2a: Scizor
|-fail|p2a: Scizor
|
|-heal|p1a: Blissey|670\/714|[from] item: Leftovers
|turn|6
|
|switch|p1a: Skarmory|Skarmory, F|284\/334
|-damage|p1a: Skarmory|243\/334|[from] Stealth Rock
|move|p2a: Scizor|U-turn|p1a: Skarmory
|-resisted|p1a: Skarmory
|-damage|p1a: Skarmory|218\/334
|-damage|p2a: Scizor|298\/331|[from] item: Life Orb
|
|switch|p2a: Infernape|Infernape, M|293\/293
|
|turn|7
|
|move|p2a: Infernape|Overheat|p1a: Skarmory|[miss]
|-miss|p2a: Infernape|p1a: Skarmory
|move|p1a: Skarmory|Stealth Rock|p2a: Infernape
|-sidestart|p2: Lord Qwilfish|move: Stealth Rock
|
|turn|8
|c|★Lord Qwilfish|:\/
|
|switch|p2a: Scizor|Scizor, M|298\/331
|-damage|p2a: Scizor|257\/331|[from] Stealth Rock
|move|p1a: Skarmory|Brave Bird|p2a: Scizor
|-damage|p2a: Scizor|149\/331
|-damage|p1a: Skarmory|182\/334|[from] recoil|[of] p2a: Scizor
|
|turn|9
|c|★tedi:D|^^
|
|move|p2a: Scizor|Superpower|p1a: Skarmory
|-damage|p1a: Skarmory|58\/334
|-unboost|p2a: Scizor|atk|1
|-unboost|p2a: Scizor|def|1
|-damage|p2a: Scizor|116\/331|[from] item: Life Orb
|move|p1a: Skarmory|Roost|p1a: Skarmory
|-heal|p1a: Skarmory|225\/334
|
|turn|10
|
|switch|p2a: Starmie|Starmie|323\/323
|-damage|p2a: Starmie|283\/323|[from] Stealth Rock
|move|p1a: Skarmory|Brave Bird|p2a: Starmie
|-damage|p2a: Starmie|160\/323
|-damage|p1a: Skarmory|184\/334|[from] recoil|[of] p2a: Starmie
|
|-heal|p2a: Starmie|180\/323|[from] item: Leftovers
|turn|11
|
|switch|p2a: Infernape|Infernape, M|293\/293
|-damage|p2a: Infernape|257\/293|[from] Stealth Rock
|move|p1a: Skarmory|Roost|p1a: Skarmory
|-heal|p1a: Skarmory|334\/334
|
|turn|12
|
|move|p2a: Infernape|Overheat|p1a: Skarmory
|-supereffective|p1a: Skarmory
|-damage|p1a: Skarmory|0 fnt
|-unboost|p2a: Infernape|spa|2
|faint|p1a: Skarmory
|
|
|switch|p1a: Empoleon|Empoleon, M|372\/372
|-damage|p1a: Empoleon|349\/372|[from] Stealth Rock
|turn|13
|
|switch|p2a: Starmie|Starmie|180\/323
|-damage|p2a: Starmie|140\/323|[from] Stealth Rock
|move|p1a: Empoleon|Hydro Pump|p2a: Starmie
|-resisted|p2a: Starmie
|-damage|p2a: Starmie|0 fnt
|faint|p2a: Starmie
|
|c|★tedi:D|lol
|
|switch|p2a: Infernape|Infernape, M|257\/293
|-damage|p2a: Infernape|221\/293|[from] Stealth Rock
|turn|14
|
|switch|p1a: Magnezone|Magnezone|101\/344
|-damage|p1a: Magnezone|80\/344|[from] Stealth Rock
|move|p2a: Infernape|Close Combat|p1a: Magnezone
|-crit|p1a: Magnezone
|-supereffective|p1a: Magnezone
|-damage|p1a: Magnezone|0 fnt
|-unboost|p2a: Infernape|def|1
|-unboost|p2a: Infernape|spd|1
|faint|p1a: Magnezone
|
|c|★Lord Qwilfish|^^
|
|switch|p1a: Infernape|Infernape, M|293\/293
|-damage|p1a: Infernape|257\/293|[from] Stealth Rock
|turn|15
|c|★Lord Qwilfish|specs?
|
|switch|p2a: Gengar|Gengar, F|262\/262
|-damage|p2a: Gengar|230\/262|[from] Stealth Rock
|move|p1a: Infernape|Close Combat|p2a: Gengar
|-immune|p2a: Gengar|[msg]
|
|turn|16
|c|★tedi:D|ja
|
|move|p2a: Gengar|Substitute|p2a: Gengar
|-start|p2a: Gengar|Substitute
|-damage|p2a: Gengar|165\/262
|move|p1a: Infernape|Fire Punch|p2a: Gengar
|-end|p2a: Gengar|Substitute
|
|turn|17
|
|move|p2a: Gengar|Shadow Ball|p1a: Infernape
|-damage|p1a: Infernape|79\/293
|move|p1a: Infernape|Fire Punch|p2a: Gengar
|-damage|p2a: Gengar|0 fnt
|faint|p2a: Gengar
|
|
|switch|p2a: Scizor|Scizor, M|116\/331
|-damage|p2a: Scizor|75\/331|[from] Stealth Rock
|turn|18
|
|move|p1a: Infernape|Mach Punch|p2a: Scizor
|-damage|p2a: Scizor|15\/331
|move|p2a: Scizor|Quick Attack|p1a: Infernape
|-damage|p1a: Infernape|0 fnt
|-damage|p2a: Scizor|0 fnt|[from] item: Life Orb
|faint|p1a: Infernape
|faint|p2a: Scizor
|
|
|switch|p2a: Infernape|Infernape, M|221\/293
|-damage|p2a: Infernape|185\/293|[from] Stealth Rock
|switch|p1a: Lucario|Lucario, M|281\/281
|-damage|p1a: Lucario|273\/281|[from] Stealth Rock
|turn|19
|c|★tedi:D|item?
|c|★Lord Qwilfish|scarf
|
|move|p2a: Infernape|Close Combat|p1a: Lucario
|-supereffective|p1a: Lucario
|-damage|p1a: Lucario|0 fnt
|-unboost|p2a: Infernape|def|1
|-unboost|p2a: Infernape|spd|1
|faint|p1a: Lucario
|
|
|switch|p1a: Blissey|Blissey, F|670\/714
|-damage|p1a: Blissey|581\/714|[from] Stealth Rock
|turn|20
|c|★tedi:D|oh
|
|move|p2a: Infernape|Close Combat|p1a: Blissey
|-supereffective|p1a: Blissey
|-damage|p1a: Blissey|0 fnt
|-unboost|p2a: Infernape|def|1
|-unboost|p2a: Infernape|spd|1
|faint|p1a: Blissey
|
|c|★Lord Qwilfish|gg ^^
|
|switch|p1a: Empoleon|Empoleon, M|349\/372
|-damage|p1a: Empoleon|326\/372|[from] Stealth Rock
|turn|21
|c|★tedi:D|gg
|
|move|p2a: Infernape|Close Combat|p1a: Empoleon
|-supereffective|p1a: Empoleon
|-damage|p1a: Empoleon|6\/372
|-unboost|p2a: Infernape|def|1
|-unboost|p2a: Infernape|spd|1
|move|p1a: Empoleon|Hydro Pump|p2a: Infernape
|-supereffective|p2a: Infernape
|-damage|p2a: Infernape|0 fnt
|faint|p2a: Infernape
|
|c|★tedi:D|lol
|c|★Lord Qwilfish|lol
|
|switch|p2a: Dragonite|Dragonite, M|324\/324
|-damage|p2a: Dragonite|243\/324|[from] Stealth Rock
|turn|22
|c|★tedi:D|kein def investment
|
|move|p2a: Dragonite|Extreme Speed|p1a: Empoleon
|-resisted|p1a: Empoleon
|-damage|p1a: Empoleon|0 fnt
|-damage|p2a: Dragonite|211\/324|[from] item: Life Orb
|faint|p1a: Empoleon
|
|win|Lord Qwilfish
|c|★tedi:D|gg
|leave|tedi:D
|player|p1
|join|Naiba Kitato