|join|Leftiez
|join|Lord Qwilfish
|player|p1|Leftiez|144
|player|p2|Lord Qwilfish|1
|gametype|singles
|gen|6
|tier|OU
|clearpoke
|poke|p1|Landorus-Therian, M
|poke|p1|Manectric, M
|poke|p1|Heatran, M
|poke|p1|Greninja, F
|poke|p1|Latios, M
|poke|p1|Cobalion
|poke|p2|Hawlucha, M
|poke|p2|Scizor, F
|poke|p2|Manectric, F
|poke|p2|Mamoswine, M
|poke|p2|Latias, F
|poke|p2|Keldeo
|rule|Swagger Clause: Swagger is banned
|rule|Baton Pass Clause: Limit one Pokémon knowing Baton Pass
|rule|Sleep Clause Mod: Limit one foe put to sleep
|rule|Species Clause: Limit one of each Pokémon
|rule|OHKO Clause: OHKO moves are banned
|rule|Moody Clause: Moody is banned
|rule|Evasion Moves Clause: Evasion moves are banned
|rule|Endless Battle Clause: Forcing endless battles is banned
|rule|HP Percentage Mod: HP is shown in percentages
|teampreview
|join|nevmathe19stelys
|join|silverB0Y
|
|start
|switch|p1a: Cobalion|Cobalion|323\/323
|switch|p2a: Mamoswine|Mamoswine, M|361\/361
|turn|1
|join|Xopi
|c| silverB0Y|slt les gars
|join|ExilineFR
|c| nevmathe19stelys|coucou
|c| silverB0Y|bonne chance
|
|switch|p2a: Keldeo|Keldeo|323\/323
|move|p1a: Cobalion|Iron Head|p2a: Keldeo
|-resisted|p2a: Keldeo
|-damage|p2a: Keldeo|268\/323
|
|turn|2
|
|switch|p1a: Latios|Latios, M|302\/302
|move|p2a: Keldeo|Icy Wind|p1a: Latios
|-supereffective|p1a: Latios
|-damage|p1a: Latios|146\/302
|-unboost|p1a: Latios|spe|1
|-damage|p2a: Keldeo|236\/323|[from] item: Life Orb
|
|turn|3
|c| silverB0Y|aller leftiez
|
|switch|p1a: Heatran|Heatran, M|386\/386
|move|p2a: Keldeo|Icy Wind|p1a: Heatran
|-resisted|p1a: Heatran
|-damage|p1a: Heatran|370\/386
|-unboost|p1a: Heatran|spe|1
|-damage|p2a: Keldeo|204\/323|[from] item: Life Orb
|
|-heal|p1a: Heatran|386\/386|[from] item: Leftovers
|turn|4
|
|move|p2a: Keldeo|Hydro Pump|p1a: Heatran|[miss]
|-miss|p2a: Keldeo|p1a: Heatran
|move|p1a: Heatran|Stealth Rock|p2a: Keldeo
|-sidestart|p2: Lord Qwilfish|move: Stealth Rock
|
|turn|5
|c|★Leftiez|refait
|c|★Leftiez|je vais taunt
|
|move|p2a: Keldeo|Hydro Pump|p1a: Heatran
|-supereffective|p1a: Heatran
|-damage|p1a: Heatran|0 fnt
|-damage|p2a: Keldeo|172\/323|[from] item: Life Orb
|faint|p1a: Heatran
|
|c|★Leftiez|ok
|c|★Leftiez|LO
|c|★Leftiez|j'ai pas vu la LO
|c|★Leftiez|LMAO
|c|★Lord Qwilfish|lel
|
|switch|p1a: Greninja|Greninja, F|286\/286
|turn|6
|c| silverB0Y|Xd
|c| silverB0Y|xD
|c|★Leftiez|pour moi il était spec .-.
|c|★Leftiez|j'ai pas fait attention pg
|
|switch|p2a: Scizor|Scizor, F|344\/344
|-damage|p2a: Scizor|301\/344|[from] Stealth Rock
|move|p1a: Greninja|Hidden Power|p2a: Scizor
|-start|p1a: Greninja|typechange|Grass|[from] Protean
|-resisted|p2a: Scizor
|-damage|p2a: Scizor|265\/344
|-damage|p1a: Greninja|258\/286|[from] item: Life Orb
|
|turn|7
|
|move|p1a: Greninja|Hydro Pump|p2a: Scizor
|-start|p1a: Greninja|typechange|Water|[from] Protean
|-damage|p2a: Scizor|15\/344
|-damage|p1a: Greninja|230\/286|[from] item: Life Orb
|move|p2a: Scizor|U-turn|p1a: Greninja
|-damage|p1a: Greninja|0 fnt
|faint|p1a: Greninja
|c|★Leftiez|choked
|
|switch|p2a: Keldeo|Keldeo|172\/323
|-damage|p2a: Keldeo|152\/323|[from] Stealth Rock
|
|
|switch|p1a: Latios|Latios, M|146\/302
|turn|8
|join|hueyz
|
|move|p1a: Latios|Psyshock|p2a: Keldeo
|-supereffective|p2a: Keldeo
|-damage|p2a: Keldeo|0 fnt
|-damage|p1a: Latios|116\/302|[from] item: Life Orb
|faint|p2a: Keldeo
|
|c| silverB0Y|aller leftiez
|
|switch|p2a: Mamoswine|Mamoswine, M|361\/361
|-damage|p2a: Mamoswine|316\/361|[from] Stealth Rock
|turn|9
|join|The_Merphy
|c|★Leftiez|je le kill là
|c| silverB0Y|NOP
|c| silverB0Y|ice shard
|c|★Leftiez|si .-.
|c| silverB0Y|prio
|c|★Leftiez|il a pas
|
|switch|p1a: Cobalion|Cobalion|323\/323
|move|p2a: Mamoswine|Earthquake|p1a: Cobalion
|-supereffective|p1a: Cobalion
|-damage|p1a: Cobalion|0 fnt
|-damage|p2a: Mamoswine|280\/361|[from] item: Life Orb
|faint|p1a: Cobalion
|
|c|★Leftiez|LEL
|
|switch|p1a: Landorus-Therian|Landorus-Therian, M|325\/325
|-ability|p1a: Landorus-Therian|Intimidate|[of] p2a: Mamoswine
|-unboost|p2a: Mamoswine|atk|1
|turn|10
|c|★Leftiez|total outplay
|c| hueyz|sad part is
|c| hueyz|you don't even need latios
|join|Th3Ender
|c| hueyz|in the matchup anymore lol
|
|move|p2a: Mamoswine|Ice Shard|p1a: Landorus-Therian
|-supereffective|p1a: Landorus-Therian
|-damage|p1a: Landorus-Therian|13\/325
|-damage|p2a: Mamoswine|244\/361|[from] item: Life Orb
|move|p1a: Landorus-Therian|Superpower|p2a: Mamoswine
|-supereffective|p2a: Mamoswine
|-damage|p2a: Mamoswine|0 fnt
|-unboost|p1a: Landorus-Therian|atk|1
|-unboost|p1a: Landorus-Therian|def|1
|faint|p2a: Mamoswine
|
|c|★Leftiez|wanted to sac sac
|c| silverB0Y|a mon combat commence je vous laisse a plus tard
|c|★Leftiez|it*
|leave|silverB0Y
|
|switch|p2a: Latias|Latias, F|311\/311
|-damage|p2a: Latias|273\/311|[from] Stealth Rock
|turn|11
|
|switch|p1a: Latios|Latios, M|116\/302
|move|p2a: Latias|Defog|p1a: Latios
|-unboost|p1a: Latios|evasion|1
|-sideend|p2: Lord Qwilfish|Stealth Rock|[from] move: Defog|[of] p2a: Latias
|
|-heal|p2a: Latias|292\/311|[from] item: Leftovers
|turn|12
|
|move|p1a: Latios|Draco Meteor|p2a: Latias
|-supereffective|p2a: Latias
|-damage|p2a: Latias|0 fnt
|-unboost|p1a: Latios|spa|2
|-damage|p1a: Latios|86\/302|[from] item: Life Orb
|faint|p2a: Latias
|
|
|switch|p2a: Hawlucha|Hawlucha, M|297\/297
|turn|13
|
|move|p2a: Hawlucha|Substitute|p2a: Hawlucha
|-start|p2a: Hawlucha|Substitute
|-damage|p2a: Hawlucha|223\/297
|move|p1a: Latios|Psyshock|p2a: Hawlucha
|-supereffective|p2a: Hawlucha
|-end|p2a: Hawlucha|Substitute
|-damage|p1a: Latios|56\/302|[from] item: Life Orb
|
|turn|14
|
|move|p2a: Hawlucha|Substitute|p2a: Hawlucha
|-start|p2a: Hawlucha|Substitute
|-damage|p2a: Hawlucha|149\/297
|move|p1a: Latios|Psyshock|p2a: Hawlucha
|-supereffective|p2a: Hawlucha
|-end|p2a: Hawlucha|Substitute
|-damage|p1a: Latios|26\/302|[from] item: Life Orb
|
|turn|15
|
|move|p2a: Hawlucha|Substitute|p2a: Hawlucha
|-start|p2a: Hawlucha|Substitute
|-damage|p2a: Hawlucha|75\/297
|move|p1a: Latios|Psyshock|p2a: Hawlucha
|-supereffective|p2a: Hawlucha
|-end|p2a: Hawlucha|Substitute
|-damage|p1a: Latios|0 fnt|[from] item: Life Orb
|faint|p1a: Latios
|
|
|switch|p1a: Manectric|Manectric, M|281\/281
|turn|16
|c| hueyz|no sitrus?
|
|detailschange|p1a: Manectric|Manectric-Mega, M
|message|Manectric has Mega Evolved into Mega Manectric!
|-ability|p1a: Manectric|Intimidate|[of] p2a: Hawlucha
|-unboost|p2a: Hawlucha|atk|1
|move|p2a: Hawlucha|Substitute|p2a: Hawlucha
|-start|p2a: Hawlucha|Substitute
|-damage|p2a: Hawlucha|1\/297
|-enditem|p2a: Hawlucha|Liechi Berry|[eat]
|-boost|p2a: Hawlucha|atk|1|[from] item: Liechi Berry
|move|p1a: Manectric|Hidden Power|p2a: Hawlucha
|-supereffective|p2a: Hawlucha
|-end|p2a: Hawlucha|Substitute
|
|turn|17
|join|DFantasyy
|c|★Leftiez|lol
|c| hueyz|ah
|
|move|p2a: Hawlucha|High Jump Kick|p1a: Manectric
|-damage|p1a: Manectric|50\/281
|move|p1a: Manectric|Hidden Power|p2a: Hawlucha
|-crit|p2a: Hawlucha
|-supereffective|p2a: Hawlucha
|-damage|p2a: Hawlucha|0 fnt
|faint|p2a: Hawlucha
|
|c| hueyz|weak :o
|
|switch|p2a: Manectric|Manectric, F|281\/281
|turn|18
|
|detailschange|p2a: Manectric|Manectric-Mega, F
|message|Manectric has Mega Evolved into Mega Manectric!
|-ability|p2a: Manectric|Intimidate|[of] p1a: Manectric
|-unboost|p1a: Manectric|atk|1
|move|p1a: Manectric|Flamethrower|p2a: Manectric
|-damage|p2a: Manectric|141\/281
|move|p2a: Manectric|Flamethrower|p1a: Manectric
|-damage|p1a: Manectric|0 fnt
|faint|p1a: Manectric
|
|leave|DFantasyy
|c|★Leftiez|how i choked so hard ahah
|
|switch|p1a: Landorus-Therian|Landorus-Therian, M|13\/325
|-ability|p1a: Landorus-Therian|Intimidate|[of] p2a: Manectric
|-unboost|p2a: Manectric|atk|1
|turn|19
|
|move|p1a: Landorus-Therian|Earthquake|p2a: Manectric
|-supereffective|p2a: Manectric
|-damage|p2a: Manectric|0 fnt
|faint|p2a: Manectric
|
|
|switch|p2a: Scizor|Scizor, F|15\/344
|turn|20
|c|★Lord Qwilfish|gg
|
|move|p2a: Scizor|Bullet Punch|p1a: Landorus-Therian
|-damage|p1a: Landorus-Therian|0 fnt
|faint|p1a: Landorus-Therian
|
|win|Lord Qwilfish
|leave|The_Merphy
|c|★Leftiez|not a good game for me
|leave|Leftiez
|player|p1
|leave|hueyz
|leave|nevmathe19stelys
|leave|Xopi
|c| ExilineFR|gg
|leave|ExilineFR