|join|lil manaphy
|join|rnd900
|player|p1|lil manaphy|9
|player|p2|rnd900|170
|gametype|singles
|gen|6
|tier|OU
|rated
|clearpoke
|poke|p1|Gardevoir, M
|poke|p1|Keldeo
|poke|p1|Chansey, F
|poke|p1|Mandibuzz, F
|poke|p1|Amoonguss, M
|poke|p1|Landorus-Therian, M
|poke|p2|Lopunny, M
|poke|p2|Gliscor, M
|poke|p2|Heatran, F
|poke|p2|Latias, F
|poke|p2|Dragonite, M
|poke|p2|Azumarill, M
|rule|Swagger Clause: Swagger is banned
|rule|Baton Pass Clause: Limit one Pokémon knowing Baton Pass
|rule|Sleep Clause Mod: Limit one foe put to sleep
|rule|Species Clause: Limit one of each Pokémon
|rule|OHKO Clause: OHKO moves are banned
|rule|Moody Clause: Moody is banned
|rule|Evasion Moves Clause: Evasion moves are banned
|rule|Endless Battle Clause: Forcing endless battles is banned
|rule|HP Percentage Mod: HP is shown in percentages
|teampreview
|
|start
|switch|p1a: Keldeo|Keldeo|323\/323
|switch|p2a: Gliscor|Gliscor, M|352\/352
|turn|1
|join|EFilms
|
|move|p1a: Keldeo|Substitute|p1a: Keldeo
|-start|p1a: Keldeo|Substitute
|-damage|p1a: Keldeo|243\/323
|move|p2a: Gliscor|Roost|p2a: Gliscor
|-fail|p2a: Gliscor
|
|-heal|p1a: Keldeo|263\/323|[from] item: Leftovers
|-status|p2a: Gliscor|tox|[from] item: Toxic Orb
|turn|2
|
|switch|p2a: Latias|Latias, F|302\/302
|move|p1a: Keldeo|Scald|p2a: Latias
|-resisted|p2a: Latias
|-damage|p2a: Latias|240\/302
|
|-heal|p1a: Keldeo|283\/323|[from] item: Leftovers
|turn|3
|
|move|p2a: Latias|Psyshock|p1a: Keldeo
|-supereffective|p1a: Keldeo
|-end|p1a: Keldeo|Substitute
|-damage|p2a: Latias|210\/302|[from] item: Life Orb
|move|p1a: Keldeo|Scald|p2a: Latias
|-resisted|p2a: Latias
|-damage|p2a: Latias|151\/302
|-status|p2a: Latias|brn
|
|-heal|p1a: Keldeo|303\/323|[from] item: Leftovers
|-damage|p2a: Latias|114\/302 brn|[from] brn
|turn|4
|join|MoB Barley
|
|switch|p1a: Chansey|Chansey, F|703\/703
|move|p2a: Latias|Roost|p2a: Latias
|-heal|p2a: Latias|265\/302 brn
|
|-damage|p2a: Latias|228\/302 brn|[from] brn
|turn|5
|c| MoB Barley|is this your xy one
|c|★lil manaphy|ya
|
|switch|p2a: Heatran|Heatran, F|324\/324
|-item|p2a: Heatran|Air Balloon
|move|p1a: Chansey|Thunder Wave|p2a: Heatran
|-status|p2a: Heatran|par
|
|turn|6
|c| MoB Barley|i remember
|c| MoB Barley|ur best team of all time imo
|join|squirrelll
|c|★lil manaphy|aw thanks
|
|switch|p1a: Landorus-Therian|Landorus-Therian, M|382\/382
|-ability|p1a: Landorus-Therian|Intimidate|[of] p2a: Heatran
|-unboost|p2a: Heatran|atk|1
|move|p2a: Heatran|Stealth Rock|p1a: Landorus-Therian
|-sidestart|p1: lil manaphy|move: Stealth Rock
|
|turn|7
|
|move|p1a: Landorus-Therian|Stealth Rock|p2a: Heatran
|-sidestart|p2: rnd900|move: Stealth Rock
|move|p2a: Heatran|Will-O-Wisp|p1a: Landorus-Therian
|-status|p1a: Landorus-Therian|brn
|
|-damage|p1a: Landorus-Therian|335\/382 brn|[from] brn
|turn|8
|c| EFilms|Such creative names :p
|
|switch|p2a: Gliscor|Gliscor, M|352\/352 tox
|-damage|p2a: Gliscor|308\/352 tox|[from] Stealth Rock
|move|p1a: Landorus-Therian|U-turn|p2a: Gliscor
|-resisted|p2a: Gliscor
|-damage|p2a: Gliscor|291\/352 tox
|
|switch|p1a: Keldeo|Keldeo|303\/323
|-damage|p1a: Keldeo|283\/323|[from] Stealth Rock
|
|-heal|p1a: Keldeo|303\/323|[from] item: Leftovers
|-heal|p2a: Gliscor|335\/352 tox|[from] ability: Poison Heal
|turn|9
|
|switch|p2a: Latias|Latias, F|228\/302 brn
|-damage|p2a: Latias|191\/302 brn|[from] Stealth Rock
|move|p1a: Keldeo|Scald|p2a: Latias
|-resisted|p2a: Latias
|-damage|p2a: Latias|139\/302 brn
|
|-heal|p1a: Keldeo|323\/323|[from] item: Leftovers
|-damage|p2a: Latias|102\/302 brn|[from] brn
|turn|10
|
|switch|p2a: Lopunny|Lopunny, M|272\/272
|-damage|p2a: Lopunny|238\/272|[from] Stealth Rock
|switch|p1a: Gardevoir|Gardevoir, M|277\/277
|-damage|p1a: Gardevoir|243\/277|[from] Stealth Rock
|-ability|p1a: Gardevoir|Limber|[from] ability: Trace|[of] p2a: Lopunny
|
|turn|11
|
|switch|p1a: Landorus-Therian|Landorus-Therian, M|335\/382 brn
|-damage|p1a: Landorus-Therian|288\/382 brn|[from] Stealth Rock
|-ability|p1a: Landorus-Therian|Intimidate|[of] p2a: Lopunny
|-unboost|p2a: Lopunny|atk|1
|detailschange|p2a: Lopunny|Lopunny-Mega, M
|-mega|p2a: Lopunny|Lopunny|Lopunnite
|move|p2a: Lopunny|Return|p1a: Landorus-Therian
|-damage|p1a: Landorus-Therian|189\/382 brn
|
|-heal|p1a: Landorus-Therian|212\/382 brn|[from] item: Leftovers
|-damage|p1a: Landorus-Therian|165\/382 brn|[from] brn
|turn|12
|join|SuperSmoke
|
|switch|p2a: Azumarill|Azumarill, M|401\/401
|-damage|p2a: Azumarill|351\/401|[from] Stealth Rock
|switch|p1a: Amoonguss|Amoonguss, M|432\/432
|-damage|p1a: Amoonguss|378\/432|[from] Stealth Rock
|
|-heal|p1a: Amoonguss|405\/432|[from] item: Black Sludge
|turn|13
|join|terry41
|
|switch|p2a: Gliscor|Gliscor, M|335\/352 tox
|-damage|p2a: Gliscor|291\/352 tox|[from] Stealth Rock
|move|p1a: Amoonguss|Clear Smog|p2a: Gliscor
|-resisted|p2a: Gliscor
|-damage|p2a: Gliscor|267\/352 tox
|-clearboost|p2a: Gliscor
|
|-heal|p1a: Amoonguss|432\/432|[from] item: Black Sludge
|-heal|p2a: Gliscor|311\/352 tox|[from] ability: Poison Heal
|turn|14
|join|FNH
|leave|FNH
|
|switch|p1a: Keldeo|Keldeo|323\/323
|-damage|p1a: Keldeo|303\/323|[from] Stealth Rock
|move|p2a: Gliscor|Baton Pass|p2a: Gliscor
|join|Ryzed
|
|switch|p2a: Latias|Latias, F|102\/302 brn
|-damage|p2a: Latias|65\/302 brn|[from] Stealth Rock
|
|-heal|p1a: Keldeo|323\/323|[from] item: Leftovers
|-damage|p2a: Latias|28\/302 brn|[from] brn
|turn|15
|leave|SuperSmoke
|
|switch|p1a: Gardevoir|Gardevoir, M|243\/277
|-damage|p1a: Gardevoir|209\/277|[from] Stealth Rock
|-ability|p1a: Gardevoir|Levitate|[from] ability: Trace|[of] p2a: Latias
|move|p2a: Latias|Roost|p2a: Latias
|-heal|p2a: Latias|179\/302 brn
|
|-damage|p2a: Latias|142\/302 brn|[from] brn
|turn|16
|leave|MoB Barley
|join|daftmau5
|
|switch|p2a: Heatran|Heatran, F|324\/324 par
|-damage|p2a: Heatran|284\/324 par|[from] Stealth Rock
|-item|p2a: Heatran|Air Balloon
|detailschange|p1a: Gardevoir|Gardevoir-Mega, M
|-mega|p1a: Gardevoir|Gardevoir|Gardevoirite
|move|p1a: Gardevoir|Hyper Voice|p2a: Heatran
|-resisted|p2a: Heatran
|-damage|p2a: Heatran|230\/324 par
|-enditem|p2a: Heatran|Air Balloon
|
|turn|17
|
|switch|p2a: Latias|Latias, F|142\/302 brn
|-damage|p2a: Latias|105\/302 brn|[from] Stealth Rock
|move|p1a: Gardevoir|Focus Blast|p2a: Latias
|-resisted|p2a: Latias
|-damage|p2a: Latias|35\/302 brn
|
|-damage|p2a: Latias|0 fnt|[from] brn
|faint|p2a: Latias
|c|★rnd900|noooo
|c|★rnd900|misclick
|
|switch|p2a: Lopunny|Lopunny-Mega, M|238\/272
|-damage|p2a: Lopunny|221\/272|[from] Stealth Rock
|turn|18
|
|switch|p1a: Amoonguss|Amoonguss, M|432\/432
|-damage|p1a: Amoonguss|378\/432|[from] Stealth Rock
|move|p2a: Lopunny|Return|p1a: Amoonguss
|-damage|p1a: Amoonguss|200\/432
|
|-heal|p1a: Amoonguss|227\/432|[from] item: Black Sludge
|turn|19
|
|switch|p2a: Gliscor|Gliscor, M|311\/352 tox
|-damage|p2a: Gliscor|267\/352 tox|[from] Stealth Rock
|move|p1a: Amoonguss|Giga Drain|p2a: Gliscor
|-damage|p2a: Gliscor|197\/352 tox
|-heal|p1a: Amoonguss|262\/432|[from] drain|[of] p2a: Gliscor
|
|-heal|p1a: Amoonguss|289\/432|[from] item: Black Sludge
|-heal|p2a: Gliscor|241\/352 tox|[from] ability: Poison Heal
|turn|20
|join|FuqGliscore
|
|switch|p1a: Gardevoir|Gardevoir-Mega, M|209\/277
|-damage|p1a: Gardevoir|175\/277|[from] Stealth Rock
|move|p2a: Gliscor|Swords Dance|p2a: Gliscor
|-boost|p2a: Gliscor|atk|2
|
|-heal|p2a: Gliscor|285\/352 tox|[from] ability: Poison Heal
|turn|21
|
|move|p1a: Gardevoir|Hyper Voice|p2a: Gliscor
|-damage|p2a: Gliscor|38\/352 tox
|move|p2a: Gliscor|Baton Pass|p2a: Gliscor
|
|switch|p2a: Lopunny|Lopunny-Mega, M|221\/272
|-damage|p2a: Lopunny|204\/272|[from] Stealth Rock
|
|turn|22
|
|switch|p1a: Landorus-Therian|Landorus-Therian, M|165\/382 brn
|-damage|p1a: Landorus-Therian|118\/382 brn|[from] Stealth Rock
|-ability|p1a: Landorus-Therian|Intimidate|[of] p2a: Lopunny
|-unboost|p2a: Lopunny|atk|1
|move|p2a: Lopunny|Return|p1a: Landorus-Therian
|-damage|p1a: Landorus-Therian|0 fnt
|faint|p1a: Landorus-Therian
|
|
|switch|p1a: Amoonguss|Amoonguss, M|432\/432
|-damage|p1a: Amoonguss|378\/432|[from] Stealth Rock
|turn|23
|c| daftmau5|now there's a cool idea. sd pass glisc + lop
|
|move|p2a: Lopunny|Return|p1a: Amoonguss
|-damage|p1a: Amoonguss|123\/432
|move|p1a: Amoonguss|Spore|p2a: Lopunny
|-status|p2a: Lopunny|slp
|
|-heal|p1a: Amoonguss|150\/432|[from] item: Black Sludge
|turn|24
|
|cant|p2a: Lopunny|slp
|move|p1a: Amoonguss|Clear Smog|p2a: Lopunny
|-damage|p2a: Lopunny|150\/272 slp
|-clearboost|p2a: Lopunny
|
|-heal|p1a: Amoonguss|177\/432|[from] item: Black Sludge
|turn|25
|
|-curestatus|p2a: Lopunny|slp
|move|p2a: Lopunny|Return|p1a: Amoonguss
|-damage|p1a: Amoonguss|6\/432
|move|p1a: Amoonguss|Giga Drain|p2a: Lopunny
|-damage|p2a: Lopunny|72\/272
|-heal|p1a: Amoonguss|45\/432|[from] drain|[of] p2a: Lopunny
|
|-heal|p1a: Amoonguss|72\/432|[from] item: Black Sludge
|turn|26
|
|switch|p1a: Chansey|Chansey, F|703\/703
|-damage|p1a: Chansey|616\/703|[from] Stealth Rock
|move|p2a: Lopunny|High Jump Kick|p1a: Chansey
|-supereffective|p1a: Chansey
|-damage|p1a: Chansey|0 fnt
|faint|p1a: Chansey
|
|
|switch|p1a: Mandibuzz|Mandibuzz, F|423\/423
|-damage|p1a: Mandibuzz|318\/423|[from] Stealth Rock
|turn|27
|c| EFilms|..
|c| Ryzed|wtf that predict
|c| daftmau5|chansey is the least useful
|c| EFilms|blissey is very though chansey uhh
|c| daftmau5|though amoong seems kinda dead so idk
|c| Ryzed|that was so ballsy tho
|
|switch|p2a: Gliscor|Gliscor, M|38\/352 tox
|-damage|p2a: Gliscor|0 fnt|[from] Stealth Rock
|faint|p2a: Gliscor
|move|p1a: Mandibuzz|Roost|p1a: Mandibuzz
|-heal|p1a: Mandibuzz|423\/423
|
|c| Ryzed|return + HJK wouldve been fine if he was trying to sac chans
|c| daftmau5|yeah but if mana went to mandi
|c| daftmau5|2 hjks ko after rocks
|
|switch|p2a: Azumarill|Azumarill, M|351\/401
|-damage|p2a: Azumarill|301\/401|[from] Stealth Rock
|turn|28
|
|move|p1a: Mandibuzz|Taunt|p2a: Azumarill
|-start|p2a: Azumarill|move: Taunt
|move|p2a: Azumarill|Play Rough|p1a: Mandibuzz
|-supereffective|p1a: Mandibuzz
|-damage|p1a: Mandibuzz|159\/423
|-damage|p2a: Azumarill|235\/401|[from] item: Rocky Helmet|[of] p1a: Mandibuzz
|
|turn|29
|
|move|p1a: Mandibuzz|Roost|p1a: Mandibuzz
|-heal|p1a: Mandibuzz|371\/423
|move|p2a: Azumarill|Play Rough|p1a: Mandibuzz
|-supereffective|p1a: Mandibuzz
|-damage|p1a: Mandibuzz|105\/423
|-damage|p2a: Azumarill|169\/401|[from] item: Rocky Helmet|[of] p1a: Mandibuzz
|-unboost|p1a: Mandibuzz|atk|1
|
|turn|30
|
|move|p1a: Mandibuzz|Roost|p1a: Mandibuzz
|-heal|p1a: Mandibuzz|317\/423
|move|p2a: Azumarill|Play Rough|p1a: Mandibuzz
|-supereffective|p1a: Mandibuzz
|-damage|p1a: Mandibuzz|47\/423
|-damage|p2a: Azumarill|103\/401|[from] item: Rocky Helmet|[of] p1a: Mandibuzz
|
|-end|p2a: Azumarill|move: Taunt
|turn|31
|
|move|p2a: Azumarill|Aqua Jet|p1a: Mandibuzz
|-damage|p1a: Mandibuzz|0 fnt
|-damage|p2a: Azumarill|37\/401|[from] item: Rocky Helmet|[of] p1a: Mandibuzz
|faint|p1a: Mandibuzz
|
|
|switch|p1a: Keldeo|Keldeo|323\/323
|-damage|p1a: Keldeo|303\/323|[from] Stealth Rock
|turn|32
|
|move|p1a: Keldeo|Substitute|p1a: Keldeo
|-start|p1a: Keldeo|Substitute
|-damage|p1a: Keldeo|223\/323
|move|p2a: Azumarill|Waterfall|p1a: Keldeo
|-resisted|p1a: Keldeo
|-end|p1a: Keldeo|Substitute
|
|-heal|p1a: Keldeo|243\/323|[from] item: Leftovers
|turn|33
|
|move|p1a: Keldeo|Scald|p2a: Azumarill
|-resisted|p2a: Azumarill
|-damage|p2a: Azumarill|0 fnt
|faint|p2a: Azumarill
|
|-heal|p1a: Keldeo|263\/323|[from] item: Leftovers
|
|switch|p2a: Arceus Jr.|Dragonite, M|323\/323
|-damage|p2a: Arceus Jr.|243\/323|[from] Stealth Rock
|turn|34
|
|move|p2a: Arceus Jr.|Extreme Speed|p1a: Keldeo
|-damage|p1a: Keldeo|84\/323
|move|p1a: Keldeo|Scald|p2a: Arceus Jr.
|-resisted|p2a: Arceus Jr.
|-damage|p2a: Arceus Jr.|172\/323
|-status|p2a: Arceus Jr.|brn
|
|-heal|p1a: Keldeo|104\/323|[from] item: Leftovers
|-damage|p2a: Arceus Jr.|132\/323 brn|[from] brn
|turn|35
|c| Ryzed|that 30%
|
|switch|p1a: Amoonguss|Amoonguss, M|216\/432
|-damage|p1a: Amoonguss|162\/432|[from] Stealth Rock
|move|p2a: Arceus Jr.|Extreme Speed|p1a: Amoonguss
|-damage|p1a: Amoonguss|87\/432
|
|-heal|p1a: Amoonguss|114\/432|[from] item: Black Sludge
|-damage|p2a: Arceus Jr.|92\/323 brn|[from] brn
|turn|36
|
|switch|p1a: Gardevoir|Gardevoir-Mega, M|175\/277
|-damage|p1a: Gardevoir|141\/277|[from] Stealth Rock
|move|p2a: Arceus Jr.|Extreme Speed|p1a: Gardevoir
|-damage|p1a: Gardevoir|20\/277
|
|-damage|p2a: Arceus Jr.|52\/323 brn|[from] brn
|turn|37
|
|switch|p1a: Amoonguss|Amoonguss, M|258\/432
|-damage|p1a: Amoonguss|204\/432|[from] Stealth Rock
|move|p2a: Arceus Jr.|Extreme Speed|p1a: Amoonguss
|-damage|p1a: Amoonguss|137\/432
|
|-heal|p1a: Amoonguss|164\/432|[from] item: Black Sludge
|-damage|p2a: Arceus Jr.|12\/323 brn|[from] brn
|turn|38
|c| EFilms|who will faint
|
|switch|p1a: Gardevoir|Gardevoir-Mega, M|20\/277
|-damage|p1a: Gardevoir|0 fnt|[from] Stealth Rock
|faint|p1a: Gardevoir
|move|p2a: Arceus Jr.|Extreme Speed|p1: Gardevoir|[notarget]
|-notarget
|
|-damage|p2a: Arceus Jr.|0 fnt|[from] brn
|faint|p2a: Arceus Jr.
|c| EFilms|why??
|c| daftmau5|so amoong regens
|c| Ryzed|lil manaphy is losing here
|c| EFilms|killed it no is good
|c|★rnd900|that burn...
|c| Ryzed|actually 50 50
|c| Ryzed|heatran vs keldeo rnd loses
|c| Ryzed|amoong vs heatran rnd wins
|
|switch|p1a: Amoonguss|Amoonguss, M|308\/432
|switch|p2a: Heatran|Heatran, F|230\/324 par
|-damage|p1a: Amoonguss|254\/432|[from] Stealth Rock
|-damage|p2a: Heatran|190\/324 par|[from] Stealth Rock
|turn|39
|c| Ryzed|keldeo vs loppunny rnd wins
|c| Ryzed|go parahax
|c| daftmau5|ez para
|
|switch|p1a: Keldeo|Keldeo|104\/323
|-damage|p1a: Keldeo|84\/323|[from] Stealth Rock
|switch|p2a: Lopunny|Lopunny-Mega, M|72\/272
|-damage|p2a: Lopunny|55\/272|[from] Stealth Rock
|
|-heal|p1a: Keldeo|104\/323|[from] item: Leftovers
|turn|40
|c| Ryzed|double here
|c| Ryzed|HA
|c| Ryzed|gg
|
|switch|p1a: Amoonguss|Amoonguss, M|398\/432
|-damage|p1a: Amoonguss|344\/432|[from] Stealth Rock
|move|p2a: Lopunny|Return|p1a: Amoonguss
|-damage|p1a: Amoonguss|163\/432
|
|-heal|p1a: Amoonguss|190\/432|[from] item: Black Sludge
|turn|41
|c| Ryzed|actually wait
|c| EFilms|you called it
|c| Ryzed|it regened
|c| Ryzed|so lil manaphy has a shot
|
|switch|p2a: Heatran|Heatran, F|190\/324 par
|-damage|p2a: Heatran|150\/324 par|[from] Stealth Rock
|move|p1a: Amoonguss|Giga Drain|p2a: Heatran
|-crit|p2a: Heatran
|-resisted|p2a: Heatran
|-damage|p2a: Heatran|122\/324 par
|-heal|p1a: Amoonguss|204\/432|[from] drain|[of] p2a: Heatran
|
|-heal|p1a: Amoonguss|231\/432|[from] item: Black Sludge
|turn|42
|c| Ryzed|nope no double here
|c| EFilms|unless heatran has fissure
|c| Ryzed|you cant double coz it will just regen
|c| Ryzed|you have to risk para
|
|switch|p2a: Lopunny|Lopunny-Mega, M|55\/272
|-damage|p2a: Lopunny|38\/272|[from] Stealth Rock
|move|p1a: Amoonguss|Giga Drain|p2a: Lopunny
|-damage|p2a: Lopunny|0 fnt
|-heal|p1a: Amoonguss|250\/432|[from] drain|[of] p2a: Lopunny
|faint|p2a: Lopunny
|
|-heal|p1a: Amoonguss|277\/432|[from] item: Black Sludge
|c| EFilms|so suspenceful
|c| Ryzed|wot
|c| EFilms|o_0
|c|★rnd900|yeah, that burn won the game
|
|switch|p2a: Heatran|Heatran, F|122\/324 par
|-damage|p2a: Heatran|82\/324 par|[from] Stealth Rock
|turn|43
|c| Ryzed|why didnt you just risk the para
|
|move|p1a: Amoonguss|Giga Drain|p2a: Heatran
|-resisted|p2a: Heatran
|-damage|p2a: Heatran|64\/324 par
|-heal|p1a: Amoonguss|286\/432|[from] drain|[of] p2a: Heatran
|cant|p2a: Heatran|par
|
|-heal|p1a: Amoonguss|313\/432|[from] item: Black Sludge
|turn|44
|c| Ryzed|even if he goes to keldeo
|c| EFilms|who will win?
|c| daftmau5|cos if mana switched on the double
|c| Ryzed|he goes back to amonng
|
|move|p1a: Amoonguss|Giga Drain|p2a: Heatran
|-resisted|p2a: Heatran
|-damage|p2a: Heatran|45\/324 par
|-heal|p1a: Amoonguss|323\/432|[from] drain|[of] p2a: Heatran
|move|p2a: Heatran|Lava Plume|p1a: Amoonguss
|-crit|p1a: Amoonguss
|-supereffective|p1a: Amoonguss
|-damage|p1a: Amoonguss|0 fnt
|faint|p1a: Amoonguss
|
|c| Ryzed|and it will regen
|c| daftmau5|lop 2hkos everything
|c| EFilms|ooooh
|c| Ryzed|it still doesnt 2hko coz of regen
|
|switch|p1a: Keldeo|Keldeo|104\/323
|-damage|p1a: Keldeo|84\/323|[from] Stealth Rock
|turn|45
|c| Ryzed|that was my points
|c| daftmau5|it did 42% last time
|c| Ryzed|point*
|c|★rnd900|quick claw earth power heatran
|c| Ryzed|it was at 56%
|c| daftmau5|that's 84 + 12% rocks
|c| Ryzed|so 88%
|c| Ryzed|89% actually
|
|move|p1a: Keldeo|Scald|p2a: Heatran
|-supereffective|p2a: Heatran
|-damage|p2a: Heatran|0 fnt
|faint|p2a: Heatran
|
|win|lil manaphy
|raw|Ladder updating...
|raw|lil manaphy's rating: 1778 &rarr; <strong>1798<\/strong><br \/>(+20 for winning)
|raw|rnd900's rating: 1789 &rarr; <strong>1769<\/strong><br \/>(-20 for losing)
|c| EFilms|gg
|c|★rnd900|gg
|c| daftmau5|okay but 84%+12% = 96
|c| Ryzed|so - rocks is 77% + lefties 83%
|c| daftmau5|which is 89 + 1 turn of lefties
|leave|rnd900