|join|rnd900
|join|ota666
|player|p1|rnd900|1
|player|p2|ota666|1
|gametype|singles
|gen|6
|tier|OU
|rated
|clearpoke
|poke|p1|Lopunny, F
|poke|p1|Gliscor, M
|poke|p1|Heatran, M
|poke|p1|Latias, F
|poke|p1|Dragonite, M
|poke|p1|Azumarill, F
|poke|p2|Lopunny, F
|poke|p2|Skarmory, F
|poke|p2|Breloom, F
|poke|p2|Azumarill, M
|poke|p2|Bisharp, M
|poke|p2|Gengar, M
|rule|Swagger Clause: Swagger is banned
|rule|Baton Pass Clause: Limit one Pokémon knowing Baton Pass
|rule|Sleep Clause Mod: Limit one foe put to sleep
|rule|Species Clause: Limit one of each Pokémon
|rule|OHKO Clause: OHKO moves are banned
|rule|Moody Clause: Moody is banned
|rule|Evasion Moves Clause: Evasion moves are banned
|rule|Endless Battle Clause: Forcing endless battles is banned
|rule|HP Percentage Mod: HP is shown in percentages
|teampreview
|
|start
|switch|p1a: Heatran|Heatran, M|324\/324
|switch|p2a: Breloom|Breloom, F|261\/261
|-item|p1a: Heatran|Air Balloon
|turn|1
|
|move|p1a: Heatran|Taunt|p2a: Breloom
|-start|p2a: Breloom|move: Taunt
|cant|p2a: Breloom|move: Taunt|Spore
|
|turn|2
|
|move|p2a: Breloom|Mach Punch|p1a: Heatran
|-supereffective|p1a: Heatran
|-damage|p1a: Heatran|130\/324
|-enditem|p1a: Heatran|Air Balloon
|move|p1a: Heatran|Stealth Rock|p2a: Breloom
|-sidestart|p2: ota666|move: Stealth Rock
|
|turn|3
|
|switch|p1a: Gliscor|Gliscor, M|352\/352
|switch|p2a: Azumarill|Azumarill, M|358\/358
|-damage|p2a: Azumarill|314\/358|[from] Stealth Rock
|
|-status|p1a: Gliscor|tox|[from] item: Toxic Orb
|turn|4
|
|move|p1a: Gliscor|Earthquake|p2a: Azumarill
|-damage|p2a: Azumarill|187\/358
|move|p2a: Azumarill|Play Rough|p1a: Gliscor
|-damage|p1a: Gliscor|201\/352 tox
|
|-heal|p1a: Gliscor|245\/352 tox|[from] ability: Poison Heal
|turn|5
|
|switch|p1a: Azumarill|Azumarill, F|401\/401
|move|p2a: Azumarill|Aqua Jet|p1a: Azumarill
|-resisted|p1a: Azumarill
|-damage|p1a: Azumarill|350\/401
|
|turn|6
|
|move|p2a: Azumarill|Knock Off|p1a: Azumarill
|-resisted|p1a: Azumarill
|-damage|p1a: Azumarill|260\/401
|-enditem|p1a: Azumarill|Assault Vest|[from] move: Knock Off|[of] p2a: Azumarill
|move|p1a: Azumarill|Knock Off|p2a: Azumarill
|-crit|p2a: Azumarill
|-resisted|p2a: Azumarill
|-damage|p2a: Azumarill|67\/358
|-enditem|p2a: Azumarill|Sitrus Berry|[from] move: Knock Off|[of] p1a: Azumarill
|
|turn|7
|
|move|p2a: Azumarill|Play Rough|p1a: Azumarill
|-damage|p1a: Azumarill|14\/401
|move|p1a: Azumarill|Waterfall|p2a: Azumarill
|-resisted|p2a: Azumarill
|-damage|p2a: Azumarill|0 fnt
|faint|p2a: Azumarill
|
|
|switch|p2a: Skarmory|Skarmory, F|271\/271
|-damage|p2a: Skarmory|238\/271|[from] Stealth Rock
|turn|8
|
|switch|p1a: Heatran|Heatran, M|130\/324
|move|p2a: Skarmory|Brave Bird|p1a: Heatran
|-resisted|p1a: Heatran
|-damage|p1a: Heatran|59\/324
|-damage|p2a: Skarmory|215\/271|[from] recoil|[of] p1a: Heatran
|
|turn|9
|
|move|p1a: Heatran|Lava Plume|p2a: Skarmory
|-supereffective|p2a: Skarmory
|-damage|p2a: Skarmory|0 fnt
|faint|p2a: Skarmory
|
|
|switch|p2a: Breloom|Breloom, F|261\/261
|-damage|p2a: Breloom|245\/261|[from] Stealth Rock
|turn|10
|
|switch|p1a: Azumarill|Azumarill, F|14\/401
|move|p2a: Breloom|Bullet Seed|p1a: Azumarill
|-supereffective|p1a: Azumarill
|-damage|p1a: Azumarill|0 fnt
|-hitcount|p1a: Azumarill|1
|faint|p1a: Azumarill
|
|
|switch|p1a: Latias|Latias, F|302\/302
|turn|11
|
|move|p1a: Latias|Draco Meteor|p2a: Breloom
|-damage|p2a: Breloom|0 fnt
|-unboost|p1a: Latias|spa|2
|-damage|p1a: Latias|272\/302|[from] item: Life Orb
|faint|p2a: Breloom
|
|
|switch|p2a: Bisharp|Bisharp, M|272\/272
|-damage|p2a: Bisharp|255\/272|[from] Stealth Rock
|turn|12
|
|switch|p1a: Heatran|Heatran, M|59\/324
|move|p2a: Bisharp|Swords Dance|p2a: Bisharp
|-boost|p2a: Bisharp|atk|2
|
|turn|13
|
|move|p2a: Bisharp|Sucker Punch|p1a: Heatran
|-fail|p1a: Heatran
|move|p1a: Heatran|Will-O-Wisp|p2a: Bisharp
|-status|p2a: Bisharp|brn
|
|-damage|p2a: Bisharp|221\/272 brn|[from] brn
|turn|14
|-message|ota666 forfeited.
|leave|ota666
|
|win|rnd900
|raw|Ladder updating...
|player|p2
|raw|rnd900's rating: 1753 &rarr; <strong>1759<\/strong><br \/>(+6 for winning)
|raw|ota666's rating: 1457 &rarr; <strong>1451<\/strong><br \/>(-6 for losing)