|join|Urielle
|join|okcoolyo
|player|p1|Urielle|264
|player|p2|okcoolyo|101
|gametype|singles
|gen|6
|tier|OU
|rated
|clearpoke
|poke|p1|Landorus-Therian, M
|poke|p1|Latias, F
|poke|p1|Scizor, M
|poke|p1|Slowbro, M
|poke|p1|Mew
|poke|p1|Ferrothorn, M
|poke|p2|Mew
|poke|p2|Tyranitar, F
|poke|p2|Skarmory, F
|poke|p2|Heatran, F
|poke|p2|Keldeo
|poke|p2|Venusaur, M
|rule|Swagger Clause: Swagger is banned
|rule|Baton Pass Clause: Limit one Pokémon knowing Baton Pass
|rule|Sleep Clause Mod: Limit one foe put to sleep
|rule|Species Clause: Limit one of each Pokémon
|rule|OHKO Clause: OHKO moves are banned
|rule|Moody Clause: Moody is banned
|rule|Evasion Moves Clause: Evasion moves are banned
|rule|Endless Battle Clause: Forcing endless battles is banned
|rule|HP Percentage Mod: HP is shown in percentages
|teampreview
|
|start
|switch|p1a: Mew|Mew|404\/404
|switch|p2a: Tyranitar|Tyranitar, F|341\/341
|-weather|Sandstorm
|turn|1
|
|switch|p2a: Heatran|Heatran, F|381\/381
|move|p1a: Mew|Will-O-Wisp|p2a: Heatran
|-start|p2a: Heatran|ability: Flash Fire
|
|-weather|Sandstorm|[upkeep]
|-damage|p1a: Mew|379\/404|[from] sandstorm
|-heal|p1a: Mew|404\/404|[from] item: Leftovers
|turn|2
|
|move|p1a: Mew|Stealth Rock|p2a: Heatran
|-sidestart|p2: okcoolyo|move: Stealth Rock
|move|p2a: Heatran|Will-O-Wisp|p1a: Mew|[miss]
|-miss|p2a: Heatran|p1a: Mew
|
|-weather|Sandstorm|[upkeep]
|-damage|p1a: Mew|379\/404|[from] sandstorm
|-heal|p1a: Mew|404\/404|[from] item: Leftovers
|turn|3
|
|move|p1a: Mew|Knock Off|p2a: Heatran
|-damage|p2a: Heatran|303\/381
|-enditem|p2a: Heatran|Leftovers|[from] move: Knock Off|[of] p1a: Mew
|move|p2a: Heatran|Stealth Rock|p1a: Mew
|-sidestart|p1: Urielle|move: Stealth Rock
|
|-weather|Sandstorm|[upkeep]
|-damage|p1a: Mew|379\/404|[from] sandstorm
|-heal|p1a: Mew|404\/404|[from] item: Leftovers
|turn|4
|
|switch|p1a: Slowbro|Slowbro, M|394\/394
|-damage|p1a: Slowbro|345\/394|[from] Stealth Rock
|move|p2a: Heatran|Will-O-Wisp|p1a: Slowbro
|-status|p1a: Slowbro|brn
|
|-weather|Sandstorm|[upkeep]
|-damage|p1a: Slowbro|321\/394 brn|[from] sandstorm
|-heal|p1a: Slowbro|345\/394 brn|[from] item: Leftovers
|-damage|p1a: Slowbro|296\/394 brn|[from] brn
|turn|5
|
|switch|p2a: Mew|Mew|404\/404
|-damage|p2a: Mew|354\/404|[from] Stealth Rock
|move|p1a: Slowbro|Toxic|p2a: Mew
|-status|p2a: Mew|tox
|
|-weather|none
|-heal|p2a: Mew|379\/404 tox|[from] item: Leftovers
|-heal|p1a: Slowbro|320\/394 brn|[from] item: Leftovers
|-damage|p2a: Mew|354\/404 tox|[from] psn
|-damage|p1a: Slowbro|271\/394 brn|[from] brn
|turn|6
|
|switch|p1a: Ferrothorn|Ferrothorn, M|352\/352
|-damage|p1a: Ferrothorn|330\/352|[from] Stealth Rock
|move|p2a: Mew|Taunt|p1a: Ferrothorn
|-start|p1a: Ferrothorn|move: Taunt
|
|-heal|p2a: Mew|379\/404 tox|[from] item: Leftovers
|-damage|p2a: Mew|329\/404 tox|[from] psn
|turn|7
|
|switch|p1a: Slowbro|Slowbro, M|394\/394 brn
|-damage|p1a: Slowbro|345\/394 brn|[from] Stealth Rock
|move|p2a: Mew|Will-O-Wisp|p1a: Slowbro|[miss]
|-miss|p2a: Mew|p1a: Slowbro
|
|-heal|p2a: Mew|354\/404 tox|[from] item: Leftovers
|-heal|p1a: Slowbro|369\/394 brn|[from] item: Leftovers
|-damage|p2a: Mew|279\/404 tox|[from] psn
|-damage|p1a: Slowbro|320\/394 brn|[from] brn
|turn|8
|
|switch|p2a: Venusaur|Venusaur, M|361\/361
|-damage|p2a: Venusaur|316\/361|[from] Stealth Rock
|move|p1a: Slowbro|Scald|p2a: Venusaur
|-resisted|p2a: Venusaur
|-damage|p2a: Venusaur|283\/361
|
|-heal|p1a: Slowbro|344\/394 brn|[from] item: Leftovers
|-damage|p1a: Slowbro|295\/394 brn|[from] brn
|turn|9
|
|switch|p2a: Heatran|Heatran, F|303\/381
|-damage|p2a: Heatran|256\/381|[from] Stealth Rock
|switch|p1a: Mew|Mew|404\/404
|-damage|p1a: Mew|354\/404|[from] Stealth Rock
|
|-heal|p1a: Mew|379\/404|[from] item: Leftovers
|turn|10
|
|switch|p1a: Slowbro|Slowbro, M|394\/394 brn
|-damage|p1a: Slowbro|345\/394 brn|[from] Stealth Rock
|move|p2a: Heatran|Lava Plume|p1a: Slowbro
|-crit|p1a: Slowbro
|-resisted|p1a: Slowbro
|-damage|p1a: Slowbro|237\/394 brn
|
|-heal|p1a: Slowbro|261\/394 brn|[from] item: Leftovers
|-damage|p1a: Slowbro|212\/394 brn|[from] brn
|turn|11
|
|move|p2a: Heatran|Lava Plume|p1a: Slowbro
|-resisted|p1a: Slowbro
|-damage|p1a: Slowbro|147\/394 brn
|move|p1a: Slowbro|Slack Off|p1a: Slowbro
|-heal|p1a: Slowbro|344\/394 brn
|
|-heal|p1a: Slowbro|368\/394 brn|[from] item: Leftovers
|-damage|p1a: Slowbro|319\/394 brn|[from] brn
|turn|12
|
|switch|p2a: Skarmory|Skarmory, F|334\/334
|-damage|p2a: Skarmory|293\/334|[from] Stealth Rock
|move|p1a: Slowbro|Scald|p2a: Skarmory
|-crit|p2a: Skarmory
|-damage|p2a: Skarmory|94\/334
|
|-heal|p1a: Slowbro|343\/394 brn|[from] item: Leftovers
|-damage|p1a: Slowbro|294\/394 brn|[from] brn
|turn|13
|
|switch|p2a: Keldeo|Keldeo|323\/323
|-damage|p2a: Keldeo|303\/323|[from] Stealth Rock
|move|p1a: Slowbro|Scald|p2a: Keldeo
|-resisted|p2a: Keldeo
|-damage|p2a: Keldeo|252\/323
|
|-heal|p2a: Keldeo|272\/323|[from] item: Leftovers
|-heal|p1a: Slowbro|318\/394 brn|[from] item: Leftovers
|-damage|p1a: Slowbro|269\/394 brn|[from] brn
|turn|14
|
|move|p2a: Keldeo|Calm Mind|p2a: Keldeo
|-boost|p2a: Keldeo|spa|1
|-boost|p2a: Keldeo|spd|1
|move|p1a: Slowbro|Toxic|p2a: Keldeo
|-status|p2a: Keldeo|tox
|
|-heal|p2a: Keldeo|292\/323 tox|[from] item: Leftovers
|-heal|p1a: Slowbro|293\/394 brn|[from] item: Leftovers
|-damage|p2a: Keldeo|272\/323 tox|[from] psn
|-damage|p1a: Slowbro|244\/394 brn|[from] brn
|turn|15
|
|move|p2a: Keldeo|Calm Mind|p2a: Keldeo
|-boost|p2a: Keldeo|spa|1
|-boost|p2a: Keldeo|spd|1
|move|p1a: Slowbro|Slack Off|p1a: Slowbro
|-heal|p1a: Slowbro|394\/394 brn
|
|-heal|p2a: Keldeo|292\/323 tox|[from] item: Leftovers
|-damage|p2a: Keldeo|252\/323 tox|[from] psn
|-damage|p1a: Slowbro|345\/394 brn|[from] brn
|turn|16
|
|move|p2a: Keldeo|Hydro Pump|p1a: Slowbro
|-resisted|p1a: Slowbro
|-damage|p1a: Slowbro|123\/394 brn
|move|p1a: Slowbro|Scald|p2a: Keldeo
|-resisted|p2a: Keldeo
|-damage|p2a: Keldeo|225\/323 tox
|
|-heal|p2a: Keldeo|245\/323 tox|[from] item: Leftovers
|-heal|p1a: Slowbro|147\/394 brn|[from] item: Leftovers
|-damage|p2a: Keldeo|185\/323 tox|[from] psn
|-damage|p1a: Slowbro|98\/394 brn|[from] brn
|turn|17
|
|switch|p1a: Ferrothorn|Ferrothorn, M|330\/352
|-damage|p1a: Ferrothorn|308\/352|[from] Stealth Rock
|move|p2a: Keldeo|Secret Sword|p1a: Ferrothorn
|-supereffective|p1a: Ferrothorn
|-damage|p1a: Ferrothorn|0 fnt
|faint|p1a: Ferrothorn
|
|-heal|p2a: Keldeo|205\/323 tox|[from] item: Leftovers
|-damage|p2a: Keldeo|125\/323 tox|[from] psn
|
|switch|p1a: Latias|Latias, F|364\/364
|-damage|p1a: Latias|319\/364|[from] Stealth Rock
|turn|18
|
|switch|p2a: Tyranitar|Tyranitar, F|341\/341
|-damage|p2a: Tyranitar|299\/341|[from] Stealth Rock
|-weather|Sandstorm
|move|p1a: Latias|Psyshock|p2a: Tyranitar
|-immune|p2a: Tyranitar|[msg]
|
|-weather|Sandstorm|[upkeep]
|-damage|p1a: Latias|297\/364|[from] sandstorm
|turn|19
|
|move|p2a: Tyranitar|Pursuit|p1a: Latias|[from]Pursuit
|-supereffective|p1a: Latias
|-damage|p1a: Latias|0 fnt
|faint|p1a: Latias
|
|-weather|Sandstorm|[upkeep]
|
|switch|p1a: Landorus-Therian|Landorus-Therian, M|320\/320
|-damage|p1a: Landorus-Therian|280\/320|[from] Stealth Rock
|-ability|p1a: Landorus-Therian|Intimidate|[of] p2a: Tyranitar
|-unboost|p2a: Tyranitar|atk|1
|turn|20
|
|move|p1a: Landorus-Therian|U-turn|p2a: Tyranitar
|-supereffective|p2a: Tyranitar
|-damage|p2a: Tyranitar|131\/341
|
|move|p2a: Tyranitar|Pursuit|p1a: Landorus-Therian|[from]Pursuit
|-damage|p1a: Landorus-Therian|166\/320
|switch|p1a: Scizor|Scizor, M|344\/344
|-damage|p1a: Scizor|301\/344|[from] Stealth Rock
|
|-weather|Sandstorm|[upkeep]
|turn|21
|
|switch|p2a: Heatran|Heatran, F|256\/381
|-damage|p2a: Heatran|209\/381|[from] Stealth Rock
|detailschange|p1a: Scizor|Scizor-Mega, M
|message|Scizor has Mega Evolved into Mega Scizor!
|move|p1a: Scizor|U-turn|p2a: Heatran
|-resisted|p2a: Heatran
|-damage|p2a: Heatran|176\/381
|
|switch|p1a: Slowbro|Slowbro, M|229\/394 brn
|-damage|p1a: Slowbro|180\/394 brn|[from] Stealth Rock
|
|-weather|Sandstorm|[upkeep]
|-damage|p1a: Slowbro|156\/394 brn|[from] sandstorm
|-heal|p1a: Slowbro|180\/394 brn|[from] item: Leftovers
|-damage|p1a: Slowbro|131\/394 brn|[from] brn
|turn|22
|
|move|p2a: Heatran|Earth Power|p1a: Slowbro
|-damage|p1a: Slowbro|15\/394 brn
|move|p1a: Slowbro|Slack Off|p1a: Slowbro
|-heal|p1a: Slowbro|212\/394 brn
|
|-weather|none
|-heal|p1a: Slowbro|236\/394 brn|[from] item: Leftovers
|-damage|p1a: Slowbro|187\/394 brn|[from] brn
|turn|23
|
|switch|p2a: Tyranitar|Tyranitar, F|131\/341
|-damage|p2a: Tyranitar|89\/341|[from] Stealth Rock
|-weather|Sandstorm
|move|p1a: Slowbro|Slack Off|p1a: Slowbro
|-heal|p1a: Slowbro|384\/394 brn
|
|-weather|Sandstorm|[upkeep]
|-damage|p1a: Slowbro|360\/394 brn|[from] sandstorm
|-heal|p1a: Slowbro|384\/394 brn|[from] item: Leftovers
|-damage|p1a: Slowbro|335\/394 brn|[from] brn
|turn|24
|
|move|p2a: Tyranitar|Rock Slide|p1a: Slowbro
|-crit|p1a: Slowbro
|-damage|p1a: Slowbro|199\/394 brn
|cant|p1a: Slowbro|flinch
|
|-weather|Sandstorm|[upkeep]
|-damage|p1a: Slowbro|175\/394 brn|[from] sandstorm
|-heal|p1a: Slowbro|199\/394 brn|[from] item: Leftovers
|-damage|p1a: Slowbro|150\/394 brn|[from] brn
|turn|25
|
|move|p2a: Tyranitar|Rock Slide|p1a: Slowbro
|-damage|p1a: Slowbro|60\/394 brn
|move|p1a: Slowbro|Slack Off|p1a: Slowbro
|-heal|p1a: Slowbro|257\/394 brn
|
|-weather|Sandstorm|[upkeep]
|-damage|p1a: Slowbro|233\/394 brn|[from] sandstorm
|-heal|p1a: Slowbro|257\/394 brn|[from] item: Leftovers
|-damage|p1a: Slowbro|208\/394 brn|[from] brn
|turn|26
|
|move|p2a: Tyranitar|Rock Slide|p1a: Slowbro
|-miss|p2a: Tyranitar|p1a: Slowbro
|move|p1a: Slowbro|Slack Off|p1a: Slowbro
|-heal|p1a: Slowbro|394\/394 brn
|
|-weather|Sandstorm|[upkeep]
|-damage|p1a: Slowbro|370\/394 brn|[from] sandstorm
|-heal|p1a: Slowbro|394\/394 brn|[from] item: Leftovers
|-damage|p1a: Slowbro|345\/394 brn|[from] brn
|turn|27
|
|switch|p2a: Venusaur|Venusaur, M|283\/361
|-damage|p2a: Venusaur|238\/361|[from] Stealth Rock
|move|p1a: Slowbro|Scald|p2a: Venusaur
|-resisted|p2a: Venusaur
|-damage|p2a: Venusaur|202\/361
|-status|p2a: Venusaur|brn
|
|-weather|none
|-heal|p1a: Slowbro|369\/394 brn|[from] item: Leftovers
|-damage|p2a: Venusaur|157\/361 brn|[from] brn
|-damage|p1a: Slowbro|320\/394 brn|[from] brn
|turn|28
|
|switch|p1a: Mew|Mew|379\/404
|-damage|p1a: Mew|329\/404|[from] Stealth Rock
|detailschange|p2a: Venusaur|Venusaur-Mega, M
|message|Venusaur has Mega Evolved into Mega Venusaur!
|move|p2a: Venusaur|Synthesis|p2a: Venusaur
|-heal|p2a: Venusaur|337\/361 brn
|
|-heal|p1a: Mew|354\/404|[from] item: Leftovers
|-damage|p2a: Venusaur|292\/361 brn|[from] brn
|turn|29
|
|switch|p1a: Landorus-Therian|Landorus-Therian, M|166\/320
|-damage|p1a: Landorus-Therian|126\/320|[from] Stealth Rock
|-ability|p1a: Landorus-Therian|Intimidate|[of] p2a: Venusaur
|-unboost|p2a: Venusaur|atk|1
|move|p2a: Venusaur|Giga Drain|p1a: Landorus-Therian
|-damage|p1a: Landorus-Therian|2\/320
|-heal|p2a: Venusaur|354\/361 brn|[from] drain|[of] p1a: Landorus-Therian
|
|-damage|p2a: Venusaur|309\/361 brn|[from] brn
|turn|30
|
|move|p1a: Landorus-Therian|U-turn|p2a: Venusaur
|-damage|p2a: Venusaur|236\/361 brn
|
|switch|p1a: Scizor|Scizor-Mega, M|301\/344
|-damage|p1a: Scizor|258\/344|[from] Stealth Rock
|move|p2a: Venusaur|Synthesis|p2a: Venusaur
|-heal|p2a: Venusaur|361\/361 brn
|
|-damage|p2a: Venusaur|316\/361 brn|[from] brn
|turn|31
|
|move|p2a: Venusaur|Sleep Powder|p1a: Scizor
|-status|p1a: Scizor|slp
|cant|p1a: Scizor|slp
|
|-damage|p2a: Venusaur|271\/361 brn|[from] brn
|turn|32
|
|switch|p2a: Skarmory|Skarmory, F|94\/334
|-damage|p2a: Skarmory|53\/334|[from] Stealth Rock
|cant|p1a: Scizor|slp
|
|turn|33
|
|cant|p1a: Scizor|slp
|move|p2a: Skarmory|Roost|p2a: Skarmory
|-heal|p2a: Skarmory|220\/334
|
|turn|34
|
|-curestatus|p1a: Scizor|slp
|move|p1a: Scizor|Swords Dance|p1a: Scizor
|-boost|p1a: Scizor|atk|2
|move|p2a: Skarmory|Roost|p2a: Skarmory
|-heal|p2a: Skarmory|334\/334
|
|turn|35
|
|move|p1a: Scizor|Swords Dance|p1a: Scizor
|-boost|p1a: Scizor|atk|2
|move|p2a: Skarmory|Whirlwind|p1a: Scizor
|drag|p1a: Slowbro|Slowbro, M|394\/394 brn
|-damage|p1a: Slowbro|345\/394 brn|[from] Stealth Rock
|
|-heal|p1a: Slowbro|369\/394 brn|[from] item: Leftovers
|-damage|p1a: Slowbro|320\/394 brn|[from] brn
|turn|36
|
|move|p1a: Slowbro|Scald|p2a: Skarmory
|-crit|p2a: Skarmory
|-damage|p2a: Skarmory|141\/334
|move|p2a: Skarmory|Whirlwind|p1a: Slowbro
|drag|p1a: Landorus-Therian|Landorus-Therian, M|2\/320
|-damage|p1a: Landorus-Therian|0 fnt|[from] Stealth Rock
|faint|p1a: Landorus-Therian
|
|
|switch|p1a: Mew|Mew|354\/404
|-damage|p1a: Mew|304\/404|[from] Stealth Rock
|turn|37
|
|move|p1a: Mew|Will-O-Wisp|p2a: Skarmory
|-status|p2a: Skarmory|brn
|move|p2a: Skarmory|Roost|p2a: Skarmory
|-heal|p2a: Skarmory|308\/334 brn
|
|-heal|p1a: Mew|329\/404|[from] item: Leftovers
|-damage|p2a: Skarmory|267\/334 brn|[from] brn
|turn|38
|
|move|p1a: Mew|Knock Off|p2a: Skarmory
|-damage|p2a: Skarmory|222\/334 brn
|-damage|p1a: Mew|262\/404|[from] item: Rocky Helmet|[of] p2a: Skarmory
|-enditem|p2a: Skarmory|Rocky Helmet|[from] move: Knock Off|[of] p1a: Mew
|move|p2a: Skarmory|Defog|p1a: Mew
|-unboost|p1a: Mew|evasion|1
|-sideend|p1: Urielle|Stealth Rock|[from] move: Defog|[of] p1a: Mew
|-sideend|p2: okcoolyo|Stealth Rock|[from] move: Defog|[of] p2a: Skarmory
|
|-heal|p1a: Mew|287\/404|[from] item: Leftovers
|-damage|p2a: Skarmory|181\/334 brn|[from] brn
|turn|39
|
|switch|p2a: Heatran|Heatran, F|176\/381
|move|p1a: Mew|Stealth Rock|p2a: Heatran
|-sidestart|p2: okcoolyo|move: Stealth Rock
|
|-heal|p1a: Mew|312\/404|[from] item: Leftovers
|turn|40
|
|switch|p1a: Slowbro|Slowbro, M|394\/394 brn
|move|p2a: Heatran|Stealth Rock|p1a: Slowbro
|-sidestart|p1: Urielle|move: Stealth Rock
|
|-damage|p1a: Slowbro|345\/394 brn|[from] brn
|turn|41
|
|switch|p2a: Venusaur|Venusaur-Mega, M|271\/361 brn
|-damage|p2a: Venusaur|226\/361 brn|[from] Stealth Rock
|move|p1a: Slowbro|Scald|p2a: Venusaur
|-resisted|p2a: Venusaur
|-damage|p2a: Venusaur|196\/361 brn
|
|-heal|p1a: Slowbro|369\/394 brn|[from] item: Leftovers
|-damage|p2a: Venusaur|151\/361 brn|[from] brn
|-damage|p1a: Slowbro|320\/394 brn|[from] brn
|turn|42
|
|switch|p1a: Scizor|Scizor-Mega, M|258\/344
|-damage|p1a: Scizor|215\/344|[from] Stealth Rock
|move|p2a: Venusaur|Synthesis|p2a: Venusaur
|-heal|p2a: Venusaur|331\/361 brn
|
|-damage|p2a: Venusaur|286\/361 brn|[from] brn
|turn|43
|
|move|p2a: Venusaur|Sleep Powder|p1a: Scizor
|-status|p1a: Scizor|slp
|cant|p1a: Scizor|slp
|
|-damage|p2a: Venusaur|241\/361 brn|[from] brn
|turn|44
|
|switch|p2a: Keldeo|Keldeo|125\/323 tox
|-damage|p2a: Keldeo|105\/323 tox|[from] Stealth Rock
|-curestatus|p1a: Scizor|slp
|move|p1a: Scizor|U-turn|p2a: Keldeo
|-resisted|p2a: Keldeo
|-damage|p2a: Keldeo|17\/323 tox
|
|switch|p1a: Slowbro|Slowbro, M|394\/394 brn
|-damage|p1a: Slowbro|345\/394 brn|[from] Stealth Rock
|
|-heal|p2a: Keldeo|37\/323 tox|[from] item: Leftovers
|-heal|p1a: Slowbro|369\/394 brn|[from] item: Leftovers
|-damage|p2a: Keldeo|17\/323 tox|[from] psn
|-damage|p1a: Slowbro|320\/394 brn|[from] brn
|turn|45
|
|move|p2a: Keldeo|Hydro Pump|p1a: Slowbro
|-crit|p1a: Slowbro
|-resisted|p1a: Slowbro
|-damage|p1a: Slowbro|152\/394 brn
|move|p1a: Slowbro|Scald|p2a: Keldeo
|-resisted|p2a: Keldeo
|-damage|p2a: Keldeo|0 fnt
|faint|p2a: Keldeo
|
|-heal|p1a: Slowbro|176\/394 brn|[from] item: Leftovers
|-damage|p1a: Slowbro|127\/394 brn|[from] brn
|
|switch|p2a: Mew|Mew|279\/404 tox
|-damage|p2a: Mew|229\/404 tox|[from] Stealth Rock
|turn|46
|
|switch|p1a: Mew|Mew|312\/404
|-damage|p1a: Mew|262\/404|[from] Stealth Rock
|move|p2a: Mew|Will-O-Wisp|p1a: Mew
|-status|p1a: Mew|brn
|
|-heal|p2a: Mew|254\/404 tox|[from] item: Leftovers
|-heal|p1a: Mew|287\/404 brn|[from] item: Leftovers
|-damage|p2a: Mew|229\/404 tox|[from] psn
|-damage|p1a: Mew|237\/404 brn|[from] brn
|turn|47
|
|move|p2a: Mew|Soft-Boiled|p2a: Mew
|-heal|p2a: Mew|404\/404 tox
|move|p1a: Mew|Knock Off|p2a: Mew
|-supereffective|p2a: Mew
|-damage|p2a: Mew|320\/404 tox
|-enditem|p2a: Mew|Leftovers|[from] move: Knock Off|[of] p1a: Mew
|
|-heal|p1a: Mew|262\/404 brn|[from] item: Leftovers
|-damage|p2a: Mew|270\/404 tox|[from] psn
|-damage|p1a: Mew|212\/404 brn|[from] brn
|turn|48
|
|move|p2a: Mew|Taunt|p1a: Mew
|-start|p1a: Mew|move: Taunt
|cant|p1a: Mew|move: Taunt|Soft-Boiled
|
|-heal|p1a: Mew|237\/404 brn|[from] item: Leftovers
|-damage|p2a: Mew|195\/404 tox|[from] psn
|-damage|p1a: Mew|187\/404 brn|[from] brn
|turn|49
|
|switch|p2a: Tyranitar|Tyranitar, F|89\/341
|-damage|p2a: Tyranitar|47\/341|[from] Stealth Rock
|-weather|Sandstorm
|switch|p1a: Slowbro|Slowbro, M|258\/394 brn
|-damage|p1a: Slowbro|209\/394 brn|[from] Stealth Rock
|
|-weather|Sandstorm|[upkeep]
|-damage|p1a: Slowbro|185\/394 brn|[from] sandstorm
|-heal|p1a: Slowbro|209\/394 brn|[from] item: Leftovers
|-damage|p1a: Slowbro|160\/394 brn|[from] brn
|turn|50
|
|move|p2a: Tyranitar|Rock Slide|p1a: Slowbro
|-damage|p1a: Slowbro|67\/394 brn
|cant|p1a: Slowbro|flinch
|
|-weather|Sandstorm|[upkeep]
|-damage|p1a: Slowbro|43\/394 brn|[from] sandstorm
|-heal|p1a: Slowbro|67\/394 brn|[from] item: Leftovers
|-damage|p1a: Slowbro|18\/394 brn|[from] brn
|turn|51
|
|switch|p1a: Scizor|Scizor-Mega, M|215\/344
|-damage|p1a: Scizor|172\/344|[from] Stealth Rock
|move|p2a: Tyranitar|Rock Slide|p1a: Scizor
|-damage|p1a: Scizor|76\/344
|
|-weather|Sandstorm|[upkeep]
|turn|52
|
|move|p1a: Scizor|Bullet Punch|p2a: Tyranitar
|-supereffective|p2a: Tyranitar
|-damage|p2a: Tyranitar|0 fnt
|faint|p2a: Tyranitar
|
|-weather|Sandstorm|[upkeep]
|
|switch|p2a: Heatran|Heatran, F|176\/381
|-damage|p2a: Heatran|129\/381|[from] Stealth Rock
|turn|53
|
|switch|p1a: Slowbro|Slowbro, M|149\/394 brn
|-damage|p1a: Slowbro|100\/394 brn|[from] Stealth Rock
|move|p2a: Heatran|Lava Plume|p1a: Slowbro
|-resisted|p1a: Slowbro
|-damage|p1a: Slowbro|34\/394 brn
|
|-weather|none
|-heal|p1a: Slowbro|58\/394 brn|[from] item: Leftovers
|-damage|p1a: Slowbro|9\/394 brn|[from] brn
|turn|54
|
|switch|p1a: Mew|Mew|187\/404 brn
|-damage|p1a: Mew|137\/404 brn|[from] Stealth Rock
|move|p2a: Heatran|Lava Plume|p1a: Mew
|-crit|p1a: Mew
|-damage|p1a: Mew|5\/404 brn
|
|-heal|p1a: Mew|30\/404 brn|[from] item: Leftovers
|-damage|p1a: Mew|0 fnt|[from] brn
|faint|p1a: Mew
|
|switch|p1a: Slowbro|Slowbro, M|140\/394 brn
|-damage|p1a: Slowbro|91\/394 brn|[from] Stealth Rock
|turn|55
|
|move|p2a: Heatran|Earth Power|p1a: Slowbro
|-damage|p1a: Slowbro|0 fnt
|faint|p1a: Slowbro
|
|leave|Urielle
|player|p1
|-message|urielle lost due to inactivity.
|
|win|okcoolyo
|raw|Ladder updating...
|raw|Urielle's rating: 1409 &rarr; <strong>1390<\/strong><br \/>(-19 for losing)
|raw|okcoolyo's rating: 1416 &rarr; <strong>1436<\/strong><br \/>(+20 for winning)