|join|napty
|join|Rhayader
|player|p1|napty|93
|player|p2|Rhayader|#showtan
|gametype|singles
|gen|6
|tier|OU
|rated
|clearpoke
|poke|p1|Landorus-Therian, M
|poke|p1|Greninja, F
|poke|p1|Gallade, M
|poke|p1|Ferrothorn, F
|poke|p1|Bisharp, F
|poke|p1|Clefable, F
|poke|p2|Zapdos
|poke|p2|Latias, F
|poke|p2|Terrakion
|poke|p2|Rotom-Heat
|poke|p2|Sableye, F
|poke|p2|Landorus-Therian, M
|rule|Swagger Clause: Swagger is banned
|rule|Baton Pass Clause: Limit one Pokémon knowing Baton Pass
|rule|Sleep Clause Mod: Limit one foe put to sleep
|rule|Species Clause: Limit one of each Pokémon
|rule|OHKO Clause: OHKO moves are banned
|rule|Moody Clause: Moody is banned
|rule|Evasion Moves Clause: Evasion moves are banned
|rule|Endless Battle Clause: Forcing endless battles is banned
|rule|HP Percentage Mod: HP is shown in percentages
|teampreview
|
|start
|switch|p1a: Clefable|Clefable, F|394\/394
|switch|p2a: Sableye|Sableye, F|304\/304
|turn|1
|
|switch|p2a: Rotom-Heat|Rotom-Heat|304\/304
|move|p1a: Clefable|Moonblast|p2a: Rotom-Heat
|-resisted|p2a: Rotom-Heat
|-damage|p2a: Rotom-Heat|252\/304
|
|-heal|p2a: Rotom-Heat|271\/304|[from] item: Leftovers
|turn|2
|
|move|p2a: Rotom-Heat|Will-O-Wisp|p1a: Clefable
|-status|p1a: Clefable|brn
|move|p1a: Clefable|Knock Off|p2a: Rotom-Heat
|-damage|p2a: Rotom-Heat|249\/304
|-enditem|p2a: Rotom-Heat|Leftovers|[from] move: Knock Off|[of] p1a: Clefable
|
|turn|3
|
|move|p2a: Rotom-Heat|Pain Split|p1a: Clefable
|-sethp|p1a: Clefable|321\/394 brn|p2a: Rotom-Heat|304\/304|[from] move: Pain Split
|move|p1a: Clefable|Moonblast|p2a: Rotom-Heat
|-resisted|p2a: Rotom-Heat
|-damage|p2a: Rotom-Heat|251\/304
|
|-heal|p1a: Clefable|345\/394 brn|[from] item: Leftovers
|turn|4
|
|move|p2a: Rotom-Heat|Overheat|p1a: Clefable
|-damage|p1a: Clefable|204\/394 brn
|-unboost|p2a: Rotom-Heat|spa|2
|move|p1a: Clefable|Soft-Boiled|p1a: Clefable
|-heal|p1a: Clefable|394\/394 brn
|
|turn|5
|
|move|p2a: Rotom-Heat|Volt Switch|p1a: Clefable
|-crit|p1a: Clefable
|-damage|p1a: Clefable|283\/394 brn
|
|switch|p2a: Landorus-Therian|Landorus-Therian, M|320\/320
|-ability|p2a: Landorus-Therian|Intimidate|[of] p1a: Clefable
|-unboost|p1a: Clefable|atk|1
|move|p1a: Clefable|Knock Off|p2a: Landorus-Therian
|-crit|p2a: Landorus-Therian
|-damage|p2a: Landorus-Therian|270\/320
|-enditem|p2a: Landorus-Therian|Choice Scarf|[from] move: Knock Off|[of] p1a: Clefable
|
|-heal|p1a: Clefable|307\/394 brn|[from] item: Leftovers
|turn|6
|
|switch|p1a: Landorus-Therian|Landorus-Therian, M|382\/382
|-ability|p1a: Landorus-Therian|Intimidate|[of] p2a: Landorus-Therian
|-unboost|p2a: Landorus-Therian|atk|1
|move|p2a: Landorus-Therian|U-turn|p1a: Landorus-Therian
|-resisted|p1a: Landorus-Therian
|-damage|p1a: Landorus-Therian|358\/382
|-damage|p2a: Landorus-Therian|217\/320|[from] item: Rocky Helmet|[of] p1a: Landorus-Therian
|
|switch|p2a: Zapdos|Zapdos|339\/339
|-ability|p2a: Zapdos|Pressure
|
|turn|7
|join|3-Cheese Pizzans
|
|switch|p1a: Clefable|Clefable, F|307\/394 brn
|move|p2a: Zapdos|Hidden Power|p1a: Clefable
|-damage|p1a: Clefable|217\/394 brn
|-damage|p2a: Zapdos|306\/339|[from] item: Life Orb
|
|-heal|p1a: Clefable|241\/394 brn|[from] item: Leftovers
|turn|8
|
|move|p2a: Zapdos|Thunderbolt|p1a: Clefable
|-damage|p1a: Clefable|27\/394 brn
|-damage|p2a: Zapdos|273\/339|[from] item: Life Orb
|move|p1a: Clefable|Soft-Boiled|p1a: Clefable
|-heal|p1a: Clefable|224\/394 brn
|
|-heal|p1a: Clefable|248\/394 brn|[from] item: Leftovers
|turn|9
|
|move|p2a: Zapdos|Thunderbolt|p1a: Clefable
|-damage|p1a: Clefable|36\/394 brn
|-damage|p2a: Zapdos|240\/339|[from] item: Life Orb
|move|p1a: Clefable|Soft-Boiled|p1a: Clefable
|-heal|p1a: Clefable|233\/394 brn
|
|-heal|p1a: Clefable|257\/394 brn|[from] item: Leftovers
|turn|10
|c| 3-Cheese Pizzans|>leftovers on more than one pokemon
|c| 3-Cheese Pizzans|into
|c| 3-Cheese Pizzans|the
|c| 3-Cheese Pizzans|trash
|
|move|p2a: Zapdos|Thunderbolt|p1a: Clefable
|-damage|p1a: Clefable|39\/394 brn
|-damage|p2a: Zapdos|207\/339|[from] item: Life Orb
|move|p1a: Clefable|Soft-Boiled|p1a: Clefable
|-heal|p1a: Clefable|236\/394 brn
|
|-heal|p1a: Clefable|260\/394 brn|[from] item: Leftovers
|turn|11
|
|move|p2a: Zapdos|Thunderbolt|p1a: Clefable
|-damage|p1a: Clefable|42\/394 brn
|-damage|p2a: Zapdos|174\/339|[from] item: Life Orb
|move|p1a: Clefable|Soft-Boiled|p1a: Clefable
|-heal|p1a: Clefable|239\/394 brn
|
|-heal|p1a: Clefable|263\/394 brn|[from] item: Leftovers
|turn|12
|
|move|p2a: Zapdos|Roost|p2a: Zapdos
|-heal|p2a: Zapdos|339\/339
|move|p1a: Clefable|Soft-Boiled|p1a: Clefable
|-heal|p1a: Clefable|394\/394 brn
|
|turn|13
|
|move|p2a: Zapdos|Thunderbolt|p1a: Clefable
|-damage|p1a: Clefable|191\/394 brn
|-damage|p2a: Zapdos|306\/339|[from] item: Life Orb
|move|p1a: Clefable|Knock Off|p2a: Zapdos
|-damage|p2a: Zapdos|270\/339
|-enditem|p2a: Zapdos|Life Orb|[from] move: Knock Off|[of] p1a: Clefable
|
|-heal|p1a: Clefable|215\/394 brn|[from] item: Leftovers
|turn|14
|
|move|p2a: Zapdos|Thunderbolt|p1a: Clefable
|-damage|p1a: Clefable|71\/394 brn
|move|p1a: Clefable|Soft-Boiled|p1a: Clefable
|-heal|p1a: Clefable|268\/394 brn
|
|-heal|p1a: Clefable|292\/394 brn|[from] item: Leftovers
|turn|15
|
|move|p2a: Zapdos|Thunderbolt|p1a: Clefable
|-crit|p1a: Clefable
|-damage|p1a: Clefable|40\/394 brn
|move|p1a: Clefable|Soft-Boiled|p1a: Clefable
|-heal|p1a: Clefable|237\/394 brn
|
|-heal|p1a: Clefable|261\/394 brn|[from] item: Leftovers
|turn|16
|
|move|p2a: Zapdos|Thunderbolt|p1a: Clefable
|-damage|p1a: Clefable|111\/394 brn
|move|p1a: Clefable|Soft-Boiled|p1a: Clefable
|-heal|p1a: Clefable|308\/394 brn
|
|-heal|p1a: Clefable|332\/394 brn|[from] item: Leftovers
|turn|17
|c| 3-Cheese Pizzans|yes goyim waste your soft boils
|
|move|p2a: Zapdos|Thunderbolt|p1a: Clefable
|-crit|p1a: Clefable
|-damage|p1a: Clefable|106\/394 brn
|move|p1a: Clefable|Calm Mind|p1a: Clefable
|-boost|p1a: Clefable|spa|1
|-boost|p1a: Clefable|spd|1
|
|-heal|p1a: Clefable|130\/394 brn|[from] item: Leftovers
|turn|18
|c| 3-Cheese Pizzans|inc lando
|
|move|p2a: Zapdos|Thunderbolt|p1a: Clefable
|-damage|p1a: Clefable|22\/394 brn
|move|p1a: Clefable|Soft-Boiled|p1a: Clefable
|-heal|p1a: Clefable|219\/394 brn
|
|-heal|p1a: Clefable|243\/394 brn|[from] item: Leftovers
|turn|19
|
|move|p2a: Zapdos|Thunderbolt|p1a: Clefable
|-damage|p1a: Clefable|129\/394 brn
|move|p1a: Clefable|Soft-Boiled|p1a: Clefable
|-heal|p1a: Clefable|326\/394 brn
|
|-heal|p1a: Clefable|350\/394 brn|[from] item: Leftovers
|turn|20
|
|move|p2a: Zapdos|Thunderbolt|p1a: Clefable
|-damage|p1a: Clefable|250\/394 brn
|move|p1a: Clefable|Calm Mind|p1a: Clefable
|-boost|p1a: Clefable|spa|1
|-boost|p1a: Clefable|spd|1
|
|-heal|p1a: Clefable|274\/394 brn|[from] item: Leftovers
|turn|21
|
|switch|p2a: Terrakion|Terrakion|323\/323
|move|p1a: Clefable|Moonblast|p2a: Terrakion
|-supereffective|p2a: Terrakion
|-enditem|p2a: Terrakion|Focus Sash
|-damage|p2a: Terrakion|1\/323
|
|-heal|p1a: Clefable|298\/394 brn|[from] item: Leftovers
|turn|22
|c|★Rhayader|>not softing
|c|★Rhayader|ok
|
|move|p2a: Terrakion|Stone Edge|p1a: Clefable
|-damage|p1a: Clefable|126\/394 brn
|move|p1a: Clefable|Moonblast|p2a: Terrakion
|-supereffective|p2a: Terrakion
|-damage|p2a: Terrakion|0 fnt
|faint|p2a: Terrakion
|
|-heal|p1a: Clefable|150\/394 brn|[from] item: Leftovers
|c|★napty|stfu
|
|switch|p2a: Landorus-Therian|Landorus-Therian, M|217\/320
|-ability|p2a: Landorus-Therian|Intimidate|[of] p1a: Clefable
|-unboost|p1a: Clefable|atk|1
|turn|23
|
|switch|p1a: Landorus-Therian|Landorus-Therian, M|358\/382
|-ability|p1a: Landorus-Therian|Intimidate|[of] p2a: Landorus-Therian
|-unboost|p2a: Landorus-Therian|atk|1
|move|p2a: Landorus-Therian|Earthquake|p1a: Landorus-Therian
|-immune|p1a: Landorus-Therian|[msg]
|
|turn|24
|c|★Rhayader|rude
|c| 3-Cheese Pizzans|hidden sash
|
|switch|p2a: Zapdos|Zapdos|270\/339
|-ability|p2a: Zapdos|Pressure
|move|p1a: Landorus-Therian|U-turn|p2a: Zapdos
|-resisted|p2a: Zapdos
|-damage|p2a: Zapdos|230\/339
|
|switch|p1a: Greninja|Greninja, F|285\/285
|
|turn|25
|
|switch|p2a: Rotom-Heat|Rotom-Heat|251\/304
|move|p1a: Greninja|Ice Beam|p2a: Rotom-Heat
|-start|p1a: Greninja|typechange|Ice|[from] Protean
|-resisted|p2a: Rotom-Heat
|-damage|p2a: Rotom-Heat|167\/304
|-damage|p1a: Greninja|257\/285|[from] item: Life Orb
|
|turn|26
|c| 3-Cheese Pizzans|ice meme
|c|★Rhayader|and scarf overheat
|
|move|p1a: Greninja|Hydro Pump|p2a: Rotom-Heat
|-start|p1a: Greninja|typechange|Water|[from] Protean
|-supereffective|p2a: Rotom-Heat
|-damage|p2a: Rotom-Heat|0 fnt
|-damage|p1a: Greninja|229\/285|[from] item: Life Orb
|faint|p2a: Rotom-Heat
|
|c| 3-Cheese Pizzans|>switching into to greninga
|
|switch|p2a: Sableye|Sableye, F|304\/304
|turn|27
|
|switch|p1a: Clefable|Clefable, F|150\/394 brn
|move|p2a: Sableye|Calm Mind|p2a: Sableye
|-boost|p2a: Sableye|spa|1
|-boost|p2a: Sableye|spd|1
|
|-heal|p1a: Clefable|174\/394 brn|[from] item: Leftovers
|turn|28
|
|detailschange|p2a: Sableye|Sableye-Mega, F
|message|Sableye has Mega Evolved into Mega Sableye!
|move|p1a: Clefable|Calm Mind|p1a: Clefable
|-boost|p1a: Clefable|spa|1
|-boost|p1a: Clefable|spd|1
|move|p2a: Sableye|Shadow Ball|p1a: Clefable
|-damage|p1a: Clefable|92\/394 brn
|-unboost|p1a: Clefable|spd|1
|
|-heal|p1a: Clefable|116\/394 brn|[from] item: Leftovers
|turn|29
|
|move|p1a: Clefable|Moonblast|p2a: Sableye
|-supereffective|p2a: Sableye
|-damage|p2a: Sableye|104\/304
|move|p2a: Sableye|Shadow Ball|p1a: Clefable
|-damage|p1a: Clefable|8\/394 brn
|
|-heal|p1a: Clefable|32\/394 brn|[from] item: Leftovers
|turn|30
|
|switch|p2a: Landorus-Therian|Landorus-Therian, M|217\/320
|-ability|p2a: Landorus-Therian|Intimidate|[of] p1a: Clefable
|-unboost|p1a: Clefable|atk|1
|move|p1a: Clefable|Soft-Boiled|p1a: Clefable
|-heal|p1a: Clefable|229\/394 brn
|
|-heal|p1a: Clefable|253\/394 brn|[from] item: Leftovers
|turn|31
|
|move|p2a: Landorus-Therian|U-turn|p1a: Clefable
|-resisted|p1a: Clefable
|-damage|p1a: Clefable|204\/394 brn
|leave|3-Cheese Pizzans
|
|switch|p2a: Sableye|Sableye-Mega, F|104\/304
|move|p1a: Clefable|Moonblast|p2a: Sableye
|-supereffective|p2a: Sableye
|-damage|p2a: Sableye|0 fnt
|faint|p2a: Sableye
|
|-heal|p1a: Clefable|228\/394 brn|[from] item: Leftovers
|
|switch|p2a: Zapdos|Zapdos|230\/339
|-ability|p2a: Zapdos|Pressure
|turn|32
|
|move|p2a: Zapdos|Thunderbolt|p1a: Clefable
|-damage|p1a: Clefable|60\/394 brn
|move|p1a: Clefable|Moonblast|p2a: Zapdos
|-damage|p2a: Zapdos|40\/339
|
|-heal|p1a: Clefable|84\/394 brn|[from] item: Leftovers
|turn|33
|
|move|p2a: Zapdos|Thunderbolt|p1a: Clefable
|-crit|p1a: Clefable
|-damage|p1a: Clefable|0 fnt
|faint|p1a: Clefable
|
|
|switch|p1a: Greninja|Greninja, F|229\/285
|turn|34
|
|move|p1a: Greninja|Ice Beam|p2a: Zapdos
|-start|p1a: Greninja|typechange|Ice|[from] Protean
|-supereffective|p2a: Zapdos
|-damage|p2a: Zapdos|0 fnt
|-damage|p1a: Greninja|201\/285|[from] item: Life Orb
|faint|p2a: Zapdos
|
|
|switch|p2a: Latias|Latias, F|364\/364
|turn|35
|
|switch|p1a: Bisharp|Bisharp, F|271\/271
|move|p2a: Latias|Calm Mind|p2a: Latias
|-boost|p2a: Latias|spa|1
|-boost|p2a: Latias|spd|1
|
|turn|36
|
|move|p2a: Latias|Dragon Pulse|p1a: Bisharp
|-resisted|p1a: Bisharp
|-damage|p1a: Bisharp|162\/271
|move|p1a: Bisharp|Knock Off|p2a: Latias
|-supereffective|p2a: Latias
|-damage|p2a: Latias|92\/364
|-enditem|p2a: Latias|Leftovers|[from] move: Knock Off|[of] p1a: Bisharp
|
|-heal|p1a: Bisharp|178\/271|[from] item: Leftovers
|turn|37
|
|move|p2a: Latias|Roost|p2a: Latias
|-heal|p2a: Latias|274\/364
|move|p1a: Bisharp|Knock Off|p2a: Latias
|-supereffective|p2a: Latias
|-damage|p2a: Latias|76\/364
|
|-heal|p1a: Bisharp|194\/271|[from] item: Leftovers
|turn|38
|
|move|p2a: Latias|Dragon Pulse|p1a: Bisharp
|-resisted|p1a: Bisharp
|-damage|p1a: Bisharp|86\/271
|move|p1a: Bisharp|Knock Off|p2a: Latias
|-supereffective|p2a: Latias
|-damage|p2a: Latias|0 fnt
|faint|p2a: Latias
|
|-heal|p1a: Bisharp|102\/271|[from] item: Leftovers
|
|switch|p2a: Landorus-Therian|Landorus-Therian, M|217\/320
|-ability|p2a: Landorus-Therian|Intimidate|[of] p1a: Bisharp
|-unboost|p1a: Bisharp|atk|1
|-boost|p1a: Bisharp|atk|2|[from] ability: Defiant
|turn|39
|
|move|p1a: Bisharp|Sucker Punch|p2a: Landorus-Therian
|-damage|p2a: Landorus-Therian|0 fnt
|faint|p2a: Landorus-Therian
|
|win|napty
|raw|Ladder updating...
|leave|Rhayader
|player|p2