|join|HiroSeven
|join|Hogg Horse
|player|p1|HiroSeven|162
|player|p2|Hogg Horse|169
|gametype|singles
|gen|6
|tier|OU
|rated
|clearpoke
|poke|p1|Raikou
|poke|p1|Sableye, M
|poke|p1|Entei, shiny
|poke|p1|Suicune
|poke|p1|Cresselia, F
|poke|p1|Excadrill, F
|poke|p2|Shedinja
|poke|p2|Sableye, F
|poke|p2|Chansey, F
|poke|p2|Skarmory, F
|poke|p2|Heatran, F
|poke|p2|Alomomola, M
|rule|Swagger Clause: Swagger is banned
|rule|Baton Pass Clause: Limit one Pokémon knowing Baton Pass
|rule|Sleep Clause Mod: Limit one foe put to sleep
|rule|Species Clause: Limit one of each Pokémon
|rule|OHKO Clause: OHKO moves are banned
|rule|Moody Clause: Moody is banned
|rule|Evasion Moves Clause: Evasion moves are banned
|rule|Endless Battle Clause: Forcing endless battles is banned
|rule|HP Percentage Mod: HP is shown in percentages
|teampreview
|c|★HiroSeven|Nice a Shedninja
|
|start
|switch|p1a: Sableye|Sableye, M|304\/304
|switch|p2a: Sableye|Sableye, F|303\/303
|turn|1
|
|detailschange|p2a: Sableye|Sableye-Mega, F
|-mega|p2a: Sableye|Sableye|Sablenite
|detailschange|p1a: Sableye|Sableye-Mega, M
|-mega|p1a: Sableye|Sableye|Sablenite
|move|p2a: Sableye|Knock Off|p1a: Sableye
|-damage|p1a: Sableye|247\/304
|move|p1a: Sableye|Knock Off|p2a: Sableye
|-damage|p2a: Sableye|245\/303
|
|turn|2
|
|switch|p2a: Heatran|Heatran, F|385\/385
|move|p1a: Sableye|Knock Off|p2a: Heatran
|-damage|p2a: Heatran|286\/385
|-enditem|p2a: Heatran|Leftovers|[from] move: Knock Off|[of] p1a: Sableye
|
|turn|3
|
|move|p2a: Heatran|Toxic|p1a: Sableye
|move|p1a: Sableye|Toxic|p2a: Heatran|[from]Magic Bounce
|-fail|p2a: Heatran
|move|p1a: Sableye|Taunt|p2a: Heatran
|-start|p2a: Heatran|move: Taunt
|
|turn|4
|
|switch|p1a: Suicune|Suicune|404\/404
|-ability|p1a: Suicune|Pressure
|move|p2a: Heatran|Lava Plume|p1a: Suicune
|-resisted|p1a: Suicune
|-damage|p1a: Suicune|355\/404
|
|-heal|p1a: Suicune|380\/404|[from] item: Leftovers
|turn|5
|
|switch|p2a: Alomomola|Alomomola, M|479\/479
|move|p1a: Suicune|Calm Mind|p1a: Suicune
|-boost|p1a: Suicune|spa|1
|-boost|p1a: Suicune|spd|1
|
|-heal|p1a: Suicune|404\/404|[from] item: Leftovers
|turn|6
|
|move|p1a: Suicune|Calm Mind|p1a: Suicune
|-boost|p1a: Suicune|spa|1
|-boost|p1a: Suicune|spd|1
|move|p2a: Alomomola|Knock Off|p1a: Suicune
|-damage|p1a: Suicune|365\/404
|-enditem|p1a: Suicune|Leftovers|[from] move: Knock Off|[of] p2a: Alomomola
|
|turn|7
|
|switch|p2a: Shedinja|Shedinja|1\/1
|move|p1a: Suicune|Calm Mind|p1a: Suicune
|-boost|p1a: Suicune|spa|1
|-boost|p1a: Suicune|spd|1
|
|turn|8
|
|switch|p1a: Sableye|Sableye-Mega, M|247\/304
|move|p2a: Shedinja|X-Scissor|p1a: Sableye
|-damage|p1a: Sableye|145\/304
|
|turn|9
|
|switch|p2a: Sableye|Sableye-Mega, F|245\/303
|move|p1a: Sableye|Recover|p1a: Sableye
|-heal|p1a: Sableye|297\/304
|
|turn|10
|
|move|p1a: Sableye|Knock Off|p2a: Sableye
|-damage|p2a: Sableye|188\/303
|move|p2a: Sableye|Foul Play|p1a: Sableye
|-damage|p1a: Sableye|221\/304
|
|turn|11
|
|move|p2a: Sableye|Recover|p2a: Sableye
|-heal|p2a: Sableye|303\/303
|move|p1a: Sableye|Knock Off|p2a: Sableye
|-crit|p2a: Sableye
|-damage|p2a: Sableye|224\/303
|
|turn|12
|
|move|p1a: Sableye|Recover|p1a: Sableye
|-heal|p1a: Sableye|304\/304
|move|p2a: Sableye|Foul Play|p1a: Sableye
|-damage|p1a: Sableye|228\/304
|
|turn|13
|
|switch|p1a: Cresselia|Cresselia, F|444\/444
|switch|p2a: Heatran|Heatran, F|286\/385
|
|turn|14
|
|switch|p1a: Excadrill|Excadrill, F|361\/361
|-ability|p1a: Excadrill|Mold Breaker
|move|p2a: Heatran|Toxic|p1a: Excadrill
|-fail|p1a: Excadrill
|
|turn|15
|
|switch|p2a: Alomomola|Alomomola, M|479\/479
|move|p1a: Excadrill|Earthquake|p2a: Alomomola
|-damage|p2a: Alomomola|331\/479
|
|turn|16
|
|switch|p1a: Sableye|Sableye-Mega, M|228\/304
|move|p2a: Alomomola|Scald|p1a: Sableye
|-damage|p1a: Sableye|198\/304
|-status|p1a: Sableye|brn
|
|-damage|p1a: Sableye|160\/304 brn|[from] brn
|turn|17
|
|move|p2a: Alomomola|Wish|p2a: Alomomola
|move|p1a: Sableye|Recover|p1a: Sableye
|-heal|p1a: Sableye|304\/304 brn
|
|-damage|p1a: Sableye|266\/304 brn|[from] brn
|turn|18
|
|switch|p2a: Heatran|Heatran, F|286\/385
|move|p1a: Sableye|Knock Off|p2a: Heatran
|-damage|p2a: Heatran|255\/385
|
|-heal|p2a: Heatran|385\/385|[from] move: Wish|[wisher] Alomomola
|-damage|p1a: Sableye|228\/304 brn|[from] brn
|turn|19
|
|switch|p1a: Suicune|Suicune|365\/404
|-ability|p1a: Suicune|Pressure
|move|p2a: Heatran|Lava Plume|p1a: Suicune
|-resisted|p1a: Suicune
|-damage|p1a: Suicune|315\/404
|
|turn|20
|
|switch|p2a: Shedinja|Shedinja|1\/1
|move|p1a: Suicune|Scald|p2a: Shedinja
|-activate|p2a: Shedinja|ability: Wonder Guard
|
|turn|21
|
|switch|p1a: Excadrill|Excadrill, F|361\/361
|-ability|p1a: Excadrill|Mold Breaker
|move|p2a: Shedinja|Swords Dance|p2a: Shedinja
|-boost|p2a: Shedinja|atk|2
|
|turn|22
|
|move|p2a: Shedinja|Shadow Sneak|p1a: Excadrill
|-crit|p1a: Excadrill
|-damage|p1a: Excadrill|102\/361
|move|p1a: Excadrill|Rock Slide|p2a: Shedinja
|-supereffective|p2a: Shedinja
|-enditem|p2a: Shedinja|Focus Sash
|-damage|p2a: Shedinja|1\/1
|
|turn|23
|c|★HiroSeven|What? How is that legal
|c|★Hogg Horse|same way any focus sash is legal
|c|★HiroSeven|No lol, its way different when you only have 1hp
|
|switch|p1a: Cresselia|Cresselia, F|444\/444
|move|p2a: Shedinja|Shadow Sneak|p1a: Cresselia
|-supereffective|p1a: Cresselia
|-damage|p1a: Cresselia|238\/444
|
|-heal|p1a: Cresselia|265\/444|[from] item: Leftovers
|turn|24
|
|move|p1a: Cresselia|Moonblast|p2a: Shedinja
|-activate|p2a: Shedinja|ability: Wonder Guard
|move|p2a: Shedinja|X-Scissor|p1a: Cresselia
|-supereffective|p1a: Cresselia
|-damage|p1a: Cresselia|0 fnt
|faint|p1a: Cresselia
|
|
|switch|p1a: Sableye|Sableye-Mega, M|228\/304 brn
|turn|25
|
|switch|p2a: Heatran|Heatran, F|385\/385
|move|p1a: Sableye|Will-O-Wisp|p2a: Heatran
|-start|p2a: Heatran|ability: Flash Fire
|
|-damage|p1a: Sableye|190\/304 brn|[from] brn
|turn|26
|
|switch|p1a: Entei|Entei, shiny|371\/371
|-ability|p1a: Entei|Pressure
|move|p2a: Heatran|Lava Plume|p1a: Entei
|-crit|p1a: Entei
|-resisted|p1a: Entei
|-damage|p1a: Entei|209\/371
|
|turn|27
|
|move|p2a: Heatran|Protect|p2a: Heatran
|-singleturn|p2a: Heatran|Protect
|move|p1a: Entei|Bulldoze|p2a: Heatran
|-activate|p2a: Heatran|Protect
|
|turn|28
|
|switch|p1a: Raikou|Raikou|321\/321
|-ability|p1a: Raikou|Pressure
|switch|p2a: Alomomola|Alomomola, M|479\/479
|
|turn|29
|
|switch|p2a: Shedinja|Shedinja|1\/1
|move|p1a: Raikou|Volt Switch|p2a: Shedinja
|-activate|p2a: Shedinja|ability: Wonder Guard
|
|turn|30
|
|switch|p1a: Sableye|Sableye-Mega, M|190\/304 brn
|move|p2a: Shedinja|X-Scissor|p1a: Sableye
|-crit|p1a: Sableye
|-damage|p1a: Sableye|36\/304 brn
|
|-damage|p1a: Sableye|0 fnt|[from] brn
|faint|p1a: Sableye
|
|switch|p1a: Entei|Entei, shiny|209\/371
|-ability|p1a: Entei|Pressure
|turn|31
|
|switch|p2a: Heatran|Heatran, F|385\/385
|move|p1a: Entei|Sacred Fire|p2a: Heatran
|-start|p2a: Heatran|ability: Flash Fire
|
|turn|32
|
|switch|p1a: Suicune|Suicune|315\/404
|-ability|p1a: Suicune|Pressure
|move|p2a: Heatran|Toxic|p1a: Suicune
|-status|p1a: Suicune|tox
|
|-damage|p1a: Suicune|290\/404 tox|[from] psn
|turn|33
|
|switch|p1a: Entei|Entei, shiny|209\/371
|-ability|p1a: Entei|Pressure
|move|p2a: Heatran|Stealth Rock|p1a: Entei
|-sidestart|p1: HiroSeven|move: Stealth Rock
|
|turn|34
|
|move|p2a: Heatran|Protect|p2a: Heatran
|-singleturn|p2a: Heatran|Protect
|move|p1a: Entei|Bulldoze|p2a: Heatran
|-activate|p2a: Heatran|Protect
|
|turn|35
|
|switch|p1a: Excadrill|Excadrill, F|102\/361
|-damage|p1a: Excadrill|91\/361|[from] Stealth Rock
|-ability|p1a: Excadrill|Mold Breaker
|switch|p2a: Shedinja|Shedinja|1\/1
|
|turn|36
|
|switch|p1a: Entei|Entei, shiny|209\/371
|-damage|p1a: Entei|117\/371|[from] Stealth Rock
|-ability|p1a: Entei|Pressure
|move|p2a: Shedinja|Shadow Sneak|p1a: Entei
|-damage|p1a: Entei|44\/371
|
|turn|37
|
|move|p2a: Shedinja|Shadow Sneak|p1a: Entei
|-damage|p1a: Entei|0 fnt
|faint|p1a: Entei
|
|
|switch|p1a: Suicune|Suicune|290\/404 tox
|-damage|p1a: Suicune|240\/404 tox|[from] Stealth Rock
|-ability|p1a: Suicune|Pressure
|turn|38
|
|move|p1a: Suicune|Rest|p1a: Suicune
|-status|p1a: Suicune|slp
|-heal|p1a: Suicune|404\/404 slp|[silent]
|-status|p1a: Suicune|slp|[from] move: Rest
|move|p2a: Shedinja|Swords Dance|p2a: Shedinja
|-boost|p2a: Shedinja|atk|2
|
|turn|39
|
|cant|p1a: Suicune|slp
|move|p1a: Suicune|Sleep Talk|p1a: Suicune
|move|p1a: Suicune|Scald|p2a: Shedinja|[from]Sleep Talk
|-activate|p2a: Shedinja|ability: Wonder Guard
|move|p2a: Shedinja|Swords Dance|p2a: Shedinja
|-boost|p2a: Shedinja|atk|2
|
|turn|40
|
|cant|p1a: Suicune|slp
|move|p1a: Suicune|Sleep Talk|p1a: Suicune
|move|p1a: Suicune|Scald|p2a: Shedinja|[from]Sleep Talk
|-activate|p2a: Shedinja|ability: Wonder Guard
|move|p2a: Shedinja|Swords Dance|p2a: Shedinja
|-boost|p2a: Shedinja|atk|2
|
|turn|41
|
|-curestatus|p1a: Suicune|slp
|move|p1a: Suicune|Sleep Talk|p1a: Suicune
|-fail|p1a: Suicune
|move|p2a: Shedinja|X-Scissor|p1a: Suicune
|-damage|p1a: Suicune|65\/404
|
|turn|42
|
|move|p2a: Shedinja|Shadow Sneak|p1a: Suicune
|-crit|p1a: Suicune
|-damage|p1a: Suicune|0 fnt
|faint|p1a: Suicune
|
|-message|HiroSeven lost due to inactivity.
|-message|HiroSeven forfeited.
|leave|HiroSeven
|
|win|Hogg Horse
|raw|Ladder updating...
|raw|HiroSeven's rating: 1355 &rarr; <strong>1333<\/strong><br \/>(-22 for losing)
|raw|Hogg Horse's rating: 1309 &rarr; <strong>1332<\/strong><br \/>(+23 for winning)
|player|p1