|join|KratosSnake
|join|skolz
|player|p1|KratosSnake|159
|player|p2|skolz|260
|gametype|singles
|gen|6
|tier|OU
|rated
|clearpoke
|poke|p1|Charizard, F
|poke|p1|Tyranitar, M
|poke|p1|Excadrill, F
|poke|p1|Venusaur, F
|poke|p1|Keldeo
|poke|p1|Kyurem-Black
|poke|p2|Landorus-Therian, M
|poke|p2|Celebi
|poke|p2|Charizard, F
|poke|p2|Empoleon, M
|poke|p2|Gothitelle, F
|poke|p2|Rotom-Wash
|rule|Swagger Clause: Swagger is banned
|rule|Baton Pass Clause: Limit one Pokémon knowing Baton Pass
|rule|Sleep Clause Mod: Limit one foe put to sleep
|rule|Species Clause: Limit one of each Pokémon
|rule|OHKO Clause: OHKO moves are banned
|rule|Moody Clause: Moody is banned
|rule|Evasion Moves Clause: Evasion moves are banned
|rule|Endless Battle Clause: Forcing endless battles is banned
|rule|HP Percentage Mod: HP is shown in percentages
|teampreview
|
|start
|switch|p1a: Kyurem-Black|Kyurem-Black|391\/391
|switch|p2a: Charizard|Charizard, F|359\/359
|-ability|p1a: Kyurem-Black|Teravolt
|turn|1
|
|detailschange|p2a: Charizard|Charizard-Mega-X, F
|message|Charizard has Mega Evolved into Mega Charizard!
|move|p1a: Kyurem-Black|Fusion Bolt|p2a: Charizard
|-resisted|p2a: Charizard
|-damage|p2a: Charizard|298\/359
|move|p2a: Charizard|Will-O-Wisp|p1a: Kyurem-Black
|-status|p1a: Kyurem-Black|brn
|
|-damage|p1a: Kyurem-Black|343\/391 brn|[from] brn
|turn|2
|
|switch|p1a: Tyranitar|Tyranitar, M|341\/341
|-weather|Sandstorm
|move|p2a: Charizard|Will-O-Wisp|p1a: Tyranitar
|-status|p1a: Tyranitar|brn
|
|-weather|Sandstorm|[upkeep]
|-damage|p2a: Charizard|276\/359|[from] sandstorm
|-damage|p1a: Tyranitar|299\/341 brn|[from] brn
|turn|3
|
|switch|p2a: Empoleon|Empoleon, M|371\/371
|move|p1a: Tyranitar|Ice Beam|p2a: Empoleon
|-resisted|p2a: Empoleon
|-damage|p2a: Empoleon|357\/371
|
|-weather|Sandstorm|[upkeep]
|-heal|p2a: Empoleon|371\/371|[from] item: Leftovers
|-damage|p1a: Tyranitar|257\/341 brn|[from] brn
|turn|4
|
|move|p1a: Tyranitar|Stealth Rock|p2a: Empoleon
|-sidestart|p2: skolz|move: Stealth Rock
|move|p2a: Empoleon|Stealth Rock|p1a: Tyranitar
|-sidestart|p1: KratosSnake|move: Stealth Rock
|
|-weather|Sandstorm|[upkeep]
|-damage|p1a: Tyranitar|215\/341 brn|[from] brn
|turn|5
|
|switch|p1a: Keldeo|Keldeo|323\/323
|-damage|p1a: Keldeo|303\/323|[from] Stealth Rock
|move|p2a: Empoleon|Defog|p1a: Keldeo
|-unboost|p1a: Keldeo|evasion|1
|-sideend|p1: KratosSnake|Stealth Rock|[from] move: Defog|[of] p1a: Keldeo
|-sideend|p2: skolz|Stealth Rock|[from] move: Defog|[of] p2a: Empoleon
|
|-weather|Sandstorm|[upkeep]
|-damage|p1a: Keldeo|283\/323|[from] sandstorm
|turn|6
|
|switch|p1a: Charizard|Charizard, F|297\/297
|move|p2a: Empoleon|Scald|p1a: Charizard
|-supereffective|p1a: Charizard
|-damage|p1a: Charizard|79\/297
|
|-weather|none
|turn|7
|join|PeinMan
|
|detailschange|p1a: Charizard|Charizard-Mega-Y, F
|message|Charizard has Mega Evolved into Mega Charizard!
|-weather|SunnyDay
|move|p1a: Charizard|Roost|p1a: Charizard
|-heal|p1a: Charizard|228\/297
|move|p2a: Empoleon|Roar|p1a: Charizard
|drag|p1a: Kyurem-Black|Kyurem-Black|343\/391 brn
|-ability|p1a: Kyurem-Black|Teravolt
|
|-weather|SunnyDay|[upkeep]
|-damage|p1a: Kyurem-Black|295\/391 brn|[from] brn
|turn|8
|
|switch|p1a: Charizard|Charizard-Mega-Y, F|228\/297
|move|p2a: Empoleon|Stealth Rock|p1a: Charizard
|-sidestart|p1: KratosSnake|move: Stealth Rock
|
|-weather|SunnyDay|[upkeep]
|turn|9
|
|move|p1a: Charizard|Focus Blast|p2a: Empoleon|[miss]
|-miss|p1a: Charizard|p2a: Empoleon
|move|p2a: Empoleon|Roar|p1a: Charizard
|drag|p1a: Excadrill|Excadrill, F|361\/361
|-damage|p1a: Excadrill|350\/361|[from] Stealth Rock
|
|-weather|SunnyDay|[upkeep]
|turn|10
|
|switch|p2a: Landorus-Therian|Landorus-Therian, M|319\/319
|-ability|p2a: Landorus-Therian|Intimidate|[of] p1a: Excadrill
|-unboost|p1a: Excadrill|atk|1
|move|p1a: Excadrill|Rapid Spin|p2a: Landorus-Therian
|-damage|p2a: Landorus-Therian|294\/319
|-sideend|p1: KratosSnake|Stealth Rock|[from] move: Rapid Spin|[of] p1a: Excadrill
|-damage|p1a: Excadrill|314\/361|[from] item: Life Orb
|
|-weather|SunnyDay|[upkeep]
|turn|11
|
|switch|p1a: Kyurem-Black|Kyurem-Black|295\/391 brn
|-ability|p1a: Kyurem-Black|Teravolt
|move|p2a: Landorus-Therian|U-turn|p1a: Kyurem-Black
|-damage|p1a: Kyurem-Black|212\/391 brn
|
|switch|p2a: Empoleon|Empoleon, M|371\/371
|
|-weather|none
|-damage|p1a: Kyurem-Black|164\/391 brn|[from] brn
|turn|12
|
|switch|p1a: Charizard|Charizard-Mega-Y, F|228\/297
|-weather|SunnyDay
|move|p2a: Empoleon|Stealth Rock|p1a: Charizard
|-sidestart|p1: KratosSnake|move: Stealth Rock
|
|-weather|SunnyDay|[upkeep]
|turn|13
|
|move|p1a: Charizard|Flamethrower|p2a: Empoleon
|-damage|p2a: Empoleon|169\/371
|move|p2a: Empoleon|Scald|p1a: Charizard
|-supereffective|p1a: Charizard
|-damage|p1a: Charizard|130\/297
|
|-weather|SunnyDay|[upkeep]
|-heal|p2a: Empoleon|192\/371|[from] item: Leftovers
|turn|14
|
|switch|p2a: Charizard|Charizard-Mega-X, F|276\/359
|move|p1a: Charizard|Roost|p1a: Charizard
|-heal|p1a: Charizard|279\/297
|
|-weather|SunnyDay|[upkeep]
|turn|15
|
|switch|p1a: Kyurem-Black|Kyurem-Black|164\/391 brn
|-damage|p1a: Kyurem-Black|67\/391 brn|[from] Stealth Rock
|-ability|p1a: Kyurem-Black|Teravolt
|move|p2a: Charizard|Flare Blitz|p1a: Kyurem-Black
|-damage|p1a: Kyurem-Black|0 fnt
|-damage|p2a: Charizard|254\/359|[from] recoil|[of] p1a: Kyurem-Black
|faint|p1a: Kyurem-Black
|
|-weather|SunnyDay|[upkeep]
|
|switch|p1a: Keldeo|Keldeo|283\/323
|-damage|p1a: Keldeo|263\/323|[from] Stealth Rock
|turn|16
|
|switch|p2a: Celebi|Celebi|403\/403
|move|p1a: Keldeo|Hydro Pump|p2a: Celebi
|-resisted|p2a: Celebi
|-damage|p2a: Celebi|352\/403
|
|-weather|none
|-heal|p2a: Celebi|377\/403|[from] item: Leftovers
|turn|17
|
|switch|p1a: Tyranitar|Tyranitar, M|215\/341 brn
|-damage|p1a: Tyranitar|173\/341 brn|[from] Stealth Rock
|-weather|Sandstorm
|move|p2a: Celebi|Baton Pass|p2a: Celebi
|
|switch|p2a: Landorus-Therian|Landorus-Therian, M|294\/319
|-ability|p2a: Landorus-Therian|Intimidate|[of] p1a: Tyranitar
|-unboost|p1a: Tyranitar|atk|1
|
|-weather|Sandstorm|[upkeep]
|-damage|p1a: Tyranitar|131\/341 brn|[from] brn
|turn|18
|
|move|p2a: Landorus-Therian|U-turn|p1a: Tyranitar
|-supereffective|p1a: Tyranitar
|-damage|p1a: Tyranitar|0 fnt
|faint|p1a: Tyranitar
|
|switch|p2a: Rotom-Wash|Rotom-Wash|303\/303
|
|-weather|Sandstorm|[upkeep]
|-damage|p2a: Rotom-Wash|285\/303|[from] sandstorm
|-heal|p2a: Rotom-Wash|303\/303|[from] item: Leftovers
|
|switch|p1a: Venusaur|Venusaur, F|302\/302
|-damage|p1a: Venusaur|265\/302|[from] Stealth Rock
|turn|19
|
|switch|p2a: Empoleon|Empoleon, M|192\/371
|move|p1a: Venusaur|Giga Drain|p2a: Empoleon
|-damage|p2a: Empoleon|78\/371
|-heal|p1a: Venusaur|302\/302|[from] drain|[of] p2a: Empoleon
|-damage|p1a: Venusaur|272\/302|[from] item: Life Orb
|
|-weather|Sandstorm|[upkeep]
|-damage|p1a: Venusaur|254\/302|[from] sandstorm
|-heal|p2a: Empoleon|101\/371|[from] item: Leftovers
|turn|20
|
|switch|p2a: Celebi|Celebi|377\/403
|move|p1a: Venusaur|Sleep Powder|p2a: Celebi
|-fail|p2a: Celebi
|
|-weather|Sandstorm|[upkeep]
|-damage|p1a: Venusaur|236\/302|[from] sandstorm
|-damage|p2a: Celebi|352\/403|[from] sandstorm
|-heal|p2a: Celebi|377\/403|[from] item: Leftovers
|turn|21
|
|switch|p1a: Excadrill|Excadrill, F|314\/361
|-damage|p1a: Excadrill|303\/361|[from] Stealth Rock
|switch|p2a: Empoleon|Empoleon, M|101\/371
|
|-weather|none
|-heal|p2a: Empoleon|124\/371|[from] item: Leftovers
|turn|22
|
|move|p1a: Excadrill|Earthquake|p2a: Empoleon
|-supereffective|p2a: Empoleon
|-damage|p2a: Empoleon|0 fnt
|-damage|p1a: Excadrill|267\/361|[from] item: Life Orb
|faint|p2a: Empoleon
|
|
|switch|p2a: Landorus-Therian|Landorus-Therian, M|294\/319
|-ability|p2a: Landorus-Therian|Intimidate|[of] p1a: Excadrill
|-unboost|p1a: Excadrill|atk|1
|turn|23
|
|move|p2a: Landorus-Therian|Earthquake|p1a: Excadrill
|-supereffective|p1a: Excadrill
|-damage|p1a: Excadrill|0 fnt
|faint|p1a: Excadrill
|
|
|switch|p1a: Charizard|Charizard-Mega-Y, F|279\/297
|-damage|p1a: Charizard|131\/297|[from] Stealth Rock
|-weather|SunnyDay
|turn|24
|
|switch|p2a: Charizard|Charizard-Mega-X, F|254\/359
|move|p1a: Charizard|Focus Blast|p2a: Charizard
|-damage|p2a: Charizard|92\/359
|
|-weather|SunnyDay|[upkeep]
|turn|25
|
|move|p1a: Charizard|Flamethrower|p2a: Charizard
|-resisted|p2a: Charizard
|-damage|p2a: Charizard|18\/359
|move|p2a: Charizard|Flare Blitz|p1a: Charizard
|-resisted|p1a: Charizard
|-damage|p1a: Charizard|0 fnt
|-damage|p2a: Charizard|0 fnt|[from] recoil|[of] p1a: Charizard
|faint|p1a: Charizard
|faint|p2a: Charizard
|
|-weather|SunnyDay|[upkeep]
|
|switch|p1a: Venusaur|Venusaur, F|236\/302
|switch|p2a: Rotom-Wash|Rotom-Wash|303\/303
|-damage|p1a: Venusaur|199\/302|[from] Stealth Rock
|turn|26
|
|switch|p2a: Celebi|Celebi|377\/403
|move|p1a: Venusaur|Giga Drain|p2a: Celebi
|-resisted|p2a: Celebi
|-damage|p2a: Celebi|317\/403
|-heal|p1a: Venusaur|229\/302|[from] drain|[of] p2a: Celebi
|-damage|p1a: Venusaur|199\/302|[from] item: Life Orb
|
|-weather|SunnyDay|[upkeep]
|-heal|p2a: Celebi|342\/403|[from] item: Leftovers
|turn|27
|
|move|p1a: Venusaur|Sludge Bomb|p2a: Celebi
|-supereffective|p2a: Celebi
|-damage|p2a: Celebi|66\/403
|-damage|p1a: Venusaur|169\/302|[from] item: Life Orb
|move|p2a: Celebi|Recover|p2a: Celebi
|-heal|p2a: Celebi|268\/403
|
|-weather|SunnyDay|[upkeep]
|-heal|p2a: Celebi|293\/403|[from] item: Leftovers
|turn|28
|
|switch|p2a: Landorus-Therian|Landorus-Therian, M|294\/319
|-ability|p2a: Landorus-Therian|Intimidate|[of] p1a: Venusaur
|-unboost|p1a: Venusaur|atk|1
|move|p1a: Venusaur|Sludge Bomb|p2a: Landorus-Therian
|-resisted|p2a: Landorus-Therian
|-damage|p2a: Landorus-Therian|185\/319
|-damage|p1a: Venusaur|139\/302|[from] item: Life Orb
|
|-weather|none
|turn|29
|
|move|p2a: Landorus-Therian|Earthquake|p1a: Venusaur
|-damage|p1a: Venusaur|0 fnt
|faint|p1a: Venusaur
|
|
|switch|p1a: Keldeo|Keldeo|263\/323
|-damage|p1a: Keldeo|243\/323|[from] Stealth Rock
|turn|30
|c|★skolz|now you don't haxed me
|c|★skolz|ty for my points
|
|move|p2a: Landorus-Therian|Earthquake|p1a: Keldeo
|-damage|p1a: Keldeo|39\/323
|move|p1a: Keldeo|Hydro Pump|p2a: Landorus-Therian
|-supereffective|p2a: Landorus-Therian
|-damage|p2a: Landorus-Therian|0 fnt
|faint|p2a: Landorus-Therian
|
|c|★skolz|nice vegeance
|c|★skolz|:]
|
|switch|p2a: Gothitelle|Gothitelle, F|329\/329
|turn|31
|
|move|p2a: Gothitelle|Psychic|p1a: Keldeo
|-supereffective|p1a: Keldeo
|-damage|p1a: Keldeo|0 fnt
|faint|p1a: Keldeo
|
|win|skolz
|raw|Ladder updating...
|raw|KratosSnake's rating: 1715 &rarr; <strong>1690<\/strong><br \/>(-25 for losing)
|raw|skolz's rating: 1610 &rarr; <strong>1636<\/strong><br \/>(+26 for winning)