|join|KratosSnake
|join|Cienight
|player|p1|KratosSnake|159
|player|p2|Cienight|75
|gametype|singles
|gen|6
|tier|OU
|clearpoke
|poke|p1|Ferrothorn, M
|poke|p1|Diancie
|poke|p1|Tyranitar, F
|poke|p1|Keldeo-Resolute
|poke|p1|Latias, F
|poke|p1|Excadrill, M
|poke|p2|Crawdaunt, M
|poke|p2|Latios, M
|poke|p2|Dragonite, M
|poke|p2|Gardevoir, F
|poke|p2|Landorus-Therian, M
|poke|p2|Heatran, M
|rule|Swagger Clause: Swagger is banned
|rule|Baton Pass Clause: Limit one Pokémon knowing Baton Pass
|rule|Sleep Clause Mod: Limit one foe put to sleep
|rule|Species Clause: Limit one of each Pokémon
|rule|OHKO Clause: OHKO moves are banned
|rule|Moody Clause: Moody is banned
|rule|Evasion Moves Clause: Evasion moves are banned
|rule|Endless Battle Clause: Forcing endless battles is banned
|rule|HP Percentage Mod: HP is shown in percentages
|teampreview
|join|R3bellion
|join|Agilis
|join|UnBolievable
|join|Louisxd
|join|ARIstotle_12
|join|jajalolxdjaja
|join|HTAG
|join|xpl0000sive
|join|Dildo Delivery
|join|testingh12
|join|Kreiser
|join|Vikash445
|join|kawaii camel
|join|cdesmond98
|join|medagross999
|join|LadderSoTall
|join|bluri
|join|zapp.zapp
|c|★KratosSnake|gl hf
|c|★Cienight|gl you too
|join|plese no
|join|Halcyon of Light
|join|Brovacado
|join|fewoeinfwgw
|
|start
|switch|p1a: Keldeo-Resolute|Keldeo-Resolute|323\/323
|switch|p2a: Gardevoir|Gardevoir, F|291\/291
|turn|1
|join|Zezima
|leave|jajalolxdjaja
|c| Agilis|A Crawdaunt... how interesting to have that in the ORAS meta...
|join|Too much swog
|join|Layopay
|join|jeffrawr
|c| Vikash445|crawdaunt does big damage
|c| Zezima|^
|c| HTAG|still 2hkos everything if banded
|c| medagross999|Adaptability hurts
|c| Agilis|I think it didnt get much help in the new meta though.
|join|xxnarutosephirothx
|c| Agilis|That's why I am surprised a bit.
|join|Lum_Beri
|c| Kreiser|Choice Specs Crawdaunt is great this meta
|join|Demandred
|c| Louisxd|still beats stall
|
|switch|p1a: Ferrothorn|Ferrothorn, M|352\/352
|detailschange|p2a: Gardevoir|Gardevoir-Mega, F
|message|Gardevoir has Mega Evolved into Mega Gardevoir!
|move|p2a: Gardevoir|Calm Mind|p2a: Gardevoir
|-boost|p2a: Gardevoir|spa|1
|-boost|p2a: Gardevoir|spd|1
|
|turn|2
|c| Vikash445|OHKO latias,excadrill,and diance and probably tar
|c| medagross999|O_o
|c| Vikash445|ttar*
|c| Zezima|Agilis ur bad if u think Crawdaunt sucks
|join|Grumtastic
|join|oih98uh
|c| Agilis|Zezima, did I say anywhere that Crawdaunt sucks?
|c| Agilis|No
|leave|bluri
|c| Louisxd|now miss and die to gyro ball
|
|move|p2a: Gardevoir|Focus Blast|p1a: Ferrothorn
|-supereffective|p1a: Ferrothorn
|-damage|p1a: Ferrothorn|0 fnt
|faint|p1a: Ferrothorn
|
|c| Kreiser|reveal hp fire
|c| HTAG|oh shit
|c| Lum_Beri|uh oh
|c| Zezima|Cienight u sud put modchat on
|c| medagross999|oh shit
|c| Agilis|So please, save rude comments.
|c| UnBolievable|nb
|
|switch|p1a: Tyranitar|Tyranitar, F|403\/403
|-weather|Sandstorm
|turn|3
|c| HTAG|here is the shitstorm starts
|c| kawaii camel|smh this chat is shit
|raw|<div class="broadcast-red"><b>Moderated chat was set to +!<\/b><br \/>Only users of rank + and higher can talk.<\/div>
|
|switch|p1a: Excadrill|Excadrill, M|362\/362
|move|p2a: Gardevoir|Hyper Voice|p1a: Excadrill
|-resisted|p1a: Excadrill
|-damage|p1a: Excadrill|68\/362
|
|-weather|Sandstorm|[upkeep]
|-damage|p2a: Gardevoir|273\/291|[from] sandstorm
|turn|4
|join|Killerbeepokemon
|
|switch|p1a: Keldeo-Resolute|Keldeo-Resolute|323\/323
|switch|p2a: Landorus-Therian|Landorus-Therian, M|379\/379
|-ability|p2a: Landorus-Therian|Intimidate|[of] p1a: Keldeo-Resolute
|-unboost|p1a: Keldeo-Resolute|atk|1
|
|-weather|Sandstorm|[upkeep]
|-damage|p1a: Keldeo-Resolute|303\/323|[from] sandstorm
|turn|5
|
|switch|p2a: Latios|Latios, M|301\/301
|move|p1a: Keldeo-Resolute|Icy Wind|p2a: Latios
|-supereffective|p2a: Latios
|-damage|p2a: Latios|133\/301
|-unboost|p2a: Latios|spe|1
|
|-weather|Sandstorm|[upkeep]
|-damage|p1a: Keldeo-Resolute|283\/323|[from] sandstorm
|-damage|p2a: Latios|115\/301|[from] sandstorm
|turn|6
|join|the swan of ice
|
|switch|p2a: Gardevoir|Gardevoir-Mega, F|273\/291
|move|p1a: Keldeo-Resolute|Icy Wind|p2a: Gardevoir
|-damage|p2a: Gardevoir|197\/291
|-unboost|p2a: Gardevoir|spe|1
|
|-weather|Sandstorm|[upkeep]
|-damage|p1a: Keldeo-Resolute|263\/323|[from] sandstorm
|-damage|p2a: Gardevoir|179\/291|[from] sandstorm
|turn|7
|leave|Brovacado
|join|TechnoBlastBoy
|join|L is B
|join|Hiye
|leave|L is B
|
|switch|p1a: Excadrill|Excadrill, M|68\/362
|move|p2a: Gardevoir|Hyper Voice|p1a: Excadrill
|-resisted|p1a: Excadrill
|-damage|p1a: Excadrill|0 fnt
|faint|p1a: Excadrill
|
|-weather|Sandstorm|[upkeep]
|-damage|p2a: Gardevoir|161\/291|[from] sandstorm
|
|switch|p1a: Diancie|Diancie|241\/241
|turn|8
|join|Alldaalts
|
|switch|p2a: Landorus-Therian|Landorus-Therian, M|379\/379
|-ability|p2a: Landorus-Therian|Intimidate|[of] p1a: Diancie
|-fail|p1a: Diancie|unboost|[from] ability: Clear Body|[of] p1a: Diancie
|detailschange|p1a: Diancie|Diancie-Mega
|message|Diancie has Mega Evolved into Mega Diancie!
|move|p1a: Diancie|Moonblast|p2a: Landorus-Therian
|-damage|p2a: Landorus-Therian|138\/379
|
|-weather|Sandstorm|[upkeep]
|turn|9
|
|switch|p1a: Latias|Latias, F|321\/321
|switch|p2a: Heatran|Heatran, M|323\/323
|
|-weather|Sandstorm|[upkeep]
|-damage|p1a: Latias|301\/321|[from] sandstorm
|turn|10
|
|switch|p1a: Keldeo-Resolute|Keldeo-Resolute|263\/323
|move|p2a: Heatran|Flash Cannon|p1a: Keldeo-Resolute
|-resisted|p1a: Keldeo-Resolute
|-damage|p1a: Keldeo-Resolute|182\/323
|-unboost|p1a: Keldeo-Resolute|spd|1
|
|-weather|none
|turn|11
|join|andrethagiiant
|
|switch|p2a: Latios|Latios, M|115\/301
|move|p1a: Keldeo-Resolute|Scald|p2a: Latios
|-resisted|p2a: Latios
|-damage|p2a: Latios|16\/301
|
|turn|12
|
|switch|p1a: Tyranitar|Tyranitar, F|403\/403
|-weather|Sandstorm
|move|p2a: Latios|Tailwind|p2a: Latios
|-sidestart|p2: Cienight|move: Tailwind
|
|-weather|Sandstorm|[upkeep]
|-damage|p2a: Latios|0 fnt|[from] sandstorm
|faint|p2a: Latios
|join|spazzy wazzy
|
|switch|p2a: Gardevoir|Gardevoir-Mega, F|161\/291
|turn|13
|leave|the swan of ice
|join|ywiqsa
|
|move|p2a: Gardevoir|Hyper Voice|p1a: Tyranitar
|-supereffective|p1a: Tyranitar
|-damage|p1a: Tyranitar|55\/403
|move|p1a: Tyranitar|Stealth Rock|p2a: Gardevoir
|-sidestart|p2: Cienight|move: Stealth Rock
|
|-weather|Sandstorm|[upkeep]
|-damage|p2a: Gardevoir|143\/291|[from] sandstorm
|turn|14
|
|move|p2a: Gardevoir|Hyper Voice|p1a: Tyranitar
|-supereffective|p1a: Tyranitar
|-damage|p1a: Tyranitar|0 fnt
|faint|p1a: Tyranitar
|
|-weather|Sandstorm|[upkeep]
|-damage|p2a: Gardevoir|125\/291|[from] sandstorm
|join|OdiumRefined
|
|switch|p1a: Diancie|Diancie-Mega|241\/241
|turn|15
|
|move|p2a: Gardevoir|Hyper Voice|p1a: Diancie
|-damage|p1a: Diancie|73\/241
|move|p1a: Diancie|Moonblast|p2a: Gardevoir
|-damage|p2a: Gardevoir|0 fnt
|faint|p2a: Gardevoir
|
|-weather|Sandstorm|[upkeep]
|-sideend|p2: Cienight|move: Tailwind
|
|switch|p2a: Crawdaunt|Crawdaunt, M|269\/269
|-damage|p2a: Crawdaunt|236\/269|[from] Stealth Rock
|turn|16
|
|switch|p1a: Latias|Latias, F|301\/321
|move|p2a: Crawdaunt|Aqua Jet|p1a: Latias
|-resisted|p1a: Latias
|-damage|p1a: Latias|233\/321
|-damage|p2a: Crawdaunt|210\/269|[from] item: Life Orb
|
|-weather|Sandstorm|[upkeep]
|-damage|p1a: Latias|213\/321|[from] sandstorm
|-damage|p2a: Crawdaunt|194\/269|[from] sandstorm
|turn|17
|join|REDxLOTUS
|
|move|p1a: Latias|Draco Meteor|p2a: Crawdaunt
|-damage|p2a: Crawdaunt|0 fnt
|-unboost|p1a: Latias|spa|2
|-damage|p1a: Latias|181\/321|[from] item: Life Orb
|faint|p2a: Crawdaunt
|
|-weather|Sandstorm|[upkeep]
|-damage|p1a: Latias|161\/321|[from] sandstorm
|leave|ARIstotle_12
|join|L is B
|leave|L is B
|join|SRance
|
|switch|p2a: Dragonite|Dragonite, M|323\/323
|-damage|p2a: Dragonite|243\/323|[from] Stealth Rock
|turn|18
|
|move|p2a: Dragonite|Extreme Speed|p1a: Latias
|-damage|p1a: Latias|0 fnt
|faint|p1a: Latias
|
|-weather|Sandstorm|[upkeep]
|-damage|p2a: Dragonite|223\/323|[from] sandstorm
|join|ARIstotle_12
|join|MonteCrist0
|join|crawdauntite
|
|switch|p1a: Diancie|Diancie-Mega|73\/241
|turn|19
|
|switch|p2a: Landorus-Therian|Landorus-Therian, M|138\/379
|-damage|p2a: Landorus-Therian|91\/379|[from] Stealth Rock
|-ability|p2a: Landorus-Therian|Intimidate|[of] p1a: Diancie
|-unboost|p1a: Diancie|atk|1
|move|p1a: Diancie|Moonblast|p2a: Landorus-Therian
|-damage|p2a: Landorus-Therian|0 fnt
|faint|p2a: Landorus-Therian
|
|-weather|none
|join|Storm Flash
|join|JohnxYiu
|
|switch|p2a: Heatran|Heatran, M|323\/323
|-damage|p2a: Heatran|283\/323|[from] Stealth Rock
|turn|20
|
|switch|p1a: Keldeo-Resolute|Keldeo-Resolute|182\/323
|move|p2a: Heatran|Earth Power|p1a: Keldeo-Resolute
|-damage|p1a: Keldeo-Resolute|60\/323
|
|turn|21
|join|Prankster
|join|RaffaeleKing
|
|move|p2a: Heatran|Earth Power|p1a: Keldeo-Resolute
|-damage|p1a: Keldeo-Resolute|0 fnt
|faint|p1a: Keldeo-Resolute
|
|leave|HTAG
|leave|ARIstotle_12
|
|switch|p1a: Diancie|Diancie-Mega|73\/241
|turn|22
|join|TheEnder
|c|★KratosSnake|gg
|join|AjTheEpic
|c|★Cienight|gg
|
|move|p2a: Heatran|Earth Power|p1a: Diancie
|-supereffective|p1a: Diancie
|-damage|p1a: Diancie|0 fnt
|faint|p1a: Diancie
|
|win|Cienight
|leave|AjTheEpic
|leave|Killerbeepokemon
|leave|RaffaeleKing
|leave|kawaii camel
|leave|zapp.zapp
|leave|Grumtastic
|leave|Louisxd
|leave|testingh12
|leave|medagross999
|leave|MonteCrist0
|leave|Vikash445
|leave|TheEnder
|leave|TechnoBlastBoy
|leave|ywiqsa
|join|badassninja
|leave|Lum_Beri
|leave|cdesmond98
|join|The DragonKnight
|leave|REDxLOTUS
|leave|Kreiser
|leave|xxnarutosephirothx
|leave|Cienight
|player|p2
|leave|Hiye
|leave|Dildo Delivery
|leave|Storm Flash
|leave|UnBolievable
|leave|crawdauntite