|join|PikachuCandy
|join|In Your Window
|player|p1|PikachuCandy|155
|player|p2|In Your Window|38
|gametype|singles
|gen|6
|tier|OU
|rated
|clearpoke
|poke|p1|Landorus-Therian, M
|poke|p1|Wobbuffet, M, shiny
|poke|p1|Mandibuzz, F
|poke|p1|Garchomp, M, shiny
|poke|p1|Kyurem-Black, shiny
|poke|p1|Gardevoir, F, shiny
|poke|p2|Dragalge, F
|poke|p2|Gyarados, M
|poke|p2|Ferrothorn, M
|poke|p2|Landorus-Therian, M
|poke|p2|Heatran, F
|poke|p2|Latias, F
|rule|Swagger Clause: Swagger is banned
|rule|Baton Pass Clause: Limit one Pokémon knowing Baton Pass
|rule|Sleep Clause Mod: Limit one foe put to sleep
|rule|Species Clause: Limit one of each Pokémon
|rule|OHKO Clause: OHKO moves are banned
|rule|Moody Clause: Moody is banned
|rule|Evasion Moves Clause: Evasion moves are banned
|rule|Endless Battle Clause: Forcing endless battles is banned
|rule|HP Percentage Mod: HP is shown in percentages
|teampreview
|c|★In Your Window|glhf
|c|★PikachuCandy|you too
|
|start
|switch|p1a: Torpedo|Garchomp, M, shiny|357\/357
|switch|p2a: Landorus-Therian|Landorus-Therian, M|379\/379
|-ability|p2a: Landorus-Therian|Intimidate|[of] p1a: Torpedo
|-unboost|p1a: Torpedo|atk|1
|turn|1
|
|move|p1a: Torpedo|Swords Dance|p1a: Torpedo
|-boost|p1a: Torpedo|atk|2
|move|p2a: Landorus-Therian|Stealth Rock|p1a: Torpedo
|-sidestart|p1: PikachuCandy|move: Stealth Rock
|
|turn|2
|
|move|p1a: Torpedo|Dragon Claw|p2a: Landorus-Therian
|-damage|p2a: Landorus-Therian|213\/379
|move|p2a: Landorus-Therian|U-turn|p1a: Torpedo
|-damage|p1a: Torpedo|272\/357
|-damage|p2a: Landorus-Therian|166\/379|[from] ability: Rough Skin|[of] p1a: Torpedo
|
|switch|p2a: Latias|Latias, F|317\/317
|
|turn|3
|
|switch|p1a: BubbleTea|Wobbuffet, M, shiny|584\/584
|-damage|p1a: BubbleTea|511\/584|[from] Stealth Rock
|move|p2a: Latias|Draco Meteor|p1a: BubbleTea
|-damage|p1a: BubbleTea|237\/584
|-unboost|p2a: Latias|spa|2
|-damage|p2a: Latias|286\/317|[from] item: Life Orb
|
|-heal|p1a: BubbleTea|273\/584|[from] item: Leftovers
|turn|4
|
|move|p2a: Latias|Psyshock|p1a: BubbleTea
|-resisted|p1a: BubbleTea
|-damage|p1a: BubbleTea|215\/584
|-damage|p2a: Latias|255\/317|[from] item: Life Orb
|move|p1a: BubbleTea|Mirror Coat|p2a: Latias
|-damage|p2a: Latias|139\/317
|
|-heal|p1a: BubbleTea|251\/584|[from] item: Leftovers
|turn|5
|
|move|p2a: Latias|Healing Wish|p2a: Latias
|faint|p2a: Latias
|move|p1a: BubbleTea|Mirror Coat|p2: Latias|[notarget]
|-notarget
|
|-heal|p1a: BubbleTea|287\/584|[from] item: Leftovers
|
|switch|p2a: Gyarados|Gyarados, M|333\/333
|-heal|p2a: Gyarados|333\/333|[from] move: Healing Wish
|-ability|p2a: Gyarados|Intimidate|[of] p1a: BubbleTea
|-unboost|p1a: BubbleTea|atk|1
|turn|6
|
|switch|p1a: Wiz BITG|Mandibuzz, F|424\/424
|-damage|p1a: Wiz BITG|318\/424|[from] Stealth Rock
|detailschange|p2a: Gyarados|Gyarados-Mega, M
|-mega|p2a: Gyarados|Gyarados|Gyaradosite
|-ability|p2a: Gyarados|Mold Breaker
|move|p2a: Gyarados|Taunt|p1a: Wiz BITG
|-start|p1a: Wiz BITG|move: Taunt
|
|-heal|p1a: Wiz BITG|344\/424|[from] item: Leftovers
|turn|7
|
|move|p2a: Gyarados|Dragon Dance|p2a: Gyarados
|-boost|p2a: Gyarados|atk|1
|-boost|p2a: Gyarados|spe|1
|move|p1a: Wiz BITG|Foul Play|p2a: Gyarados
|-resisted|p2a: Gyarados
|-damage|p2a: Gyarados|198\/333
|
|-heal|p1a: Wiz BITG|370\/424|[from] item: Leftovers
|turn|8
|
|move|p2a: Gyarados|Waterfall|p1a: Wiz BITG
|-damage|p1a: Wiz BITG|205\/424
|cant|p1a: Wiz BITG|flinch
|
|-heal|p1a: Wiz BITG|231\/424|[from] item: Leftovers
|turn|9
|
|move|p2a: Gyarados|Dragon Dance|p2a: Gyarados
|-boost|p2a: Gyarados|atk|1
|-boost|p2a: Gyarados|spe|1
|move|p1a: Wiz BITG|Foul Play|p2a: Gyarados
|-resisted|p2a: Gyarados
|-damage|p2a: Gyarados|9\/333
|
|-heal|p1a: Wiz BITG|257\/424|[from] item: Leftovers
|-end|p1a: Wiz BITG|move: Taunt
|turn|10
|
|move|p2a: Gyarados|Waterfall|p1a: Wiz BITG
|-damage|p1a: Wiz BITG|22\/424
|move|p1a: Wiz BITG|Foul Play|p2a: Gyarados
|-resisted|p2a: Gyarados
|-damage|p2a: Gyarados|0 fnt
|faint|p2a: Gyarados
|
|-heal|p1a: Wiz BITG|48\/424|[from] item: Leftovers
|
|switch|p2a: Landorus-Therian|Landorus-Therian, M|166\/379
|-ability|p2a: Landorus-Therian|Intimidate|[of] p1a: Wiz BITG
|-unboost|p1a: Wiz BITG|atk|1
|turn|11
|
|move|p2a: Landorus-Therian|U-turn|p1a: Wiz BITG
|-damage|p1a: Wiz BITG|0 fnt
|faint|p1a: Wiz BITG
|
|switch|p2a: Ferrothorn|Ferrothorn, M|352\/352
|
|
|switch|p1a: Torpedo|Garchomp, M, shiny|272\/357
|-damage|p1a: Torpedo|250\/357|[from] Stealth Rock
|turn|12
|
|move|p1a: Torpedo|Swords Dance|p1a: Torpedo
|-boost|p1a: Torpedo|atk|2
|move|p2a: Ferrothorn|Leech Seed|p1a: Torpedo
|-start|p1a: Torpedo|move: Leech Seed
|
|-damage|p1a: Torpedo|206\/357|[from] Leech Seed|[of] p2a: Ferrothorn
|turn|13
|
|switch|p2a: Landorus-Therian|Landorus-Therian, M|166\/379
|-ability|p2a: Landorus-Therian|Intimidate|[of] p1a: Torpedo
|-unboost|p1a: Torpedo|atk|1
|move|p1a: Torpedo|Fire Fang|p2a: Landorus-Therian
|-damage|p2a: Landorus-Therian|75\/379
|-status|p2a: Landorus-Therian|brn
|
|-heal|p2a: Landorus-Therian|98\/379 brn|[from] item: Leftovers
|-damage|p1a: Torpedo|162\/357|[from] Leech Seed|[of] p2a: Landorus-Therian
|-heal|p2a: Landorus-Therian|142\/379 brn|[silent]
|-damage|p2a: Landorus-Therian|95\/379 brn|[from] brn
|turn|14
|
|switch|p2a: Ferrothorn|Ferrothorn, M|352\/352
|move|p1a: Torpedo|Dragon Claw|p2a: Ferrothorn
|-resisted|p2a: Ferrothorn
|-damage|p2a: Ferrothorn|277\/352
|-damage|p1a: Torpedo|118\/357|[from] ability: Iron Barbs|[of] p2a: Ferrothorn
|
|-heal|p2a: Ferrothorn|299\/352|[from] item: Leftovers
|-damage|p1a: Torpedo|74\/357|[from] Leech Seed|[of] p2a: Ferrothorn
|-heal|p2a: Ferrothorn|343\/352|[silent]
|turn|15
|
|switch|p2a: Landorus-Therian|Landorus-Therian, M|95\/379 brn
|-ability|p2a: Landorus-Therian|Intimidate|[of] p1a: Torpedo
|-unboost|p1a: Torpedo|atk|1
|move|p1a: Torpedo|Dragon Claw|p2a: Landorus-Therian
|-damage|p2a: Landorus-Therian|0 fnt
|faint|p2a: Landorus-Therian
|
|
|switch|p2a: Heatran|Heatran, F|323\/323
|turn|16
|
|move|p2a: Heatran|Flash Cannon|p1a: Torpedo
|-crit|p1a: Torpedo
|-damage|p1a: Torpedo|0 fnt
|faint|p1a: Torpedo
|
|
|switch|p1a: BubbleTea|Wobbuffet, M, shiny|287\/584
|-damage|p1a: BubbleTea|214\/584|[from] Stealth Rock
|turn|17
|
|move|p2a: Heatran|Flash Cannon|p1a: BubbleTea
|-damage|p1a: BubbleTea|58\/584
|move|p1a: BubbleTea|Mirror Coat|p2a: Heatran
|-damage|p2a: Heatran|11\/323
|
|-heal|p1a: BubbleTea|94\/584|[from] item: Leftovers
|turn|18
|
|move|p2a: Heatran|Flash Cannon|p1a: BubbleTea
|-damage|p1a: BubbleTea|0 fnt
|faint|p1a: BubbleTea
|
|
|switch|p1a: WishTail|Landorus-Therian, M|319\/319
|-damage|p1a: WishTail|280\/319|[from] Stealth Rock
|-ability|p1a: WishTail|Intimidate|[of] p2a: Heatran
|-unboost|p2a: Heatran|atk|1
|turn|19
|
|switch|p2a: Ferrothorn|Ferrothorn, M|343\/352
|move|p1a: WishTail|Earthquake|p2a: Ferrothorn
|-damage|p2a: Ferrothorn|196\/352
|
|-heal|p2a: Ferrothorn|218\/352|[from] item: Leftovers
|turn|20
|
|move|p1a: WishTail|Earthquake|p2a: Ferrothorn
|-damage|p2a: Ferrothorn|74\/352
|move|p2a: Ferrothorn|Leech Seed|p1a: WishTail
|-start|p1a: WishTail|move: Leech Seed
|
|-heal|p2a: Ferrothorn|96\/352|[from] item: Leftovers
|-damage|p1a: WishTail|241\/319|[from] Leech Seed|[of] p2a: Ferrothorn
|-heal|p2a: Ferrothorn|135\/352|[silent]
|turn|21
|-message|In Your Window forfeited.
|leave|In Your Window
|c|★PikachuCandy|gg
|
|win|PikachuCandy
|raw|Ladder updating...
|player|p2
|raw|PikachuCandy's rating: 1602 &rarr; <strong>1628<\/strong><br \/>(+26 for winning)
|raw|In Your Window's rating: 1709 &rarr; <strong>1683<\/strong><br \/>(-26 for losing)