|join|lil manaphy
|join|Braken ToTheStars
Braken ToTheStars turned on modjoin.
|raw|<div class="broadcast-red"><b>Moderated chat was set to +!<\/b><br \/>Only users of rank + and higher can talk.<\/div>
Braken ToTheStars made this room hidden.
|player|p1|lil manaphy|272
|player|p2|Braken ToTheStars|101
|gametype|singles
|gen|6
|tier|OU
|rated
|clearpoke
|poke|p1|Lopunny, M
|poke|p1|Manaphy
|poke|p1|Scizor, F
|poke|p1|Celebi
|poke|p1|Heatran, F
|poke|p1|Mandibuzz, F
|poke|p2|Garchomp, F
|poke|p2|Metagross
|poke|p2|Landorus, M
|poke|p2|Lucario, M
|poke|p2|Gengar, F
|poke|p2|Keldeo
|rule|Swagger Clause: Swagger is banned
|rule|Baton Pass Clause: Limit one Pokémon knowing Baton Pass
|rule|Sleep Clause Mod: Limit one foe put to sleep
|rule|Species Clause: Limit one of each Pokémon
|rule|OHKO Clause: OHKO moves are banned
|rule|Moody Clause: Moody is banned
|rule|Evasion Moves Clause: Evasion moves are banned
|rule|Endless Battle Clause: Forcing endless battles is banned
|rule|HP Percentage Mod: HP is shown in percentages
|teampreview
|
|start
|switch|p1a: Couture|Lopunny, M|271\/271
|switch|p2a: Metagross|Metagross|301\/301
|turn|1
|
|detailschange|p1a: Couture|Lopunny-Mega, M
|-mega|p1a: Couture|Lopunny|Lopunnite
|detailschange|p2a: Metagross|Metagross-Mega
|-mega|p2a: Metagross|Metagross|Metagrossite
|move|p1a: Couture|Fake Out|p2a: Metagross
|-resisted|p2a: Metagross
|-damage|p2a: Metagross|276\/301
|cant|p2a: Metagross|flinch
|
|turn|2
|
|switch|p1a: im walling everyth|Mandibuzz, F|423\/423
|move|p2a: Metagross|Meteor Mash|p1a: im walling everyth
|-damage|p1a: im walling everyth|260\/423
|-damage|p2a: Metagross|226\/301|[from] item: Rocky Helmet|[of] p1a: im walling everyth
|
|turn|3
|
|move|p2a: Metagross|Stealth Rock|p1a: im walling everyth
|-sidestart|p1: lil manaphy|move: Stealth Rock
|move|p1a: im walling everyth|Roost|p1a: im walling everyth
|-heal|p1a: im walling everyth|423\/423
|
|turn|4
|
|switch|p2a: Lucario|Lucario, M|281\/281
|move|p1a: im walling everyth|Defog|p2a: Lucario
|-unboost|p2a: Lucario|evasion|1
|-sideend|p1: lil manaphy|Stealth Rock|[from] move: Defog|[of] p1a: im walling everyth
|
|turn|5
|
|move|p2a: Lucario|Close Combat|p1a: im walling everyth
|-damage|p1a: im walling everyth|228\/423
|-damage|p2a: Lucario|235\/281|[from] item: Rocky Helmet|[of] p1a: im walling everyth
|-unboost|p2a: Lucario|def|1
|-unboost|p2a: Lucario|spd|1
|-damage|p2a: Lucario|207\/281|[from] item: Life Orb
|move|p1a: im walling everyth|Roost|p1a: im walling everyth
|-heal|p1a: im walling everyth|423\/423
|
|turn|6
|
|switch|p2a: Keldeo|Keldeo|323\/323
|move|p1a: im walling everyth|Foul Play|p2a: Keldeo
|-resisted|p2a: Keldeo
|-damage|p2a: Keldeo|287\/323
|-boost|p2a: Keldeo|atk|1|[from] ability: Justified
|
|turn|7
|
|switch|p2a: Gengar|Gengar, F|261\/261
|move|p1a: im walling everyth|Foul Play|p2a: Gengar
|-supereffective|p2a: Gengar
|-damage|p2a: Gengar|99\/261
|
|turn|8
|
|switch|p1a: bean curd puff|Heatran, F|386\/386
|move|p2a: Gengar|Sludge Wave|p1a: bean curd puff
|-immune|p1a: bean curd puff|[msg]
|
|turn|9
|
|move|p2a: Gengar|Focus Blast|p1a: bean curd puff|[miss]
|-miss|p2a: Gengar|p1a: bean curd puff
|move|p1a: bean curd puff|Lava Plume|p2a: Gengar
|-damage|p2a: Gengar|0 fnt
|faint|p2a: Gengar
|
|
|switch|p2a: Garchomp|Garchomp, F|364\/364
|turn|10
|
|switch|p1a: im walling everyth|Mandibuzz, F|423\/423
|move|p2a: Garchomp|Substitute|p2a: Garchomp
|-start|p2a: Garchomp|Substitute
|-damage|p2a: Garchomp|273\/364
|
|turn|11
|
|move|p2a: Garchomp|Swords Dance|p2a: Garchomp
|-boost|p2a: Garchomp|atk|2
|move|p1a: im walling everyth|Foul Play|p2a: Garchomp
|-end|p2a: Garchomp|Substitute
|
|turn|12
|
|move|p2a: Garchomp|Dragon Claw|p1a: im walling everyth
|-damage|p1a: im walling everyth|218\/423
|-damage|p2a: Garchomp|213\/364|[from] item: Rocky Helmet|[of] p1a: im walling everyth
|move|p1a: im walling everyth|Foul Play|p2a: Garchomp
|-damage|p2a: Garchomp|0 fnt
|-damage|p1a: im walling everyth|166\/423|[from] ability: Rough Skin|[of] p2a: Garchomp
|faint|p2a: Garchomp
|
|
|switch|p2a: Lucario|Lucario, M|207\/281
|turn|13
|
|move|p2a: Lucario|Close Combat|p1a: im walling everyth
|-damage|p1a: im walling everyth|0 fnt
|-damage|p2a: Lucario|161\/281|[from] item: Rocky Helmet|[of] p1a: im walling everyth
|-unboost|p2a: Lucario|def|1
|-unboost|p2a: Lucario|spd|1
|-damage|p2a: Lucario|133\/281|[from] item: Life Orb
|faint|p1a: im walling everyth
|
|
|switch|p1a: Couture|Lopunny-Mega, M|271\/271
|turn|14
|
|switch|p2a: Keldeo|Keldeo|287\/323
|move|p1a: Couture|Power-Up Punch|p2a: Keldeo
|-damage|p2a: Keldeo|208\/323
|-boost|p1a: Couture|atk|1
|
|turn|15
|
|switch|p1a: just my onion|Celebi|404\/404
|move|p2a: Keldeo|Secret Sword|p1a: just my onion
|-resisted|p1a: just my onion
|-damage|p1a: just my onion|333\/404
|
|-heal|p1a: just my onion|358\/404|[from] item: Leftovers
|turn|16
|
|switch|p2a: Metagross|Metagross-Mega|226\/301
|move|p1a: just my onion|Baton Pass|p1a: just my onion
|
|switch|p1a: business|Scizor, F|343\/343
|
|turn|17
|
|move|p2a: Metagross|Stealth Rock|p1a: business
|-sidestart|p1: lil manaphy|move: Stealth Rock
|move|p1a: business|Pursuit|p2a: Metagross
|-supereffective|p2a: Metagross
|-damage|p2a: Metagross|48\/301
|
|turn|18
|
|move|p2a: Metagross|Thunder Punch|p1a: business
|-damage|p1a: business|203\/343
|move|p1a: business|Pursuit|p2a: Metagross
|-crit|p2a: Metagross
|-supereffective|p2a: Metagross
|-damage|p2a: Metagross|0 fnt
|faint|p2a: Metagross
|
|
|switch|p2a: Lucario|Lucario, M|133\/281
|turn|19
|
|move|p2a: Lucario|Close Combat|p1a: business
|-damage|p1a: business|0 fnt
|-unboost|p2a: Lucario|def|1
|-unboost|p2a: Lucario|spd|1
|-damage|p2a: Lucario|105\/281|[from] item: Life Orb
|faint|p1a: business
|
|
|switch|p1a: Couture|Lopunny-Mega, M|271\/271
|-damage|p1a: Couture|255\/271|[from] Stealth Rock
|turn|20
|
|switch|p2a: Landorus|Landorus, M|319\/319
|move|p1a: Couture|Drain Punch|p2a: Landorus
|-resisted|p2a: Landorus
|-damage|p2a: Landorus|241\/319
|-heal|p1a: Couture|271\/271|[from] drain|[of] p2a: Landorus
|
|turn|21
|
|switch|p1a: bean curd puff|Heatran, F|386\/386
|-damage|p1a: bean curd puff|338\/386|[from] Stealth Rock
|move|p2a: Landorus|Knock Off|p1a: bean curd puff
|-damage|p1a: bean curd puff|234\/386
|-enditem|p1a: bean curd puff|Leftovers|[from] move: Knock Off|[of] p2a: Landorus
|-damage|p2a: Landorus|210\/319|[from] item: Life Orb
|
|turn|22
|
|move|p2a: Landorus|Earth Power|p1a: bean curd puff
|-supereffective|p1a: bean curd puff
|-damage|p1a: bean curd puff|0 fnt
|faint|p1a: bean curd puff
|
|
|switch|p1a: Couture|Lopunny-Mega, M|271\/271
|-damage|p1a: Couture|255\/271|[from] Stealth Rock
|turn|23
|
|move|p1a: Couture|Fake Out|p2a: Landorus
|-damage|p2a: Landorus|131\/319
|cant|p2a: Landorus|flinch
|
|turn|24
|
|move|p1a: Couture|Return|p2a: Landorus
|-damage|p2a: Landorus|0 fnt
|faint|p2a: Landorus
|
|
|switch|p2a: Keldeo|Keldeo|208\/323
|turn|25
|
|switch|p1a: just my onion|Celebi|358\/404
|-damage|p1a: just my onion|308\/404|[from] Stealth Rock
|move|p2a: Keldeo|Secret Sword|p1a: just my onion
|-resisted|p1a: just my onion
|-damage|p1a: just my onion|232\/404
|
|-heal|p1a: just my onion|257\/404|[from] item: Leftovers
|turn|26
|
|switch|p2a: Lucario|Lucario, M|105\/281
|move|p1a: just my onion|Giga Drain|p2a: Lucario
|-resisted|p2a: Lucario
|-damage|p2a: Lucario|43\/281
|-heal|p1a: just my onion|288\/404|[from] drain|[of] p2a: Lucario
|
|-heal|p1a: just my onion|313\/404|[from] item: Leftovers
|turn|27
|
|switch|p1a: still bigger than|Manaphy|341\/341
|-damage|p1a: still bigger than|299\/341|[from] Stealth Rock
|move|p2a: Lucario|Close Combat|p1a: still bigger than
|-damage|p1a: still bigger than|49\/341
|-unboost|p2a: Lucario|def|1
|-unboost|p2a: Lucario|spd|1
|-damage|p2a: Lucario|15\/281|[from] item: Life Orb
|
|-heal|p1a: still bigger than|70\/341|[from] item: Leftovers
|turn|28
|c|★Braken ToTheStars|gg
|-message|Braken ToTheStars forfeited.
|leave|Braken ToTheStars
|
|switch|p2a: Keldeo|Keldeo|208\/323
|move|p1a: still bigger than|Psychic|p2a: Keldeo
|-supereffective|p2a: Keldeo
|-damage|p2a: Keldeo|0 fnt
|faint|p2a: Keldeo
|
|-heal|p1a: still bigger than|91\/341|[from] item: Leftovers
|
|win|lil manaphy
|raw|Ladder updating...
|player|p2
|raw|lil manaphy's rating: 1786 &rarr; <strong>1793<\/strong><br \/>(+7 for winning)
|raw|Braken ToTheStars's rating: 1528 &rarr; <strong>1521<\/strong><br \/>(-7 for losing)