|join|entersandman0406
|join|MintyShade
|player|p1|entersandman0406|161
|player|p2|MintyShade|148
|gametype|singles
|gen|6
|tier|OU
|rated
|clearpoke
|poke|p1|Magnezone
|poke|p1|Garchomp, M
|poke|p1|Cresselia, F
|poke|p1|Azumarill, F
|poke|p1|Gardevoir, F
|poke|p1|Landorus-Therian, M
|poke|p2|Heatran, M
|poke|p2|Aerodactyl, F
|poke|p2|Whimsicott, M
|poke|p2|Slowbro, F
|poke|p2|Gliscor, M
|poke|p2|Garchomp, M
|rule|Swagger Clause: Swagger is banned
|rule|Baton Pass Clause: Limit one Pokémon knowing Baton Pass
|rule|Sleep Clause Mod: Limit one foe put to sleep
|rule|Species Clause: Limit one of each Pokémon
|rule|OHKO Clause: OHKO moves are banned
|rule|Moody Clause: Moody is banned
|rule|Evasion Moves Clause: Evasion moves are banned
|rule|Endless Battle Clause: Forcing endless battles is banned
|rule|HP Percentage Mod: HP is shown in percentages
|teampreview
|
|start
|switch|p1a: Landorus-Therian|Landorus-Therian, M|382\/382
|switch|p2a: Heatran|Heatran, M|374\/374
|-ability|p1a: Landorus-Therian|Intimidate|[of] p2a: Heatran
|-unboost|p2a: Heatran|atk|1
|turn|1
|
|switch|p2a: Whimsicott|Whimsicott, M|324\/324
|move|p1a: Landorus-Therian|Earthquake|p2a: Whimsicott
|-resisted|p2a: Whimsicott
|-damage|p2a: Whimsicott|258\/324
|
|-heal|p2a: Whimsicott|278\/324|[from] item: Leftovers
|turn|2
|
|move|p2a: Whimsicott|U-turn|p1a: Landorus-Therian
|-resisted|p1a: Landorus-Therian
|-damage|p1a: Landorus-Therian|370\/382
|
|switch|p2a: Gliscor|Gliscor, M|352\/352
|move|p1a: Landorus-Therian|Stealth Rock|p2a: Gliscor
|-sidestart|p2: MintyShade|move: Stealth Rock
|
|-heal|p1a: Landorus-Therian|382\/382|[from] item: Leftovers
|-status|p2a: Gliscor|tox|[from] item: Toxic Orb
|turn|3
|
|switch|p1a: Magnezone|Magnezone|281\/281
|move|p2a: Gliscor|Knock Off|p1a: Magnezone
|-damage|p1a: Magnezone|223\/281
|-enditem|p1a: Magnezone|Leftovers|[from] move: Knock Off|[of] p2a: Gliscor
|
|turn|4
|
|switch|p2a: Heatran|Heatran, M|374\/374
|-damage|p2a: Heatran|328\/374|[from] Stealth Rock
|move|p1a: Magnezone|Substitute|p1a: Magnezone
|-start|p1a: Magnezone|Substitute
|-damage|p1a: Magnezone|153\/281
|
|turn|5
|
|move|p2a: Heatran|Lava Plume|p1a: Magnezone
|-supereffective|p1a: Magnezone
|-end|p1a: Magnezone|Substitute
|move|p1a: Magnezone|Thunderbolt|p2a: Heatran
|-damage|p2a: Heatran|102\/374
|
|turn|6
|
|switch|p1a: Azumarill|Azumarill, F|341\/341
|move|p2a: Heatran|Lava Plume|p1a: Azumarill
|-resisted|p1a: Azumarill
|-damage|p1a: Azumarill|244\/341
|-status|p1a: Azumarill|brn
|
|-damage|p1a: Azumarill|202\/341 brn|[from] brn
|turn|7
|
|switch|p2a: Slowbro|Slowbro, F|394\/394
|-damage|p2a: Slowbro|345\/394|[from] Stealth Rock
|move|p1a: Azumarill|Waterfall|p2a: Slowbro
|-resisted|p2a: Slowbro
|-damage|p2a: Slowbro|313\/394
|
|-heal|p2a: Slowbro|337\/394|[from] item: Leftovers
|-damage|p1a: Azumarill|160\/341 brn|[from] brn
|turn|8
|
|move|p1a: Azumarill|Knock Off|p2a: Slowbro
|-supereffective|p2a: Slowbro
|-damage|p2a: Slowbro|247\/394
|-enditem|p2a: Slowbro|Leftovers|[from] move: Knock Off|[of] p1a: Azumarill
|move|p2a: Slowbro|Scald|p1a: Azumarill
|-resisted|p1a: Azumarill
|-damage|p1a: Azumarill|119\/341 brn
|
|-damage|p1a: Azumarill|77\/341 brn|[from] brn
|turn|9
|
|switch|p2a: Heatran|Heatran, M|102\/374
|-damage|p2a: Heatran|56\/374|[from] Stealth Rock
|move|p1a: Azumarill|Play Rough|p2a: Heatran
|-resisted|p2a: Heatran
|-damage|p2a: Heatran|31\/374
|
|-damage|p1a: Azumarill|35\/341 brn|[from] brn
|turn|10
|
|move|p1a: Azumarill|Aqua Jet|p2a: Heatran
|-supereffective|p2a: Heatran
|-damage|p2a: Heatran|0 fnt
|faint|p2a: Heatran
|
|-damage|p1a: Azumarill|0 fnt|[from] brn
|faint|p1a: Azumarill
|
|switch|p2a: Garchomp|Garchomp, M|358\/358
|-damage|p2a: Garchomp|336\/358|[from] Stealth Rock
|switch|p1a: Gardevoir|Gardevoir, F|278\/278
|turn|11
|
|detailschange|p1a: Gardevoir|Gardevoir-Mega, F
|message|Gardevoir has Mega Evolved into Mega Gardevoir!
|move|p2a: Garchomp|Stealth Rock|p1a: Gardevoir
|-sidestart|p1: entersandman0406|move: Stealth Rock
|move|p1a: Gardevoir|Hyper Voice|p2a: Garchomp
|-supereffective|p2a: Garchomp
|-damage|p2a: Garchomp|0 fnt
|faint|p2a: Garchomp
|
|
|switch|p2a: Gliscor|Gliscor, M|352\/352 tox
|-damage|p2a: Gliscor|308\/352 tox|[from] Stealth Rock
|turn|12
|
|move|p1a: Gardevoir|Hyper Voice|p2a: Gliscor
|-damage|p2a: Gliscor|61\/352 tox
|move|p2a: Gliscor|Toxic|p1a: Gardevoir
|-status|p1a: Gardevoir|tox
|
|-damage|p1a: Gardevoir|261\/278 tox|[from] psn
|-heal|p2a: Gliscor|105\/352 tox|[from] ability: Poison Heal
|turn|13
|
|switch|p1a: Magnezone|Magnezone|153\/281
|-damage|p1a: Magnezone|136\/281|[from] Stealth Rock
|move|p2a: Gliscor|Knock Off|p1a: Magnezone
|-damage|p1a: Magnezone|96\/281
|
|-heal|p2a: Gliscor|149\/352 tox|[from] ability: Poison Heal
|turn|14
|
|move|p2a: Gliscor|Knock Off|p1a: Magnezone
|-damage|p1a: Magnezone|58\/281
|move|p1a: Magnezone|Flash Cannon|p2a: Gliscor
|-damage|p2a: Gliscor|0 fnt
|faint|p2a: Gliscor
|
|
|switch|p2a: Aerodactyl|Aerodactyl, F|302\/302
|-damage|p2a: Aerodactyl|227\/302|[from] Stealth Rock
|-ability|p2a: Aerodactyl|Pressure
|turn|15
|
|switch|p1a: Landorus-Therian|Landorus-Therian, M|382\/382
|-damage|p1a: Landorus-Therian|335\/382|[from] Stealth Rock
|-ability|p1a: Landorus-Therian|Intimidate|[of] p2a: Aerodactyl
|-unboost|p2a: Aerodactyl|atk|1
|detailschange|p2a: Aerodactyl|Aerodactyl-Mega, F
|message|Aerodactyl has Mega Evolved into Mega Aerodactyl!
|move|p2a: Aerodactyl|Aqua Tail|p1a: Landorus-Therian
|-supereffective|p1a: Landorus-Therian
|-damage|p1a: Landorus-Therian|189\/382
|
|-heal|p1a: Landorus-Therian|212\/382|[from] item: Leftovers
|turn|16
|
|move|p2a: Aerodactyl|Hone Claws|p2a: Aerodactyl
|-boost|p2a: Aerodactyl|atk|1
|-boost|p2a: Aerodactyl|accuracy|1
|move|p1a: Landorus-Therian|Knock Off|p2a: Aerodactyl
|-damage|p2a: Aerodactyl|141\/302
|
|-heal|p1a: Landorus-Therian|235\/382|[from] item: Leftovers
|turn|17
|
|move|p2a: Aerodactyl|Aqua Tail|p1a: Landorus-Therian
|-supereffective|p1a: Landorus-Therian
|-damage|p1a: Landorus-Therian|21\/382
|move|p1a: Landorus-Therian|Knock Off|p2a: Aerodactyl
|-damage|p2a: Aerodactyl|63\/302
|
|-heal|p1a: Landorus-Therian|44\/382|[from] item: Leftovers
|turn|18
|
|move|p2a: Aerodactyl|Aqua Tail|p1a: Landorus-Therian
|-supereffective|p1a: Landorus-Therian
|-damage|p1a: Landorus-Therian|0 fnt
|faint|p1a: Landorus-Therian
|
|
|switch|p1a: Cresselia|Cresselia, F|444\/444
|-damage|p1a: Cresselia|389\/444|[from] Stealth Rock
|turn|19
|
|move|p2a: Aerodactyl|Stone Edge|p1a: Cresselia
|-damage|p1a: Cresselia|280\/444
|move|p1a: Cresselia|Thunder Wave|p2a: Aerodactyl
|-status|p2a: Aerodactyl|par
|
|-heal|p1a: Cresselia|307\/444|[from] item: Leftovers
|turn|20
|
|move|p1a: Cresselia|Psychic|p2a: Aerodactyl
|-damage|p2a: Aerodactyl|0 fnt
|faint|p2a: Aerodactyl
|
|-heal|p1a: Cresselia|334\/444|[from] item: Leftovers
|
|switch|p2a: Whimsicott|Whimsicott, M|278\/324
|-damage|p2a: Whimsicott|238\/324|[from] Stealth Rock
|turn|21
|
|move|p2a: Whimsicott|Leech Seed|p1a: Cresselia
|-start|p1a: Cresselia|move: Leech Seed
|move|p1a: Cresselia|Thunder Wave|p2a: Whimsicott
|-status|p2a: Whimsicott|par
|
|-heal|p1a: Cresselia|361\/444|[from] item: Leftovers
|-heal|p2a: Whimsicott|258\/324 par|[from] item: Leftovers
|-damage|p1a: Cresselia|306\/444|[from] Leech Seed|[of] p2a: Whimsicott
|-heal|p2a: Whimsicott|313\/324 par|[silent]
|turn|22
|
|switch|p1a: Magnezone|Magnezone|58\/281
|-damage|p1a: Magnezone|41\/281|[from] Stealth Rock
|move|p2a: Whimsicott|Encore|p1a: Magnezone
|-fail|p1a: Magnezone
|
|-heal|p2a: Whimsicott|324\/324 par|[from] item: Leftovers
|turn|23
|
|move|p1a: Magnezone|Flash Cannon|p2a: Whimsicott
|-supereffective|p2a: Whimsicott
|-damage|p2a: Whimsicott|0 fnt
|faint|p2a: Whimsicott
|
|
|switch|p2a: Slowbro|Slowbro, F|378\/394
|-damage|p2a: Slowbro|329\/394|[from] Stealth Rock
|turn|24
|c|★MintyShade|gg
|
|move|p1a: Magnezone|Thunderbolt|p2a: Slowbro
|-supereffective|p2a: Slowbro
|-damage|p2a: Slowbro|0 fnt
|faint|p2a: Slowbro
|
|win|entersandman0406
|raw|Ladder updating...
|raw|entersandman0406's rating: 1735 &rarr; <strong>1750<\/strong><br \/>(+15 for winning)
|raw|MintyShade's rating: 1645 &rarr; <strong>1630<\/strong><br \/>(-15 for losing)
|c|★entersandman0406|I forgot whimsicott has fairy
|c|★entersandman0406|lol
|leave|MintyShade
|player|p2