|join|Robbenwithlasers
|join|Guesst_50790
|player|p1|Robbenwithlasers|292
|player|p2|Guesst_50790|294
|gametype|singles
|gen|6
|tier|OU
|rated
|clearpoke
|poke|p1|Mamoswine, M
|poke|p1|Thundurus, M
|poke|p1|Latias, F
|poke|p1|Keldeo
|poke|p1|Venusaur, M
|poke|p1|Azumarill, M
|poke|p2|Landorus-Therian, M
|poke|p2|Greninja, M
|poke|p2|Keldeo
|poke|p2|Gothitelle, F
|poke|p2|Mandibuzz, F
|poke|p2|Charizard, M
|rule|Swagger Clause: Swagger is banned
|rule|Baton Pass Clause: Limit one Pokémon knowing Baton Pass
|rule|Sleep Clause Mod: Limit one foe put to sleep
|rule|Species Clause: Limit one of each Pokémon
|rule|OHKO Clause: OHKO moves are banned
|rule|Moody Clause: Moody is banned
|rule|Evasion Moves Clause: Evasion moves are banned
|rule|Endless Battle Clause: Forcing endless battles is banned
|rule|HP Percentage Mod: HP is reported as percentages
|teampreview
|
|start
|switch|p1a: Venusaur|Venusaur, M|301\/301
|switch|p2a: Greninja|Greninja, M|285\/285
|turn|1
|
|detailschange|p1a: Venusaur|Venusaur-Mega, M
|message|Venusaur has Mega Evolved into Mega Venusaur!
|move|p2a: Greninja|Extrasensory|p1a: Venusaur
|-start|p2a: Greninja|typechange|Psychic|[from] Protean
|-supereffective|p1a: Venusaur
|-damage|p1a: Venusaur|5\/301
|-damage|p2a: Greninja|257\/285|[from] item: Life Orb
|move|p1a: Venusaur|Petal Blizzard|p2a: Greninja
|-damage|p2a: Greninja|37\/285
|
|turn|2
|
|switch|p1a: Latias|Latias, F|301\/301
|move|p2a: Greninja|U-turn|p1a: Latias
|-start|p2a: Greninja|typechange|Bug|[from] Protean
|-crit|p1a: Latias
|-supereffective|p1a: Latias
|-damage|p1a: Latias|0 fnt
|-damage|p2a: Greninja|9\/285|[from] item: Life Orb
|faint|p1a: Latias
|
|switch|p2a: Landorus-Therian|Landorus-Therian, M|320\/320
|
|
|switch|p1a: Mamoswine|Mamoswine, M|361\/361
|turn|3
|
|move|p2a: Landorus-Therian|U-turn|p1a: Mamoswine
|-damage|p1a: Mamoswine|238\/361
|
|switch|p2a: Charizard|Charizard, M|298\/298
|move|p1a: Mamoswine|Stealth Rock|p2a: Charizard
|-sidestart|p2: Guesst_50790|move: Stealth Rock
|
|turn|4
|
|switch|p1a: Venusaur|Venusaur-Mega, M|5\/301
|move|p2a: Charizard|Dragon Dance|p2a: Charizard
|-boost|p2a: Charizard|atk|1
|-boost|p2a: Charizard|spe|1
|
|turn|5
|
|move|p2a: Charizard|Dragon Claw|p1a: Venusaur
|-damage|p1a: Venusaur|0 fnt
|faint|p1a: Venusaur
|
|
|switch|p1a: Thundurus|Thundurus, M|299\/299
|turn|6
|
|detailschange|p2a: Charizard|Charizard-Mega-X, M
|message|Charizard has Mega Evolved into Mega Charizard!
|move|p1a: Thundurus|Thunder Wave|p2a: Charizard
|-status|p2a: Charizard|par
|cant|p2a: Charizard|par
|
|turn|7
|
|move|p1a: Thundurus|Focus Blast|p2a: Charizard|[miss]
|-miss|p1a: Thundurus|p2a: Charizard
|move|p2a: Charizard|Flare Blitz|p1a: Thundurus
|-damage|p1a: Thundurus|0 fnt
|-damage|p2a: Charizard|199\/298 par|[from] recoil|[of] p1a: Thundurus
|faint|p1a: Thundurus
|
|
|switch|p1a: Mamoswine|Mamoswine, M|238\/361
|turn|8
|
|move|p1a: Mamoswine|Earthquake|p2a: Charizard
|-supereffective|p2a: Charizard
|-damage|p2a: Charizard|0 fnt
|-damage|p1a: Mamoswine|202\/361|[from] item: Life Orb
|faint|p2a: Charizard
|
|
|switch|p2a: Gothitelle|Gothitelle, F|282\/282
|-damage|p2a: Gothitelle|247\/282|[from] Stealth Rock
|turn|9
|
|move|p2a: Gothitelle|Psyshock|p1a: Mamoswine
|-damage|p1a: Mamoswine|64\/361
|move|p1a: Mamoswine|Icicle Crash|p2a: Gothitelle|[miss]
|-miss|p1a: Mamoswine|p2a: Gothitelle
|
|turn|10
|
|move|p1a: Mamoswine|Ice Shard|p2a: Gothitelle
|-damage|p2a: Gothitelle|134\/282
|-damage|p1a: Mamoswine|28\/361|[from] item: Life Orb
|move|p2a: Gothitelle|Psyshock|p1a: Mamoswine
|-damage|p1a: Mamoswine|0 fnt
|faint|p1a: Mamoswine
|
|
|switch|p1a: Azumarill|Azumarill, M|342\/342
|turn|11
|
|move|p2a: Gothitelle|Psyshock|p1a: Azumarill
|-damage|p1a: Azumarill|201\/342
|move|p1a: Azumarill|Belly Drum|p1a: Azumarill
|-damage|p1a: Azumarill|30\/342
|-setboost|p1a: Azumarill|atk|6|[from] move: Belly Drum
|-enditem|p1a: Azumarill|Sitrus Berry|[eat]
|-heal|p1a: Azumarill|115\/342|[from] item: Sitrus Berry
|
|turn|12
|
|switch|p2a: Greninja|Greninja, M|9\/285
|-damage|p2a: Greninja|0 fnt|[from] Stealth Rock
|faint|p2a: Greninja
|move|p1a: Azumarill|Aqua Jet|p2: Greninja|[notarget]
|-notarget
|
|
|switch|p2a: Landorus-Therian|Landorus-Therian, M|320\/320
|-damage|p2a: Landorus-Therian|280\/320|[from] Stealth Rock
|-ability|p2a: Landorus-Therian|Intimidate|[of] p1a: Azumarill
|-unboost|p1a: Azumarill|atk|1
|turn|13
|
|switch|p2a: Mandibuzz|Mandibuzz, F|424\/424
|-damage|p2a: Mandibuzz|318\/424|[from] Stealth Rock
|move|p1a: Azumarill|Aqua Jet|p2a: Mandibuzz
|-damage|p2a: Mandibuzz|105\/424
|
|-heal|p2a: Mandibuzz|131\/424|[from] item: Leftovers
|turn|14
|
|move|p1a: Azumarill|Aqua Jet|p2a: Mandibuzz
|-damage|p2a: Mandibuzz|0 fnt
|faint|p2a: Mandibuzz
|
|
|switch|p2a: Keldeo|Keldeo|323\/323
|-damage|p2a: Keldeo|303\/323|[from] Stealth Rock
|turn|15
|
|move|p1a: Azumarill|Aqua Jet|p2a: Keldeo
|-resisted|p2a: Keldeo
|-damage|p2a: Keldeo|139\/323
|move|p2a: Keldeo|Hydro Pump|p1a: Azumarill
|-resisted|p1a: Azumarill
|-damage|p1a: Azumarill|0 fnt
|faint|p1a: Azumarill
|
|
|switch|p1a: Keldeo|Keldeo|322\/322
|turn|16
|
|move|p2a: Keldeo|Hydro Pump|p1a: Keldeo
|-resisted|p1a: Keldeo
|-damage|p1a: Keldeo|151\/322
|move|p1a: Keldeo|Hydro Pump|p2a: Keldeo
|-resisted|p2a: Keldeo
|-damage|p2a: Keldeo|0 fnt
|faint|p2a: Keldeo
|
|-message|Robbenwithlasers forfeited.
|
|win|Guesst_50790
|raw|Ladder updating...
|leave|Robbenwithlasers
|player|p1
|raw|Robbenwithlasers's rating: 1722 &rarr; <strong>1700<\/strong><br \/>(-22 for losing)
|raw|Guesst_50790's rating: 1678 &rarr; <strong>1700<\/strong><br \/>(+22 for winning)