|join|superpascal
|join|ThisFireBurns
|player|p1|superpascal|161
|player|p2|ThisFireBurns|101
|gametype|singles
|gen|6
|tier|OU
|rated
|clearpoke
|poke|p1|Manaphy
|poke|p1|Garchomp, F
|poke|p1|Ferrothorn, M
|poke|p1|Rotom-Wash
|poke|p1|Gyarados, M
|poke|p1|Thundurus-Therian, M
|poke|p2|Sceptile, F
|poke|p2|Landorus-Therian, M
|poke|p2|Bisharp, F
|poke|p2|Rotom-Wash
|poke|p2|Garchomp, F
|poke|p2|Thundurus, M
|rule|Swagger Clause: Swagger is banned
|rule|Baton Pass Clause: Limit one Pokémon knowing Baton Pass
|rule|Sleep Clause Mod: Limit one foe put to sleep
|rule|Species Clause: Limit one of each Pokémon
|rule|OHKO Clause: OHKO moves are banned
|rule|Moody Clause: Moody is banned
|rule|Evasion Moves Clause: Evasion moves are banned
|rule|Endless Battle Clause: Forcing endless battles is banned
|rule|HP Percentage Mod: HP is shown in percentages
|teampreview
|c|★superpascal|I hope I will do better than last time :P
|c|★ThisFireBurns|oh XD
|c|★ThisFireBurns|yeah
|c|★ThisFireBurns|have a nice game bro
|c|★ThisFireBurns|õ\/
|c|★superpascal|thansk
|
|start
|switch|p1a: Garry Oak|Gyarados, M|341\/341
|switch|p2a: Garchomp|Garchomp, F|357\/357
|-ability|p1a: Garry Oak|Intimidate|[of] p2a: Garchomp
|-unboost|p2a: Garchomp|atk|1
|turn|1
|
|detailschange|p1a: Garry Oak|Gyarados-Mega, M
|message|Gyarados has Mega Evolved into Mega Gyarados!
|-ability|p1a: Garry Oak|Mold Breaker
|move|p2a: Garchomp|Swords Dance|p2a: Garchomp
|-boost|p2a: Garchomp|atk|2
|move|p1a: Garry Oak|Dragon Dance|p1a: Garry Oak
|-boost|p1a: Garry Oak|atk|1
|-boost|p1a: Garry Oak|spe|1
|
|turn|2
|
|move|p1a: Garry Oak|Earthquake|p2a: Garchomp
|-damage|p2a: Garchomp|142\/357
|move|p2a: Garchomp|Outrage|p1a: Garry Oak
|-damage|p1a: Garry Oak|46\/341
|
|turn|3
|c|★superpascal|so strong :P
|
|move|p1a: Garry Oak|Earthquake|p2a: Garchomp
|-damage|p2a: Garchomp|0 fnt
|faint|p2a: Garchomp
|
|c|★ThisFireBurns|yeah haha
|
|switch|p2a: Bisharp|Bisharp, F|271\/271
|turn|4
|c|★superpascal|Did you have a focus sash or a rocky helmet?
|c|★ThisFireBurns|sash
|
|switch|p1a: Chompitychomp|Garchomp, F|409\/409
|move|p2a: Bisharp|Sucker Punch|p1a: Chompitychomp
|-fail|p1a: Chompitychomp
|
|turn|5
|
|switch|p1a: Laveuse|Rotom-Wash|304\/304
|switch|p2a: Landorus-Therian|Landorus-Therian, M|334\/334
|-ability|p2a: Landorus-Therian|Intimidate|[of] p1a: Laveuse
|-unboost|p1a: Laveuse|atk|1
|
|turn|6
|
|move|p2a: Landorus-Therian|U-turn|p1a: Laveuse
|-damage|p1a: Laveuse|225\/304
|
|switch|p2a: Rotom-Wash|Rotom-Wash|299\/299
|move|p1a: Laveuse|Will-O-Wisp|p2a: Rotom-Wash
|-status|p2a: Rotom-Wash|brn
|
|-damage|p2a: Rotom-Wash|262\/299 brn|[from] brn
|turn|7
|
|switch|p1a: Zip Zap|Thundurus-Therian, M|299\/299
|move|p2a: Rotom-Wash|Will-O-Wisp|p1a: Zip Zap
|-status|p1a: Zip Zap|brn
|-enditem|p1a: Zip Zap|Lum Berry|[eat]
|-curestatus|p1a: Zip Zap|brn
|
|-damage|p2a: Rotom-Wash|225\/299 brn|[from] brn
|turn|8
|
|switch|p2a: Landorus-Therian|Landorus-Therian, M|334\/334
|-ability|p2a: Landorus-Therian|Intimidate|[of] p1a: Zip Zap
|-unboost|p1a: Zip Zap|atk|1
|move|p1a: Zip Zap|Nasty Plot|p1a: Zip Zap
|-boost|p1a: Zip Zap|spa|2
|
|turn|9
|
|move|p2a: Landorus-Therian|Stone Edge|p1a: Zip Zap
|-supereffective|p1a: Zip Zap
|-damage|p1a: Zip Zap|0 fnt
|faint|p1a: Zip Zap
|
|c|★superpascal|I was kinda hoping for a miss or rock slide :p
|
|switch|p1a: Toque|Ferrothorn, M|352\/352
|turn|10
|
|switch|p2a: Bisharp|Bisharp, F|271\/271
|move|p1a: Toque|Thunder Wave|p2a: Bisharp
|-status|p2a: Bisharp|par
|
|turn|11
|
|move|p1a: Toque|Stealth Rock|p2a: Bisharp
|-sidestart|p2: ThisFireBurns|move: Stealth Rock
|move|p2a: Bisharp|Knock Off|p1a: Toque
|-damage|p1a: Toque|156\/352
|-damage|p2a: Bisharp|238\/271 par|[from] ability: Iron Barbs|[of] p1a: Toque
|-enditem|p1a: Toque|Leftovers|[from] move: Knock Off|[of] p2a: Bisharp
|-damage|p2a: Bisharp|211\/271 par|[from] item: Life Orb
|
|turn|12
|
|move|p2a: Bisharp|Sucker Punch|p1a: Toque
|-fail|p1a: Toque
|move|p1a: Toque|Leech Seed|p2a: Bisharp
|-start|p2a: Bisharp|move: Leech Seed
|
|-damage|p2a: Bisharp|178\/271 par|[from] Leech Seed|[of] p1a: Toque
|-heal|p1a: Toque|189\/352|[silent]
|turn|13
|
|switch|p2a: Sceptile|Sceptile, F|281\/281
|-damage|p2a: Sceptile|246\/281|[from] Stealth Rock
|move|p1a: Toque|Power Whip|p2a: Sceptile
|-resisted|p2a: Sceptile
|-damage|p2a: Sceptile|148\/281
|
|turn|14
|
|switch|p1a: Garry Oak|Gyarados-Mega, M|46\/341
|-ability|p1a: Garry Oak|Mold Breaker
|detailschange|p2a: Sceptile|Sceptile-Mega, F
|message|Sceptile has Mega Evolved into Mega Sceptile!
|move|p2a: Sceptile|Focus Blast|p1a: Garry Oak|[miss]
|-miss|p2a: Sceptile|p1a: Garry Oak
|
|turn|15
|
|move|p2a: Sceptile|Dragon Pulse|p1a: Garry Oak
|-damage|p1a: Garry Oak|0 fnt
|faint|p1a: Garry Oak
|
|
|switch|p1a: Chompitychomp|Garchomp, F|409\/409
|turn|16
|
|switch|p2a: Landorus-Therian|Landorus-Therian, M|334\/334
|-damage|p2a: Landorus-Therian|293\/334|[from] Stealth Rock
|-ability|p2a: Landorus-Therian|Intimidate|[of] p1a: Chompitychomp
|-unboost|p1a: Chompitychomp|atk|1
|move|p1a: Chompitychomp|Outrage|p2a: Landorus-Therian
|-damage|p2a: Landorus-Therian|110\/334
|
|turn|17
|
|switch|p2a: Bisharp|Bisharp, F|178\/271 par
|-damage|p2a: Bisharp|162\/271 par|[from] Stealth Rock
|move|p1a: Chompitychomp|Outrage|p2a: Bisharp
|-resisted|p2a: Bisharp
|-damage|p2a: Bisharp|82\/271 par
|
|turn|18
|
|move|p2a: Bisharp|Sucker Punch|p1a: Chompitychomp
|-damage|p1a: Chompitychomp|209\/409
|-damage|p2a: Bisharp|49\/271 par|[from] ability: Rough Skin|[of] p1a: Chompitychomp
|-damage|p2a: Bisharp|22\/271 par|[from] item: Life Orb
|move|p1a: Chompitychomp|Outrage|p2a: Bisharp
|-resisted|p2a: Bisharp
|-damage|p2a: Bisharp|0 fnt
|faint|p2a: Bisharp
|
|-end|p1a: Chompitychomp|rampage
|-start|p1a: Chompitychomp|confusion
|
|switch|p2a: Rotom-Wash|Rotom-Wash|225\/299 brn
|-damage|p2a: Rotom-Wash|188\/299 brn|[from] Stealth Rock
|turn|19
|
|switch|p1a: Toque|Ferrothorn, M|189\/352
|move|p2a: Rotom-Wash|Will-O-Wisp|p1a: Toque
|-status|p1a: Toque|brn
|
|-damage|p2a: Rotom-Wash|151\/299 brn|[from] brn
|-damage|p1a: Toque|145\/352 brn|[from] brn
|turn|20
|
|move|p2a: Rotom-Wash|Rest|p2a: Rotom-Wash
|-status|p2a: Rotom-Wash|slp
|-heal|p2a: Rotom-Wash|299\/299 slp|[silent]
|-status|p2a: Rotom-Wash|slp|[from] move: Rest
|-enditem|p2a: Rotom-Wash|Chesto Berry|[eat]
|-curestatus|p2a: Rotom-Wash|slp
|move|p1a: Toque|Power Whip|p2a: Rotom-Wash
|-supereffective|p2a: Rotom-Wash
|-damage|p2a: Rotom-Wash|165\/299
|
|-damage|p1a: Toque|101\/352 brn|[from] brn
|turn|21
|
|switch|p1a: Chompitychomp|Garchomp, F|209\/409
|move|p2a: Rotom-Wash|Volt Switch|p1a: Chompitychomp
|-immune|p1a: Chompitychomp|[msg]
|
|turn|22
|
|move|p1a: Chompitychomp|Outrage|p2a: Rotom-Wash
|-damage|p2a: Rotom-Wash|0 fnt
|faint|p2a: Rotom-Wash
|
|
|switch|p2a: Landorus-Therian|Landorus-Therian, M|110\/334
|-damage|p2a: Landorus-Therian|69\/334|[from] Stealth Rock
|-ability|p2a: Landorus-Therian|Intimidate|[of] p1a: Chompitychomp
|-unboost|p1a: Chompitychomp|atk|1
|turn|23
|
|move|p2a: Landorus-Therian|Earthquake|p1a: Chompitychomp
|-damage|p1a: Chompitychomp|0 fnt
|faint|p1a: Chompitychomp
|
|c|★ThisFireBurns|lol
|c|★ThisFireBurns|i think it was scarf
|c|★superpascal|biggest bluff ever? :P
|c|★ThisFireBurns|yep
|c|★ThisFireBurns|nice
|
|switch|p1a: Laveuse|Rotom-Wash|225\/304
|turn|24
|
|switch|p2a: Sceptile|Sceptile-Mega, F|148\/281
|-damage|p2a: Sceptile|113\/281|[from] Stealth Rock
|move|p1a: Laveuse|Will-O-Wisp|p2a: Sceptile
|-status|p2a: Sceptile|brn
|
|-damage|p2a: Sceptile|78\/281 brn|[from] brn
|turn|25
|
|switch|p1a: Toque|Ferrothorn, M|101\/352 brn
|move|p2a: Sceptile|Leaf Storm|p1a: Toque
|-resisted|p1a: Toque
|-damage|p1a: Toque|58\/352 brn
|-unboost|p2a: Sceptile|spa|2
|
|-damage|p2a: Sceptile|43\/281 brn|[from] brn
|-damage|p1a: Toque|14\/352 brn|[from] brn
|turn|26
|
|move|p2a: Sceptile|Leaf Storm|p1a: Toque
|-resisted|p1a: Toque
|-damage|p1a: Toque|0 fnt
|-unboost|p2a: Sceptile|spa|2
|faint|p1a: Toque
|
|-damage|p2a: Sceptile|8\/281 brn|[from] brn
|
|switch|p1a: Laveuse|Rotom-Wash|225\/304
|turn|27
|
|move|p2a: Sceptile|Leaf Storm|p1a: Laveuse|[miss]
|-miss|p2a: Sceptile|p1a: Laveuse
|move|p1a: Laveuse|Rest|p1a: Laveuse
|-status|p1a: Laveuse|slp
|-heal|p1a: Laveuse|304\/304 slp|[silent]
|-status|p1a: Laveuse|slp|[from] move: Rest
|-enditem|p1a: Laveuse|Chesto Berry|[eat]
|-curestatus|p1a: Laveuse|slp
|
|-damage|p2a: Sceptile|0 fnt|[from] brn
|faint|p2a: Sceptile
|c|★ThisFireBurns|NOOOO
|
|switch|p2a: Landorus-Therian|Landorus-Therian, M|69\/334
|-damage|p2a: Landorus-Therian|28\/334|[from] Stealth Rock
|-ability|p2a: Landorus-Therian|Intimidate|[of] p1a: Laveuse
|-unboost|p1a: Laveuse|atk|1
|turn|28
|c|★superpascal|I don't know if that would have killed
|c|★ThisFireBurns|oh
|c|★ThisFireBurns|you use
|c|★ThisFireBurns|rest
|c|★ThisFireBurns|haha
|c|★ThisFireBurns|doenst matter them
|
|move|p2a: Landorus-Therian|Stone Edge|p1a: Laveuse
|-damage|p1a: Laveuse|200\/304
|move|p1a: Laveuse|Will-O-Wisp|p2a: Landorus-Therian
|-status|p2a: Landorus-Therian|brn
|
|-damage|p2a: Landorus-Therian|0 fnt|[from] brn
|faint|p2a: Landorus-Therian
|
|switch|p2a: Thundurus|Thundurus, M|299\/299
|-damage|p2a: Thundurus|225\/299|[from] Stealth Rock
|turn|29
|
|move|p2a: Thundurus|Thunderbolt|p1a: Laveuse
|-damage|p1a: Laveuse|12\/304
|-damage|p2a: Thundurus|196\/299|[from] item: Life Orb
|move|p1a: Laveuse|Volt Switch|p2a: Thundurus
|-damage|p2a: Thundurus|75\/299
|
|switch|p1a: Claire|Manaphy|400\/400
|
|turn|30
|c|★superpascal|you will actually win
|c|★superpascal|welp gg
|c|★ThisFireBurns|yep
|
|move|p2a: Thundurus|Thunderbolt|p1a: Claire
|-supereffective|p1a: Claire
|-damage|p1a: Claire|10\/400
|-damage|p2a: Thundurus|46\/299|[from] item: Life Orb
|move|p1a: Claire|Ice Beam|p2a: Thundurus
|-supereffective|p2a: Thundurus
|-damage|p2a: Thundurus|0 fnt
|faint|p2a: Thundurus
|
|win|superpascal
|raw|Ladder updating...
|c|★ThisFireBurns|gg
|raw|superpascal's rating: 1615 &rarr; <strong>1631<\/strong><br \/>(+16 for winning)
|raw|ThisFireBurns's rating: 1539 &rarr; <strong>1523<\/strong><br \/>(-16 for losing)
|c|★ThisFireBurns|ops
|c|★ThisFireBurns|survive?
|c|★superpascal|oh:O
|c|★ThisFireBurns|Oo
|c|★ThisFireBurns|wow
|c|★ThisFireBurns|minimum damage i think haha
|c|★ThisFireBurns|gg bro
|c|★superpascal|bulky manaphy for the win
|c|★superpascal|I have max hp
|c|★superpascal|but i need to calc that
|c|★ThisFireBurns|lol
|c|★ThisFireBurns|yep
|c|★ThisFireBurns|see yah