|join|LiberalLucario
|join|vrille
|player|p1|LiberalLucario|290
|player|p2|vrille|268
|gametype|singles
|gen|6
|tier|UU
|rated
|rule|Sleep Clause Mod: Limit one foe put to sleep
|rule|Species Clause: Limit one of each Pokémon
|rule|OHKO Clause: OHKO moves are banned
|rule|Moody Clause: Moody is banned
|rule|Evasion Moves Clause: Evasion moves are banned
|rule|Endless Battle Clause: Forcing endless battles is banned
|rule|HP Percentage Mod: HP is shown in percentages
|clearpoke
|poke|p1|Jirachi
|poke|p1|Hydreigon, M
|poke|p1|Nidoqueen, F
|poke|p1|Blastoise, F
|poke|p1|Celebi
|poke|p1|Machamp, F
|poke|p2|Jirachi
|poke|p2|Zygarde
|poke|p2|Pidgeot, F
|poke|p2|Machamp, F
|poke|p2|Kingdra, F
|poke|p2|Nidoqueen, F
|rule|Swagger Clause: Swagger is banned
|rule|Baton Pass Clause: Limit one Pokémon knowing Baton Pass
|teampreview
|join|Donfantastic
|
|start
|switch|p1a: Blastoise|Blastoise, F|313\/313
|switch|p2a: Pidgeot|Pidgeot, F|307\/307
|turn|1
|c| Donfantastic|rachi\/toise\/quueen\/hydrei
|c|★LiberalLucario|but
|c| Donfantastic|balance.standard
|join|the fun in this
|c|★LiberalLucario|i got twists,,
|
|switch|p2a: Jirachi|Jirachi|404\/404
|detailschange|p1a: Blastoise|Blastoise-Mega, F
|-mega|p1a: Blastoise|Blastoise|Blastoisinite
|move|p1a: Blastoise|Ice Beam|p2a: Jirachi
|-resisted|p2a: Jirachi
|-damage|p2a: Jirachi|359\/404
|
|-heal|p2a: Jirachi|384\/404|[from] item: Leftovers
|turn|2
|
|move|p2a: Jirachi|Thunder Wave|p1a: Blastoise
|-status|p1a: Blastoise|par
|move|p1a: Blastoise|Scald|p2a: Jirachi
|-damage|p2a: Jirachi|272\/404
|
|-heal|p2a: Jirachi|297\/404|[from] item: Leftovers
|turn|3
|c|★LiberalLucario|spdef rachi
|c|★LiberalLucario|aids,,
|c| Donfantastic|this is xyuu balance
|
|switch|p2a: Machamp|Machamp, F|383\/383
|switch|p1a: Nidoqueen|Nidoqueen, F|384\/384
|
|turn|4
|c|★LiberalLucario|brother
|c|★LiberalLucario|i'm not
|c|★LiberalLucario|running balance
|join|thymetime
|c|★LiberalLucario|,,
|c| Donfantastic|and ya, sdef rachi= aids
|c| Donfantastic|aiiiddsss
|c|★LiberalLucario|know the difference between balance and bulky offense
|
|move|p1a: Nidoqueen|Stealth Rock|p2a: Machamp
|-sidestart|p2: vrille|move: Stealth Rock
|move|p2a: Machamp|Earthquake|p1a: Nidoqueen
|-supereffective|p1a: Nidoqueen
|-damage|p1a: Nidoqueen|186\/384
|
|-heal|p1a: Nidoqueen|210\/384|[from] item: Black Sludge
|turn|5
|
|switch|p1a: Celebi|Celebi|341\/341
|move|p2a: Machamp|Ice Punch|p1a: Celebi
|-supereffective|p1a: Celebi
|-damage|p1a: Celebi|143\/341
|
|-heal|p1a: Celebi|164\/341|[from] item: Leftovers
|turn|6
|
|switch|p2a: Pidgeot|Pidgeot, F|307\/307
|-damage|p2a: Pidgeot|231\/307|[from] Stealth Rock
|move|p1a: Celebi|Zen Headbutt|p2a: Pidgeot
|-damage|p2a: Pidgeot|90\/307
|
|-heal|p1a: Celebi|185\/341|[from] item: Leftovers
|turn|7
|c| Donfantastic|mb thouht you'd be physdef queen and sdef cele
|
|detailschange|p2a: Pidgeot|Pidgeot-Mega, F
|-mega|p2a: Pidgeot|Pidgeot|Pidgeotite
|move|p1a: Celebi|Sucker Punch|p2a: Pidgeot
|-fail|p2a: Pidgeot
|move|p2a: Pidgeot|Roost|p2a: Pidgeot
|-heal|p2a: Pidgeot|244\/307
|
|-heal|p1a: Celebi|206\/341|[from] item: Leftovers
|turn|8
|c|★LiberalLucario|oh
|c|★LiberalLucario|darn.
|join|sbb wont get gud
|
|switch|p1a: Jirachi|Jirachi|341\/341
|move|p2a: Pidgeot|Defog|p1a: Jirachi
|-unboost|p1a: Jirachi|evasion|1
|-sideend|p2: vrille|Stealth Rock|[from] move: Defog|[of] p2a: Pidgeot
|
|turn|9
|
|switch|p2a: Zygarde|Zygarde|407\/407
|-ability|p2a: Zygarde|Aura Break
|move|p1a: Jirachi|Doom Desire|p2a: Zygarde
|-start|p1a: Jirachi|Doom Desire
|
|turn|10
|c| Donfantastic|oml
|c|★LiberalLucario|told you
|c|★LiberalLucario|it isnt standard
|c|★LiberalLucario|,,,,,,
|c| Donfantastic|something is gonna get donked
|
|switch|p1a: Blastoise|Blastoise-Mega, F|313\/313 par
|move|p2a: Zygarde|Glare|p1a: Blastoise
|-fail|p1a: Blastoise|par
|
|turn|11
|c|★LiberalLucario|LMAO GLARE
|
|switch|p2a: Machamp|Machamp, F|383\/383
|move|p1a: Blastoise|Dark Pulse|p2a: Machamp
|-resisted|p2a: Machamp
|-damage|p2a: Machamp|327\/383
|
|-end|p2a: Machamp|move: Doom Desire
|-damage|p2a: Machamp|128\/383
|turn|12
|c| sbb wont get gud|,
|c| the fun in this|nolan u shud try cm moonblast\/desire
|c|★LiberalLucario|cm desire.
|c| the fun in this|y :=)
|c|★LiberalLucario|youre retarded
|c|★LiberalLucario|,,
|
|move|p2a: Machamp|Close Combat|p1a: Blastoise
|-damage|p1a: Blastoise|129\/313 par
|-unboost|p2a: Machamp|def|1
|-unboost|p2a: Machamp|spd|1
|move|p1a: Blastoise|Scald|p2a: Machamp
|-damage|p2a: Machamp|0 fnt
|faint|p2a: Machamp
|
|c| the fun in this|no u have a defect blue snowball
|c| Donfantastic|but if it works
|c| Donfantastic|you're a legend
|c| the fun in this|i know it works
|c|★LiberalLucario|rofl
|c|★LiberalLucario|>i know it works
|c| the fun in this|i got the perfect rachi spread and moveset
|c| the fun in this|for it
|c|★LiberalLucario|is it
|
|switch|p2a: Kingdra|Kingdra, F|291\/291
|turn|13
|c|★LiberalLucario|tested in battle
|c|★LiberalLucario|if its not it doesnt work
|
|switch|p1a: Machamp|Machamp, F|324\/324
|move|p2a: Kingdra|Substitute|p2a: Kingdra
|-start|p2a: Kingdra|Substitute
|-damage|p2a: Kingdra|219\/291
|
|turn|14
|c| Donfantastic|even if it is
|c|★LiberalLucario|is this about to be sub dd
|
|move|p2a: Kingdra|Waterfall|p1a: Machamp
|-damage|p1a: Machamp|185\/324
|cant|p1a: Machamp|flinch
|
|turn|15
|c|★LiberalLucario|and donk me
|c| Donfantastic|subdd
|c| Donfantastic|is the best
|c|★LiberalLucario|,,,,,,,,,,,,,,,,,,
|c| thymetime|epic
|
|move|p2a: Kingdra|Waterfall|p1a: Machamp
|-damage|p1a: Machamp|32\/324
|move|p1a: Machamp|Knock Off|p2a: Kingdra
|-end|p2a: Kingdra|Substitute
|
|turn|16
|c| the fun in this|it is tested nolan
|c|★LiberalLucario|EPIC
|
|move|p2a: Kingdra|Draco Meteor|p1a: Machamp
|-crit|p1a: Machamp
|-damage|p1a: Machamp|0 fnt
|-unboost|p2a: Kingdra|spa|2
|faint|p1a: Machamp
|
|c| Donfantastic|sub dd with out lefties tho
|c| thymetime|crit lelele
|c| thymetime|xDD
|c| Donfantastic|waitufknwot
|
|switch|p1a: Hydreigon|Hydreigon, M|325\/325
|turn|17
|c| Donfantastic|subcritdra
|
|switch|p2a: Nidoqueen|Nidoqueen, F|383\/383
|move|p1a: Hydreigon|U-turn|p2a: Nidoqueen
|-resisted|p2a: Nidoqueen
|-damage|p2a: Nidoqueen|359\/383
|
|switch|p1a: Jirachi|Jirachi|341\/341
|
|turn|18
|c| the fun in this|132 hp \/ 96 def \/ 80 spa \/ 44 spd \/ 156 spe Timid :=)
|c|★LiberalLucario|what the fuck
|c|★LiberalLucario|is that ev spread
|c|★LiberalLucario|lmao
|c| the fun in this|custom made hehe
|c| the fun in this|;)
|
|move|p1a: Jirachi|Psyshock|p2a: Nidoqueen
|-supereffective|p2a: Nidoqueen
|-damage|p2a: Nidoqueen|115\/383
|-damage|p1a: Jirachi|307\/341|[from] item: Life Orb
|move|p2a: Nidoqueen|Stealth Rock|p1a: Jirachi
|-sidestart|p1: LiberalLucario|move: Stealth Rock
|
|turn|19
|c|★LiberalLucario|whoa
|c| the fun in this|so good
|c|★LiberalLucario|that took that hit too well
|
|switch|p2a: Jirachi|Jirachi|297\/404
|move|p1a: Jirachi|Psyshock|p2a: Jirachi
|-resisted|p2a: Jirachi
|-damage|p2a: Jirachi|259\/404
|-damage|p1a: Jirachi|273\/341|[from] item: Life Orb
|
|-heal|p2a: Jirachi|284\/404|[from] item: Leftovers
|turn|20
|
|switch|p1a: Nidoqueen|Nidoqueen, F|210\/384
|-damage|p1a: Nidoqueen|186\/384|[from] Stealth Rock
|switch|p2a: Pidgeot|Pidgeot-Mega, F|244\/307
|
|-heal|p1a: Nidoqueen|210\/384|[from] item: Black Sludge
|turn|21
|
|switch|p1a: Blastoise|Blastoise-Mega, F|129\/313 par
|-damage|p1a: Blastoise|90\/313 par|[from] Stealth Rock
|move|p2a: Pidgeot|Hurricane|p1a: Blastoise
|-damage|p1a: Blastoise|0 fnt
|faint|p1a: Blastoise
|
|
|switch|p1a: Jirachi|Jirachi|273\/341
|-damage|p1a: Jirachi|252\/341|[from] Stealth Rock
|turn|22
|
|switch|p2a: Zygarde|Zygarde|407\/407
|-ability|p2a: Zygarde|Aura Break
|move|p1a: Jirachi|Flash Cannon|p2a: Zygarde
|-crit|p2a: Zygarde
|-damage|p2a: Zygarde|144\/407
|-unboost|p2a: Zygarde|spd|1
|-damage|p1a: Jirachi|218\/341|[from] item: Life Orb
|
|turn|23
|c| the fun in this|right here u woulda had moonblast to okho that incoming zygarde =)
|c|★LiberalLucario|ayy lmao
|c| thymetime|nice
|c| thymetime|skill
|
|move|p1a: Jirachi|Flash Cannon|p2a: Zygarde
|-damage|p2a: Zygarde|0 fnt
|-damage|p1a: Jirachi|184\/341|[from] item: Life Orb
|faint|p2a: Zygarde
|
|c|★LiberalLucario|skillful.
|
|switch|p2a: Kingdra|Kingdra, F|219\/291
|turn|24
|
|move|p1a: Jirachi|Psyshock|p2a: Kingdra
|-damage|p2a: Kingdra|46\/291
|-damage|p1a: Jirachi|150\/341|[from] item: Life Orb
|move|p2a: Kingdra|Waterfall|p1a: Jirachi
|-crit|p1a: Jirachi
|-damage|p1a: Jirachi|0 fnt
|faint|p1a: Jirachi
|
|
|switch|p1a: Hydreigon|Hydreigon, M|325\/325
|-damage|p1a: Hydreigon|285\/325|[from] Stealth Rock
|turn|25
|
|switch|p2a: Nidoqueen|Nidoqueen, F|115\/383
|move|p1a: Hydreigon|Dark Pulse|p2a: Nidoqueen
|-damage|p2a: Nidoqueen|0 fnt
|faint|p2a: Nidoqueen
|
|
|switch|p2a: Pidgeot|Pidgeot-Mega, F|244\/307
|turn|26
|
|move|p1a: Hydreigon|Dark Pulse|p2a: Pidgeot
|-damage|p2a: Pidgeot|82\/307
|move|p2a: Pidgeot|Hurricane|p1a: Hydreigon
|-damage|p1a: Hydreigon|83\/325
|-start|p1a: Hydreigon|confusion
|
|turn|27
|c|★LiberalLucario|damn
|c|★LiberalLucario|i was going for the skill but
|c|★LiberalLucario|he got it.
|
|-activate|p1a: Hydreigon|confusion
|move|p1a: Hydreigon|Dark Pulse|p2a: Pidgeot
|-damage|p2a: Pidgeot|0 fnt
|faint|p2a: Pidgeot
|
|c|★LiberalLucario|phew
|c| the fun in this|just go in out ur playing with life ur reckless nolan
|
|switch|p2a: Jirachi|Jirachi|284\/404
|turn|28
|c|★LiberalLucario|ikr
|
|switch|p1a: Nidoqueen|Nidoqueen, F|210\/384
|-damage|p1a: Nidoqueen|186\/384|[from] Stealth Rock
|move|p2a: Jirachi|Iron Head|p1a: Nidoqueen
|-damage|p1a: Nidoqueen|113\/384
|
|-heal|p2a: Jirachi|309\/404|[from] item: Leftovers
|-heal|p1a: Nidoqueen|137\/384|[from] item: Black Sludge
|turn|29
|
|move|p2a: Jirachi|Psychic|p1a: Nidoqueen
|-supereffective|p1a: Nidoqueen
|-damage|p1a: Nidoqueen|0 fnt
|faint|p1a: Nidoqueen
|
|-heal|p2a: Jirachi|334\/404|[from] item: Leftovers
|c|★LiberalLucario|,
|c| the fun in this|,,,
|c|★LiberalLucario|this is aids,,,,
|
|switch|p1a: Celebi|Celebi|206\/341
|-damage|p1a: Celebi|164\/341|[from] Stealth Rock
|turn|30
|c| thymetime|u haxed this man the whole match smh
|c| thymetime|,,,
|c|★LiberalLucario|when
|c|★LiberalLucario|did i hax him
|c|★LiberalLucario|i got one flash cannon drop
|c|★LiberalLucario|lmao
|
|move|p1a: Celebi|Swords Dance|p1a: Celebi
|-boost|p1a: Celebi|atk|2
|move|p2a: Jirachi|Thunder Wave|p1a: Celebi
|-status|p1a: Celebi|par
|
|-heal|p2a: Jirachi|359\/404|[from] item: Leftovers
|-heal|p1a: Celebi|185\/341 par|[from] item: Leftovers
|turn|31
|c| thymetime|n crit
|c| sbb wont get gud|>critdrop
|c| thymetime|lmoa
|
|cant|p1a: Celebi|par
|move|p2a: Jirachi|Wish|p2a: Jirachi
|
|-heal|p2a: Jirachi|384\/404|[from] item: Leftovers
|-heal|p1a: Celebi|206\/341 par|[from] item: Leftovers
|turn|32
|
|switch|p2a: Kingdra|Kingdra, F|46\/291
|move|p1a: Celebi|Sucker Punch|p2a: Kingdra
|-fail|p2a: Kingdra
|
|-heal|p2a: Kingdra|248\/291|[from] move: Wish|[wisher] Jirachi
|-heal|p1a: Celebi|227\/341 par|[from] item: Leftovers
|turn|33
|c|★LiberalLucario|aargh
|
|move|p2a: Kingdra|Substitute|p2a: Kingdra
|-start|p2a: Kingdra|Substitute
|-damage|p2a: Kingdra|176\/291
|cant|p1a: Celebi|par
|
|-heal|p1a: Celebi|248\/341 par|[from] item: Leftovers
|turn|34
|c|★LiberalLucario|solid.
|c| the fun in this|u chokin their noola
|c| the fun in this|n
|c|★LiberalLucario|how is that
|c|★LiberalLucario|a choke
|c|★LiberalLucario|,,
|c| the fun in this|if u lose u choke
|c|★LiberalLucario|rofl
|c| thymetime|implying u wont just get full parad the next 5 turns
|c|★LiberalLucario|grats i got parahaxed
|c|★LiberalLucario|thats such a choke!
|
|move|p1a: Celebi|Sucker Punch|p2a: Kingdra
|-fail|p2a: Kingdra
|move|p2a: Kingdra|Focus Energy|p2a: Kingdra
|-start|p2a: Kingdra|move: Focus Energy
|
|-heal|p1a: Celebi|269\/341 par|[from] item: Leftovers
|turn|35
|c| sbb wont get gud|shut up you're bad
|c| the fun in this|watch this sub critdra
|c|★LiberalLucario|what
|c|★LiberalLucario|i didnt even
|c|★LiberalLucario|click sucker punch
|c| the fun in this|LOL
|c| the fun in this|hahaha
|c|★LiberalLucario|o.o
|c| thymetime|EPIC
|c| sbb wont get gud|yes youfuckin gdid
|
|move|p2a: Kingdra|Draco Meteor|p1a: Celebi
|-crit|p1a: Celebi
|-damage|p1a: Celebi|0 fnt
|-unboost|p2a: Kingdra|spa|2
|faint|p1a: Celebi
|
|c| sbb wont get gud|absolutely
|c| sbb wont get gud|destroyed
|c|★LiberalLucario|sigh.
|-message|LiberalLucario forfeited.
|
|win|vrille
|raw|Ladder updating...
|c| Donfantastic|reveal
|raw|LiberalLucario's rating: 1507 &rarr; <strong>1482<\/strong><br \/>(-25 for losing)
|raw|vrille's rating: 1417 &rarr; <strong>1442<\/strong><br \/>(+25 for winning)
|c| Donfantastic|normal gem hypervoice
|leave|thymetime
|c| sbb wont get gud|looooooooooooooooooooooooooooooooooooooooooooooooooooooooooooooooooooooooooooooooooooooooool
|c| the fun in this|nice choke