|join|LT3M Skyark
|join|Fairy Peak!
|player|p1|LT3M Skyark|1
|player|p2|Fairy Peak!|289
|gametype|singles
|gen|6
|tier|OU
|rated
|clearpoke
|poke|p1|Latios, M
|poke|p1|Azumarill, M
|poke|p1|Landorus-Therian, M
|poke|p1|Diggersby, F
|poke|p1|Scizor, M
|poke|p1|Thundurus, M
|poke|p2|Azumarill, F, shiny
|poke|p2|Terrakion
|poke|p2|Landorus-Therian, M
|poke|p2|Latias, F
|poke|p2|Magnezone
|poke|p2|Pinsir, M
|rule|Swagger Clause: Swagger is banned
|rule|Baton Pass Clause: Limit one Pokémon knowing Baton Pass
|rule|Sleep Clause Mod: Limit one foe put to sleep
|rule|Species Clause: Limit one of each Pokémon
|rule|OHKO Clause: OHKO moves are banned
|rule|Moody Clause: Moody is banned
|rule|Evasion Moves Clause: Evasion moves are banned
|rule|Endless Battle Clause: Forcing endless battles is banned
|rule|HP Percentage Mod: HP is shown in percentages
|teampreview
|
|start
|switch|p1a: Landorus-Therian|Landorus-Therian, M|381\/381
|switch|p2a: Landorus-Therian|Landorus-Therian, M|320\/320
|-ability|p2a: Landorus-Therian|Intimidate|[of] p1a: Landorus-Therian
|-unboost|p1a: Landorus-Therian|atk|1
|-ability|p1a: Landorus-Therian|Intimidate|[of] p2a: Landorus-Therian
|-unboost|p2a: Landorus-Therian|atk|1
|turn|1
|
|move|p2a: Landorus-Therian|Knock Off|p1a: Landorus-Therian
|-damage|p1a: Landorus-Therian|294\/381
|-enditem|p1a: Landorus-Therian|Leftovers|[from] move: Knock Off|[of] p2a: Landorus-Therian
|move|p1a: Landorus-Therian|U-turn|p2a: Landorus-Therian
|-resisted|p2a: Landorus-Therian
|-damage|p2a: Landorus-Therian|292\/320
|
|switch|p1a: Scizor|Scizor, M|291\/291
|
|turn|2
|
|switch|p2a: Magnezone|Magnezone|282\/282
|detailschange|p1a: Scizor|Scizor-Mega, M
|message|Scizor has Mega Evolved into Mega Scizor!
|move|p1a: Scizor|Knock Off|p2a: Magnezone
|-damage|p2a: Magnezone|149\/282
|-enditem|p2a: Magnezone|Choice Scarf|[from] move: Knock Off|[of] p1a: Scizor
|
|turn|3
|
|move|p1a: Scizor|Superpower|p2a: Magnezone
|-supereffective|p2a: Magnezone
|-damage|p2a: Magnezone|0 fnt
|-unboost|p1a: Scizor|atk|1
|-unboost|p1a: Scizor|def|1
|faint|p2a: Magnezone
|
|
|switch|p2a: Pinsir|Pinsir, M|271\/271
|turn|4
|
|switch|p1a: Landorus-Therian|Landorus-Therian, M|294\/381
|-ability|p1a: Landorus-Therian|Intimidate|[of] p2a: Pinsir
|-fail|p2a: Pinsir|unboost|Attack|[from] ability: Hyper Cutter|[of] p2a: Pinsir
|detailschange|p2a: Pinsir|Pinsir-Mega, M
|message|Pinsir has Mega Evolved into Mega Pinsir!
|move|p2a: Pinsir|Return|p1a: Landorus-Therian
|-damage|p1a: Landorus-Therian|15\/381
|
|turn|5
|
|switch|p1a: Thundurus|Thundurus, M|299\/299
|move|p2a: Pinsir|Quick Attack|p1a: Thundurus
|-resisted|p1a: Thundurus
|-damage|p1a: Thundurus|234\/299
|
|turn|6
|
|switch|p2a: Landorus-Therian|Landorus-Therian, M|292\/320
|-ability|p2a: Landorus-Therian|Intimidate|[of] p1a: Thundurus
|-unboost|p1a: Thundurus|atk|1
|move|p1a: Thundurus|Knock Off|p2a: Landorus-Therian
|-damage|p2a: Landorus-Therian|206\/320
|-enditem|p2a: Landorus-Therian|Choice Scarf|[from] move: Knock Off|[of] p1a: Thundurus
|-damage|p1a: Thundurus|205\/299|[from] item: Life Orb
|
|turn|7
|
|switch|p1a: Diggersby|Diggersby, F|311\/311
|switch|p2a: Azumarill|Azumarill, F, shiny|404\/404
|
|turn|8
|
|move|p1a: Diggersby|Quick Attack|p2a: Azumarill
|-damage|p2a: Azumarill|271\/404
|-damage|p1a: Diggersby|280\/311|[from] item: Life Orb
|move|p2a: Azumarill|Play Rough|p1a: Diggersby
|-damage|p1a: Diggersby|0 fnt
|faint|p1a: Diggersby
|
|
|switch|p1a: Scizor|Scizor-Mega, M|291\/291
|turn|9
|
|switch|p2a: Landorus-Therian|Landorus-Therian, M|206\/320
|-ability|p2a: Landorus-Therian|Intimidate|[of] p1a: Scizor
|-unboost|p1a: Scizor|atk|1
|move|p1a: Scizor|Swords Dance|p1a: Scizor
|-boost|p1a: Scizor|atk|2
|
|turn|10
|
|move|p1a: Scizor|Bullet Punch|p2a: Landorus-Therian
|-damage|p2a: Landorus-Therian|0 fnt
|faint|p2a: Landorus-Therian
|
|
|switch|p2a: Terrakion|Terrakion|323\/323
|turn|11
|
|move|p1a: Scizor|Bullet Punch|p2a: Terrakion
|-supereffective|p2a: Terrakion
|-enditem|p2a: Terrakion|Focus Sash
|-damage|p2a: Terrakion|1\/323
|move|p2a: Terrakion|Close Combat|p1a: Scizor
|-damage|p1a: Scizor|134\/291
|-unboost|p2a: Terrakion|def|1
|-unboost|p2a: Terrakion|spd|1
|
|turn|12
|
|move|p1a: Scizor|Bullet Punch|p2a: Terrakion
|-supereffective|p2a: Terrakion
|-damage|p2a: Terrakion|0 fnt
|faint|p2a: Terrakion
|
|
|switch|p2a: Pinsir|Pinsir-Mega, M|271\/271
|turn|13
|
|move|p1a: Scizor|Bullet Punch|p2a: Pinsir
|-crit|p2a: Pinsir
|-damage|p2a: Pinsir|3\/271
|move|p2a: Pinsir|Return|p1a: Scizor
|-damage|p1a: Scizor|0 fnt
|faint|p1a: Scizor
|
|
|switch|p1a: Thundurus|Thundurus, M|205\/299
|turn|14
|
|switch|p2a: Latias|Latias, F|302\/302
|move|p1a: Thundurus|Thunderbolt|p2a: Latias
|-resisted|p2a: Latias
|-damage|p2a: Latias|227\/302
|-damage|p1a: Thundurus|176\/299|[from] item: Life Orb
|
|turn|15
|
|move|p1a: Thundurus|Knock Off|p2a: Latias
|-supereffective|p2a: Latias
|-damage|p2a: Latias|0 fnt
|-enditem|p2a: Latias|Life Orb|[from] move: Knock Off|[of] p1a: Thundurus
|-damage|p1a: Thundurus|147\/299|[from] item: Life Orb
|faint|p2a: Latias
|
|
|switch|p2a: Azumarill|Azumarill, F, shiny|271\/404
|turn|16
|
|switch|p1a: Landorus-Therian|Landorus-Therian, M|15\/381
|-ability|p1a: Landorus-Therian|Intimidate|[of] p2a: Azumarill
|-unboost|p2a: Azumarill|atk|1
|move|p2a: Azumarill|Aqua Jet|p1a: Landorus-Therian
|-supereffective|p1a: Landorus-Therian
|-damage|p1a: Landorus-Therian|0 fnt
|faint|p1a: Landorus-Therian
|
|
|switch|p1a: Azumarill|Azumarill, M|342\/342
|turn|17
|
|switch|p2a: Pinsir|Pinsir-Mega, M|3\/271
|move|p1a: Azumarill|Belly Drum|p1a: Azumarill
|-damage|p1a: Azumarill|171\/342
|-setboost|p1a: Azumarill|atk|6|[from] move: Belly Drum
|-enditem|p1a: Azumarill|Sitrus Berry|[eat]
|-heal|p1a: Azumarill|256\/342|[from] item: Sitrus Berry
|
|turn|18
|
|move|p2a: Pinsir|Quick Attack|p1a: Azumarill
|-damage|p1a: Azumarill|133\/342
|move|p1a: Azumarill|Aqua Jet|p2a: Pinsir
|-damage|p2a: Pinsir|0 fnt
|faint|p2a: Pinsir
|
|
|switch|p2a: Azumarill|Azumarill, F, shiny|271\/404
|turn|19
|
|move|p1a: Azumarill|Return|p2a: Azumarill
|-damage|p2a: Azumarill|0 fnt
|faint|p2a: Azumarill
|
|win|LT3M Skyark
|raw|Ladder updating...
|raw|LT3M Skyark's rating: 1463 &rarr; <strong>1480<\/strong><br \/>(+17 for winning)
|raw|Fairy Peak!'s rating: 1410 &rarr; <strong>1393<\/strong><br \/>(-17 for losing)
|c|★LT3M Skyark|gg