|join|Fairy Peak!
|join|Thunder631
|player|p1|Fairy Peak!|289
|player|p2|Thunder631|115
|gametype|singles
|gen|6
|tier|OU
|clearpoke
|poke|p1|Azumarill, M, shiny
|poke|p1|Terrakion
|poke|p1|Landorus-Therian, M
|poke|p1|Latias, F
|poke|p1|Magnezone
|poke|p1|Pinsir, F
|poke|p2|Archeops, M, shiny
|poke|p2|Froslass, F, shiny
|poke|p2|Gyarados, M, shiny
|poke|p2|Landorus-Therian, M, shiny
|poke|p2|Bisharp, M, shiny
|poke|p2|Breloom, M
|rule|Swagger Clause: Swagger is banned
|rule|Baton Pass Clause: Limit one Pokémon knowing Baton Pass
|rule|Sleep Clause Mod: Limit one foe put to sleep
|rule|Species Clause: Limit one of each Pokémon
|rule|OHKO Clause: OHKO moves are banned
|rule|Moody Clause: Moody is banned
|rule|Evasion Moves Clause: Evasion moves are banned
|rule|Endless Battle Clause: Forcing endless battles is banned
|rule|HP Percentage Mod: HP is shown in percentages
|teampreview
|c|★Fairy Peak!|J'ai déjà vu cette team aussi.
|
|start
|switch|p1a: Lead4Ever|Terrakion|323\/323
|switch|p2a: Archeops|Archeops, M, shiny|292\/292
|turn|1
|c|★Thunder631|Elle est bien
|c|★Fairy Peak!|Oui. ^^'
|
|move|p2a: Archeops|Stealth Rock|p1a: Lead4Ever
|-sidestart|p1: Fairy Peak!|move: Stealth Rock
|move|p1a: Lead4Ever|Stone Edge|p2a: Archeops|[miss]
|-miss|p1a: Lead4Ever|p2a: Archeops
|
|turn|2
|c|★Fairy Peak!|OUAIS
|
|move|p2a: Archeops|Taunt|p1a: Lead4Ever
|-start|p1a: Lead4Ever|move: Taunt
|cant|p1a: Lead4Ever|move: Taunt|Stealth Rock
|
|turn|3
|
|move|p2a: Archeops|Stone Edge|p1a: Lead4Ever
|-resisted|p1a: Lead4Ever
|-damage|p1a: Lead4Ever|227\/323
|move|p1a: Lead4Ever|Stone Edge|p2a: Archeops
|-supereffective|p2a: Archeops
|-enditem|p2a: Archeops|Focus Sash
|-damage|p2a: Archeops|1\/292
|
|turn|4
|c|★Fairy Peak!|Endeavor
|c|★Fairy Peak!|In coming
|
|move|p2a: Archeops|Endeavor|p1a: Lead4Ever
|-damage|p1a: Lead4Ever|1\/323
|move|p1a: Lead4Ever|Close Combat|p2a: Archeops
|-damage|p2a: Archeops|0 fnt
|-unboost|p1a: Lead4Ever|def|1
|-unboost|p1a: Lead4Ever|spd|1
|faint|p2a: Archeops
|
|-end|p1a: Lead4Ever|move: Taunt
|c|★Thunder631|obv
|c|★Fairy Peak!|o)
|
|switch|p2a: Landorus-Therian|Landorus-Therian, M, shiny|329\/329
|-ability|p2a: Landorus-Therian|Intimidate|[of] p1a: Lead4Ever
|-unboost|p1a: Lead4Ever|atk|1
|turn|5
|
|move|p2a: Landorus-Therian|U-turn|p1a: Lead4Ever
|-resisted|p1a: Lead4Ever
|-damage|p1a: Lead4Ever|0 fnt
|faint|p1a: Lead4Ever
|
|switch|p2a: Froslass|Froslass, F, shiny|282\/282
|
|
|switch|p1a: Just Badass|Landorus-Therian, M|320\/320
|-damage|p1a: Just Badass|280\/320|[from] Stealth Rock
|-ability|p1a: Just Badass|Intimidate|[of] p2a: Froslass
|-unboost|p2a: Froslass|atk|1
|turn|6
|
|move|p1a: Just Badass|U-turn|p2a: Froslass
|-resisted|p2a: Froslass
|-damage|p2a: Froslass|222\/282
|
|switch|p1a: It's A Trap !|Magnezone|282\/282
|-damage|p1a: It's A Trap !|265\/282|[from] Stealth Rock
|move|p2a: Froslass|Spikes|p1a: It's A Trap !
|-sidestart|p1: Fairy Peak!|Spikes
|
|turn|7
|
|move|p1a: It's A Trap !|Flash Cannon|p2a: Froslass
|-supereffective|p2a: Froslass
|-damage|p2a: Froslass|0 fnt
|faint|p2a: Froslass
|
|
|switch|p2a: Gyarados|Gyarados, M, shiny|332\/332
|-ability|p2a: Gyarados|Intimidate|[of] p1a: It's A Trap !
|-unboost|p1a: It's A Trap !|atk|1
|turn|8
|
|switch|p1a: Just A Hug|Azumarill, M, shiny|404\/404
|-damage|p1a: Just A Hug|354\/404|[from] Stealth Rock
|-damage|p1a: Just A Hug|304\/404|[from] Spikes
|move|p2a: Gyarados|Dragon Dance|p2a: Gyarados
|-boost|p2a: Gyarados|atk|1
|-boost|p2a: Gyarados|spe|1
|
|turn|9
|
|switch|p1a: It's A Trap !|Magnezone|265\/282
|-damage|p1a: It's A Trap !|248\/282|[from] Stealth Rock
|-damage|p1a: It's A Trap !|213\/282|[from] Spikes
|move|p2a: Gyarados|Dragon Dance|p2a: Gyarados
|-boost|p2a: Gyarados|atk|1
|-boost|p2a: Gyarados|spe|1
|
|turn|10
|c|★Fairy Peak!|Oops
|c|★Fairy Peak!|Je pensais au bounce
|
|detailschange|p2a: Gyarados|Gyarados-Mega, M, shiny
|message|Gyarados has Mega Evolved into Mega Gyarados!
|-ability|p2a: Gyarados|Mold Breaker
|move|p2a: Gyarados|Waterfall|p1a: It's A Trap !
|-damage|p1a: It's A Trap !|0 fnt
|faint|p1a: It's A Trap !
|
|c|★Thunder631|rofl
|
|switch|p1a: Just A Hug|Azumarill, M, shiny|304\/404
|-damage|p1a: Just A Hug|254\/404|[from] Stealth Rock
|-damage|p1a: Just A Hug|204\/404|[from] Spikes
|turn|11
|c|★Thunder631|gg xd
|
|switch|p1a: Just Badass|Landorus-Therian, M|280\/320
|-damage|p1a: Just Badass|240\/320|[from] Stealth Rock
|-ability|p1a: Just Badass|Intimidate|[of] p2a: Gyarados
|-unboost|p2a: Gyarados|atk|1
|move|p2a: Gyarados|Earthquake|p1a: Just Badass
|-immune|p1a: Just Badass|[msg]
|
|turn|12
|
|move|p2a: Gyarados|Waterfall|p1a: Just Badass
|-supereffective|p1a: Just Badass
|-damage|p1a: Just Badass|0 fnt
|faint|p1a: Just Badass
|
|
|switch|p1a: I ♥ You|Latias, F|302\/302
|-damage|p1a: I ♥ You|265\/302|[from] Stealth Rock
|turn|13
|
|move|p2a: Gyarados|Ice Fang|p1a: I ♥ You
|-supereffective|p1a: I ♥ You
|-damage|p1a: I ♥ You|0 fnt
|faint|p1a: I ♥ You
|
|c|★Fairy Peak!|Gg
|
|switch|p1a: Just A Hug|Azumarill, M, shiny|204\/404
|-damage|p1a: Just A Hug|154\/404|[from] Spikes
|-damage|p1a: Just A Hug|104\/404|[from] Stealth Rock
|turn|14
|c|★Thunder631|gg
|c|★Fairy Peak!|Surtout qu'il est choice band
|c|★Fairy Peak!|Il t'aurais 0HKO
|c|★Fairy Peak!|:\/
|
|move|p2a: Gyarados|Waterfall|p1a: Just A Hug
|-resisted|p1a: Just A Hug
|-damage|p1a: Just A Hug|0 fnt
|faint|p1a: Just A Hug
|
|c|★Thunder631|qui?
|c|★Fairy Peak!|Azu
|
|switch|p1a: Over Kraked|Pinsir, F|271\/271
|-damage|p1a: Over Kraked|204\/271|[from] Stealth Rock
|-damage|p1a: Over Kraked|171\/271|[from] Spikes
|turn|15
|
|detailschange|p1a: Over Kraked|Pinsir-Mega, F
|message|Pinsir has Mega Evolved into Mega Pinsir!
|move|p1a: Over Kraked|Quick Attack|p2a: Gyarados
|-damage|p2a: Gyarados|229\/332
|move|p2a: Gyarados|Waterfall|p1a: Over Kraked
|-damage|p1a: Over Kraked|0 fnt
|faint|p1a: Over Kraked
|
|win|Thunder631
|c|★Fairy Peak!|Gg
|c|★Thunder631|yep
|c|★Fairy Peak!|Car en ce moment.
|c|★Fairy Peak!|Je croise que des Léviator pas méga.
|c|★Thunder631|xd
|c|★Fairy Peak!|Du coup ça marche souvent l'anticipe bounce.
|c|★Fairy Peak!|Mais j'ai pas fait attention au méga
|c|★Thunder631|c'est le seul mega xd
|c|★Thunder631|qui puisse y avoir
|c|★Fairy Peak!|Ouais mais j'ai pas fait attention.
|c|★Thunder631|il se place super bien sur les choices
|c|★Fairy Peak!|Quand je joues je fais pas attention à grand chose.
|c|★Fairy Peak!|En fait.
|c|★Fairy Peak!|Oui.
|c|★Fairy Peak!|Il a une super bonne déf spé.
|c|★Thunder631|J'ai perdu en quarts de finale du ST contre ca
|c|★Fairy Peak!|^^'
|c|★Thunder631|xd
|c|★Fairy Peak!|Bah en ce moment je perd beaucoup de match sur des anticipations foireuses.
|c|★Fairy Peak!|Faut que j'arrête un peu parfois.
|c|★Fairy Peak!|o)
|c|★Thunder631|c'est des 50\/50