|join|Fairy Peak!
|join|lt7w kingofcrimea
|player|p1|Fairy Peak!|18
|player|p2|lt7w kingofcrimea|162
|gametype|singles
|gen|6
|tier|OU
|rated
|clearpoke
|poke|p1|Azumarill, F, shiny
|poke|p1|Terrakion
|poke|p1|Landorus-Therian, M
|poke|p1|Latias, F, shiny
|poke|p1|Magnezone
|poke|p1|Pinsir, F
|poke|p2|Charizard, F
|poke|p2|Garchomp, F
|poke|p2|Excadrill, M
|poke|p2|Azumarill, M
|poke|p2|Gengar, F
|poke|p2|Greninja, M
|rule|Swagger Clause: Swagger is banned
|rule|Baton Pass Clause: Limit one Pokémon knowing Baton Pass
|rule|Sleep Clause Mod: Limit one foe put to sleep
|rule|Species Clause: Limit one of each Pokémon
|rule|OHKO Clause: OHKO moves are banned
|rule|Moody Clause: Moody is banned
|rule|Evasion Moves Clause: Evasion moves are banned
|rule|Endless Battle Clause: Forcing endless battles is banned
|rule|HP Percentage Mod: HP is shown in percentages
|teampreview
|c|★Fairy Peak!|Gl.
|c|★lt7w kingofcrimea|u2
|
|start
|switch|p1a: Just A Hug|Azumarill, F, shiny|404\/404
|switch|p2a: Garchomp|Garchomp, F|358\/358
|turn|1
|
|move|p2a: Garchomp|Stealth Rock|p1a: Just A Hug
|-sidestart|p1: Fairy Peak!|move: Stealth Rock
|move|p1a: Just A Hug|Play Rough|p2a: Garchomp
|-supereffective|p2a: Garchomp
|-enditem|p2a: Garchomp|Focus Sash
|-damage|p2a: Garchomp|1\/358
|-damage|p1a: Just A Hug|354\/404|[from] ability: Rough Skin|[of] p2a: Garchomp
|
|turn|2
|
|switch|p1a: Just Badass|Landorus-Therian, M|320\/320
|-damage|p1a: Just Badass|280\/320|[from] Stealth Rock
|-ability|p1a: Just Badass|Intimidate|[of] p2a: Garchomp
|-unboost|p2a: Garchomp|atk|1
|move|p2a: Garchomp|Earthquake|p1a: Just Badass
|-immune|p1a: Just Badass|[msg]
|
|turn|3
|
|move|p1a: Just Badass|U-turn|p2a: Garchomp
|-damage|p2a: Garchomp|0 fnt
|-damage|p1a: Just Badass|240\/320|[from] ability: Rough Skin|[of] p2a: Garchomp
|faint|p2a: Garchomp
|
|switch|p1a: Just A Hug|Azumarill, F, shiny|354\/404
|-damage|p1a: Just A Hug|304\/404|[from] Stealth Rock
|
|
|switch|p2a: Gengar|Gengar, F|262\/262
|turn|4
|
|switch|p1a: It's A Trap !|Magnezone|282\/282
|-damage|p1a: It's A Trap !|265\/282|[from] Stealth Rock
|move|p2a: Gengar|Sludge Bomb|p1a: It's A Trap !
|-immune|p1a: It's A Trap !|[msg]
|
|turn|5
|
|switch|p2a: Excadrill|Excadrill, M|362\/362
|-ability|p2a: Excadrill|Mold Breaker
|move|p1a: It's A Trap !|Hidden Power|p2a: Excadrill
|-supereffective|p2a: Excadrill
|-damage|p2a: Excadrill|176\/362
|
|turn|6
|
|move|p2a: Excadrill|Earthquake|p1a: It's A Trap !
|-supereffective|p1a: It's A Trap !
|-damage|p1a: It's A Trap !|0 fnt
|faint|p1a: It's A Trap !
|
|
|switch|p1a: Over Kraked|Pinsir, F|271\/271
|-damage|p1a: Over Kraked|204\/271|[from] Stealth Rock
|turn|7
|
|switch|p2a: Charizard|Charizard, F|298\/298
|detailschange|p1a: Over Kraked|Pinsir-Mega, F
|message|Pinsir has Mega Evolved into Mega Pinsir!
|move|p1a: Over Kraked|Swords Dance|p1a: Over Kraked
|-boost|p1a: Over Kraked|atk|2
|
|turn|8
|
|detailschange|p2a: Charizard|Charizard-Mega-X, F
|message|Charizard has Mega Evolved into Mega Charizard!
|move|p1a: Over Kraked|Return|p2a: Charizard
|-damage|p2a: Charizard|0 fnt
|faint|p2a: Charizard
|
|
|switch|p2a: Excadrill|Excadrill, M|176\/362
|-ability|p2a: Excadrill|Mold Breaker
|turn|9
|
|switch|p1a: Lead4Ever|Terrakion|323\/323
|-damage|p1a: Lead4Ever|303\/323|[from] Stealth Rock
|move|p2a: Excadrill|Rock Slide|p1a: Lead4Ever
|-resisted|p1a: Lead4Ever
|-damage|p1a: Lead4Ever|243\/323
|
|turn|10
|
|switch|p2a: Azumarill|Azumarill, M|401\/401
|move|p1a: Lead4Ever|Stone Edge|p2a: Azumarill
|-damage|p2a: Azumarill|190\/401
|
|turn|11
|
|switch|p1a: I ♥ You|Latias, F, shiny|302\/302
|-damage|p1a: I ♥ You|265\/302|[from] Stealth Rock
|move|p2a: Azumarill|Aqua Jet|p1a: I ♥ You
|-resisted|p1a: I ♥ You
|-damage|p1a: I ♥ You|200\/302
|
|turn|12
|
|switch|p2a: Excadrill|Excadrill, M|176\/362
|-ability|p2a: Excadrill|Mold Breaker
|move|p1a: I ♥ You|Defog|p2a: Excadrill
|-unboost|p2a: Excadrill|evasion|1
|-sideend|p1: Fairy Peak!|Stealth Rock|[from] move: Defog|[of] p1a: I ♥ You
|
|turn|13
|
|move|p2a: Excadrill|Iron Head|p1a: I ♥ You
|-damage|p1a: I ♥ You|35\/302
|move|p1a: I ♥ You|Healing Wish|p1a: I ♥ You
|faint|p1a: I ♥ You
|
|
|switch|p1a: Just Badass|Landorus-Therian, M|240\/320
|-heal|p1a: Just Badass|320\/320|[from] move: Healing Wish
|-ability|p1a: Just Badass|Intimidate|[of] p2a: Excadrill
|-unboost|p2a: Excadrill|atk|1
|turn|14
|
|move|p1a: Just Badass|Knock Off|p2a: Excadrill
|-crit|p2a: Excadrill
|-damage|p2a: Excadrill|0 fnt
|-enditem|p2a: Excadrill|Choice Scarf|[from] move: Knock Off|[of] p1a: Just Badass
|faint|p2a: Excadrill
|
|
|switch|p2a: Greninja|Greninja, M|286\/286
|turn|15
|
|switch|p1a: Just A Hug|Azumarill, F, shiny|304\/404
|move|p2a: Greninja|Hidden Power|p1a: Just A Hug
|-start|p2a: Greninja|typechange|Grass|[from] Protean
|-supereffective|p1a: Just A Hug
|-damage|p1a: Just A Hug|13\/404
|-damage|p2a: Greninja|258\/286|[from] item: Life Orb
|
|turn|16
|
|move|p1a: Just A Hug|Aqua Jet|p2a: Greninja
|-resisted|p2a: Greninja
|-damage|p2a: Greninja|160\/286
|move|p2a: Greninja|Dark Pulse|p1a: Just A Hug
|-start|p2a: Greninja|typechange|Dark|[from] Protean
|-resisted|p1a: Just A Hug
|-damage|p1a: Just A Hug|0 fnt
|-damage|p2a: Greninja|132\/286|[from] item: Life Orb
|faint|p1a: Just A Hug
|
|
|switch|p1a: Just Badass|Landorus-Therian, M|320\/320
|-ability|p1a: Just Badass|Intimidate|[of] p2a: Greninja
|-unboost|p2a: Greninja|atk|1
|turn|17
|
|switch|p2a: Gengar|Gengar, F|262\/262
|move|p1a: Just Badass|U-turn|p2a: Gengar
|-resisted|p2a: Gengar
|-damage|p2a: Gengar|235\/262
|
|switch|p1a: Lead4Ever|Terrakion|243\/323
|
|-heal|p2a: Gengar|251\/262|[from] item: Black Sludge
|turn|18
|
|move|p2a: Gengar|Substitute|p2a: Gengar
|-start|p2a: Gengar|Substitute
|-damage|p2a: Gengar|186\/262
|move|p1a: Lead4Ever|Stone Edge|p2a: Gengar
|-end|p2a: Gengar|Substitute
|
|-heal|p2a: Gengar|202\/262|[from] item: Black Sludge
|turn|19
|
|move|p2a: Gengar|Substitute|p2a: Gengar
|-start|p2a: Gengar|Substitute
|-damage|p2a: Gengar|137\/262
|move|p1a: Lead4Ever|Stone Edge|p2a: Gengar
|-end|p2a: Gengar|Substitute
|
|-heal|p2a: Gengar|153\/262|[from] item: Black Sludge
|turn|20
|
|move|p2a: Gengar|Disable|p1a: Lead4Ever
|-start|p1a: Lead4Ever|Disable|Stone Edge
|cant|p1a: Lead4Ever|Disable|Stone Edge
|
|-heal|p2a: Gengar|169\/262|[from] item: Black Sludge
|turn|21
|
|switch|p1a: Over Kraked|Pinsir-Mega, F|204\/271
|move|p2a: Gengar|Substitute|p2a: Gengar
|-start|p2a: Gengar|Substitute
|-damage|p2a: Gengar|104\/262
|
|-heal|p2a: Gengar|120\/262|[from] item: Black Sludge
|turn|22
|
|move|p1a: Over Kraked|Quick Attack|p2a: Gengar
|-end|p2a: Gengar|Substitute
|move|p2a: Gengar|Sludge Bomb|p1a: Over Kraked
|-damage|p1a: Over Kraked|24\/271
|
|-heal|p2a: Gengar|136\/262|[from] item: Black Sludge
|turn|23
|
|switch|p2a: Greninja|Greninja, M|132\/286
|move|p1a: Over Kraked|Quick Attack|p2a: Greninja
|-damage|p2a: Greninja|0 fnt
|faint|p2a: Greninja
|
|
|switch|p2a: Azumarill|Azumarill, M|190\/401
|turn|24
|
|move|p1a: Over Kraked|Quick Attack|p2a: Azumarill
|-damage|p2a: Azumarill|64\/401
|move|p2a: Azumarill|Aqua Jet|p1a: Over Kraked
|-crit|p1a: Over Kraked
|-damage|p1a: Over Kraked|0 fnt
|faint|p1a: Over Kraked
|
|
|switch|p1a: Just Badass|Landorus-Therian, M|320\/320
|-ability|p1a: Just Badass|Intimidate|[of] p2a: Azumarill
|-unboost|p2a: Azumarill|atk|1
|turn|25
|
|move|p2a: Azumarill|Aqua Jet|p1a: Just Badass
|-supereffective|p1a: Just Badass
|-damage|p1a: Just Badass|114\/320
|move|p1a: Just Badass|Knock Off|p2a: Azumarill
|-resisted|p2a: Azumarill
|-damage|p2a: Azumarill|0 fnt
|-enditem|p2a: Azumarill|Choice Band|[from] move: Knock Off|[of] p1a: Just Badass
|faint|p2a: Azumarill
|
|c|★Fairy Peak!|Gg
|c|★lt7w kingofcrimea|gg
|-message|lt7w kingofcrimea forfeited.
|
|win|Fairy Peak!
|raw|Ladder updating...
|leave|lt7w kingofcrimea
|player|p2
|raw|Fairy Peak!'s rating: 1846 &rarr; <strong>1861<\/strong><br \/>(+15 for winning)
|raw|lt7w kingofcrimea's rating: 1746 &rarr; <strong>1731<\/strong><br \/>(-15 for losing)
|leave|Fairy Peak!
|player|p1
|join|Fairy Peak!