|join|u got topor'ed
|join|Fairy Peak!
|player|p1|u got topor'ed|167
|player|p2|Fairy Peak!|289
|gametype|singles
|gen|6
|tier|OU
|rated
|clearpoke
|poke|p1|Cottonee, M
|poke|p1|Azelf
|poke|p1|Gothitelle, F
|poke|p1|Whimsicott, F
|poke|p1|Smeargle, M
|poke|p1|Espeon, M
|poke|p2|Azumarill, M, shiny
|poke|p2|Terrakion
|poke|p2|Landorus-Therian, M
|poke|p2|Latias, F
|poke|p2|Magnezone
|poke|p2|Pinsir, M
|rule|Swagger Clause: Swagger is banned
|rule|Baton Pass Clause: Limit one Pokémon knowing Baton Pass
|rule|Sleep Clause Mod: Limit one foe put to sleep
|rule|Species Clause: Limit one of each Pokémon
|rule|OHKO Clause: OHKO moves are banned
|rule|Moody Clause: Moody is banned
|rule|Evasion Moves Clause: Evasion moves are banned
|rule|Endless Battle Clause: Forcing endless battles is banned
|rule|HP Percentage Mod: HP is shown in percentages
|teampreview
|c|★Fairy Peak!|Omg
|c|★Fairy Peak!|STOP THAT TEAM
|c|★Fairy Peak!|:\/
|
|start
|switch|p1a: Cottonee|Cottonee, M|284\/284
|switch|p2a: It's A Trap !|Magnezone|282\/282
|turn|1
|
|move|p1a: Cottonee|Memento|p2a: It's A Trap !
|-unboost|p2a: It's A Trap !|atk|2
|-unboost|p2a: It's A Trap !|spa|2
|faint|p1a: Cottonee
|move|p2a: It's A Trap !|Volt Switch|p1: Cottonee|[notarget]
|-notarget
|
|
|switch|p1a: Azelf|Azelf|354\/354
|turn|2
|
|move|p1a: Azelf|Light Screen|p1a: Azelf
|-sidestart|p1: u got topor'ed|move: Light Screen
|move|p2a: It's A Trap !|Volt Switch|p1a: Azelf
|-damage|p1a: Azelf|315\/354
|
|switch|p2a: Just Badass|Landorus-Therian, M|320\/320
|-ability|p2a: Just Badass|Intimidate|[of] p1a: Azelf
|-unboost|p1a: Azelf|atk|1
|
|turn|3
|
|move|p2a: Just Badass|Knock Off|p1a: Azelf
|-supereffective|p1a: Azelf
|-damage|p1a: Azelf|0 fnt
|-enditem|p1a: Azelf|Light Clay|[from] move: Knock Off|[of] p2a: Just Badass
|faint|p1a: Azelf
|
|
|switch|p1a: Whimsicott|Whimsicott, F|324\/324
|turn|4
|
|switch|p2a: Over Kraked|Pinsir, M|271\/271
|move|p1a: Whimsicott|Tailwind|p1a: Whimsicott
|-sidestart|p1: u got topor'ed|move: Tailwind
|
|turn|5
|
|detailschange|p2a: Over Kraked|Pinsir-Mega, M
|message|Pinsir has Mega Evolved into Mega Pinsir!
|move|p1a: Whimsicott|Memento|p2a: Over Kraked
|-unboost|p2a: Over Kraked|atk|2
|-unboost|p2a: Over Kraked|spa|2
|faint|p1a: Whimsicott
|move|p2a: Over Kraked|Swords Dance|p2a: Over Kraked
|-boost|p2a: Over Kraked|atk|2
|
|
|switch|p1a: Smeargle|Smeargle, M|314\/314
|turn|6
|
|move|p1a: Smeargle|Spore|p2a: Over Kraked
|-status|p2a: Over Kraked|slp
|cant|p2a: Over Kraked|slp
|
|turn|7
|
|switch|p2a: Lead4Ever|Terrakion|323\/323
|move|p1a: Smeargle|Geomancy|p1a: Smeargle|[still]
|-prepare|p1a: Smeargle|Geomancy|p1a: Smeargle
|-enditem|p1a: Smeargle|Power Herb
|-anim|p1a: Smeargle|Geomancy|p1a: Smeargle
|-boost|p1a: Smeargle|spa|2
|-boost|p1a: Smeargle|spd|2
|-boost|p1a: Smeargle|spe|2
|
|-sideend|p1: u got topor'ed|move: Tailwind
|turn|8
|
|move|p1a: Smeargle|Cotton Guard|p1a: Smeargle
|-boost|p1a: Smeargle|def|3
|move|p2a: Lead4Ever|Taunt|p1a: Smeargle
|-start|p1a: Smeargle|move: Taunt
|
|turn|9
|
|-activate|p1a: Smeargle|move: Struggle
|move|p1a: Smeargle|Struggle|p2a: Lead4Ever
|-damage|p2a: Lead4Ever|310\/323
|-damage|p1a: Smeargle|236\/314
|move|p2a: Lead4Ever|Close Combat|p1a: Smeargle
|-supereffective|p1a: Smeargle
|-damage|p1a: Smeargle|2\/314
|-unboost|p2a: Lead4Ever|def|1
|-unboost|p2a: Lead4Ever|spd|1
|
|-sideend|p1: u got topor'ed|move: Light Screen
|turn|10
|c|★Fairy Peak!|Oops
|
|-activate|p1a: Smeargle|move: Struggle
|move|p1a: Smeargle|Struggle|p2a: Lead4Ever
|-damage|p2a: Lead4Ever|290\/323
|-damage|p1a: Smeargle|0 fnt
|faint|p1a: Smeargle
|move|p2a: Lead4Ever|Close Combat|p1: Smeargle|[notarget]
|-notarget
|
|-message|u got topor'ed forfeited.
|
|win|Fairy Peak!
|raw|Ladder updating...
|leave|u got topor'ed
|player|p1
|raw|u got topor&apos;ed's rating: 1952 &rarr; <strong>1922<\/strong><br \/>(-30 for losing)
|raw|Fairy Peak!'s rating: 1761 &rarr; <strong>1791<\/strong><br \/>(+30 for winning)
|join|dw2r2r2r2