|join|blablablab
|join|Frankie Ruiz
|player|p1|blablablab|265
|player|p2|Frankie Ruiz|1
|gametype|singles
|gen|6
|tier|OU
|rated
|clearpoke
|poke|p1|Diggersby, F
|poke|p1|Raikou
|poke|p1|Azelf
|poke|p1|Bisharp, M
|poke|p1|Slowbro, M
|poke|p1|Landorus, M
|poke|p2|Ferrothorn, F
|poke|p2|Rotom-Wash
|poke|p2|Zapdos
|poke|p2|Talonflame, M
|poke|p2|Greninja, F
|poke|p2|Diancie
|rule|Swagger Clause: Swagger is banned
|rule|Baton Pass Clause: Limit one Pokémon knowing Baton Pass
|rule|Sleep Clause Mod: Limit one foe put to sleep
|rule|Species Clause: Limit one of each Pokémon
|rule|OHKO Clause: OHKO moves are banned
|rule|Moody Clause: Moody is banned
|rule|Evasion Moves Clause: Evasion moves are banned
|rule|Endless Battle Clause: Forcing endless battles is banned
|rule|HP Percentage Mod: HP is shown in percentages
|teampreview
|
|start
|switch|p1a: Raikou|Raikou|321\/321
|switch|p2a: Talonflame|Talonflame, M|297\/297
|-ability|p1a: Raikou|Pressure
|turn|1
|
|move|p2a: Talonflame|Substitute|p2a: Talonflame
|-start|p2a: Talonflame|Substitute
|-damage|p2a: Talonflame|223\/297
|move|p1a: Raikou|Volt Switch|p2a: Talonflame
|-supereffective|p2a: Talonflame
|-end|p2a: Talonflame|Substitute
|
|switch|p1a: Slowbro|Slowbro, M|394\/394
|
|-heal|p2a: Talonflame|241\/297|[from] item: Leftovers
|turn|2
|
|switch|p2a: Rotom-Wash|Rotom-Wash|303\/303
|detailschange|p1a: Slowbro|Slowbro-Mega, M
|-mega|p1a: Slowbro|Slowbro|Slowbronite
|move|p1a: Slowbro|Scald|p2a: Rotom-Wash
|-resisted|p2a: Rotom-Wash
|-damage|p2a: Rotom-Wash|246\/303
|
|-heal|p2a: Rotom-Wash|264\/303|[from] item: Leftovers
|turn|3
|
|switch|p1a: Raikou|Raikou|321\/321
|-ability|p1a: Raikou|Pressure
|move|p2a: Rotom-Wash|Will-O-Wisp|p1a: Raikou
|-status|p1a: Raikou|brn
|
|-heal|p2a: Rotom-Wash|282\/303|[from] item: Leftovers
|-damage|p1a: Raikou|281\/321 brn|[from] brn
|turn|4
|
|move|p1a: Raikou|Thunderbolt|p2a: Rotom-Wash
|-damage|p2a: Rotom-Wash|180\/303
|move|p2a: Rotom-Wash|Hydro Pump|p1a: Raikou
|-damage|p1a: Raikou|139\/321 brn
|
|-heal|p1a: Raikou|159\/321 brn|[from] item: Leftovers
|-heal|p2a: Rotom-Wash|198\/303|[from] item: Leftovers
|-damage|p1a: Raikou|119\/321 brn|[from] brn
|turn|5
|
|switch|p2a: Ferrothorn|Ferrothorn, F|351\/351
|move|p1a: Raikou|Thunderbolt|p2a: Ferrothorn
|-resisted|p2a: Ferrothorn
|-damage|p2a: Ferrothorn|305\/351
|
|-heal|p1a: Raikou|139\/321 brn|[from] item: Leftovers
|-heal|p2a: Ferrothorn|326\/351|[from] item: Leftovers
|-damage|p1a: Raikou|99\/321 brn|[from] brn
|turn|6
|
|switch|p2a: Zapdos|Zapdos|380\/380
|-ability|p2a: Zapdos|Pressure
|move|p1a: Raikou|Volt Switch|p2a: Zapdos
|-damage|p2a: Zapdos|260\/380
|
|switch|p1a: Diggersby|Diggersby, F|311\/311
|
|-heal|p2a: Zapdos|283\/380|[from] item: Leftovers
|turn|7
|
|switch|p2a: Greninja|Greninja, F|285\/285
|move|p1a: Diggersby|Fire Punch|p2a: Greninja
|-resisted|p2a: Greninja
|-damage|p2a: Greninja|180\/285
|-damage|p1a: Diggersby|280\/311|[from] item: Life Orb
|
|turn|8
|
|switch|p1a: Raikou|Raikou|99\/321 brn
|-ability|p1a: Raikou|Pressure
|move|p2a: Greninja|Ice Beam|p1a: Raikou
|-start|p2a: Greninja|typechange|Ice|[from] Protean
|-damage|p1a: Raikou|0 fnt
|-damage|p2a: Greninja|152\/285|[from] item: Life Orb
|faint|p1a: Raikou
|
|
|switch|p1a: Bisharp|Bisharp, M|272\/272
|turn|9
|
|move|p1a: Bisharp|Pursuit|p2a: Greninja|[from]Pursuit
|-damage|p2a: Greninja|0 fnt
|faint|p2a: Greninja
|
|
|switch|p2a: Talonflame|Talonflame, M|241\/297
|turn|10
|
|switch|p1a: Slowbro|Slowbro-Mega, M|394\/394
|move|p2a: Talonflame|Substitute|p2a: Talonflame
|-start|p2a: Talonflame|Substitute
|-damage|p2a: Talonflame|167\/297
|
|-heal|p2a: Talonflame|185\/297|[from] item: Leftovers
|turn|11
|
|switch|p2a: Rotom-Wash|Rotom-Wash|198\/303
|move|p1a: Slowbro|Scald|p2a: Rotom-Wash
|-resisted|p2a: Rotom-Wash
|-damage|p2a: Rotom-Wash|146\/303
|
|-heal|p2a: Rotom-Wash|164\/303|[from] item: Leftovers
|turn|12
|
|switch|p1a: Azelf|Azelf|291\/291
|move|p2a: Rotom-Wash|Will-O-Wisp|p1a: Azelf
|-status|p1a: Azelf|brn
|
|-heal|p2a: Rotom-Wash|182\/303|[from] item: Leftovers
|-damage|p1a: Azelf|255\/291 brn|[from] brn
|turn|13
|
|switch|p2a: Ferrothorn|Ferrothorn, F|326\/351
|move|p1a: Azelf|Stealth Rock|p2a: Ferrothorn
|-sidestart|p2: Frankie Ruiz|move: Stealth Rock
|
|-heal|p2a: Ferrothorn|347\/351|[from] item: Leftovers
|-damage|p1a: Azelf|219\/291 brn|[from] brn
|turn|14
|
|switch|p2a: Diancie|Diancie|255\/255
|-damage|p2a: Diancie|224\/255|[from] Stealth Rock
|move|p1a: Azelf|Fire Blast|p2a: Diancie|[miss]
|-miss|p1a: Azelf|p2a: Diancie
|
|-damage|p1a: Azelf|183\/291 brn|[from] brn
|turn|15
|
|detailschange|p2a: Diancie|Diancie-Mega
|-mega|p2a: Diancie|Diancie|Diancite
|move|p1a: Azelf|Explosion|p2a: Diancie
|-resisted|p2a: Diancie
|-damage|p2a: Diancie|87\/255
|faint|p1a: Azelf
|move|p2a: Diancie|Earth Power|p1: Azelf|[notarget]
|-notarget
|
|
|switch|p1a: Landorus|Landorus, M|319\/319
|turn|16
|
|move|p2a: Diancie|Moonblast|p1a: Landorus
|-crit|p1a: Landorus
|-damage|p1a: Landorus|0 fnt
|faint|p1a: Landorus
|
|c|★blablablab|o
|c|★blablablab|m
|c|★blablablab|g
|c|★blablablab|of course
|
|switch|p1a: Diggersby|Diggersby, F|280\/311
|turn|17
|
|move|p1a: Diggersby|Quick Attack|p2a: Diancie
|-resisted|p2a: Diancie
|-damage|p2a: Diancie|23\/255
|-damage|p1a: Diggersby|249\/311|[from] item: Life Orb
|move|p2a: Diancie|Moonblast|p1a: Diggersby
|-damage|p1a: Diggersby|21\/311
|
|turn|18
|
|move|p2a: Diancie|Protect|p2a: Diancie
|-singleturn|p2a: Diancie|Protect
|move|p1a: Diggersby|Quick Attack|p2a: Diancie
|-activate|p2a: Diancie|Protect
|
|turn|19
|
|move|p1a: Diggersby|Quick Attack|p2a: Diancie
|-resisted|p2a: Diancie
|-damage|p2a: Diancie|0 fnt
|-damage|p1a: Diggersby|0 fnt|[from] item: Life Orb
|faint|p2a: Diancie
|faint|p1a: Diggersby
|
|
|switch|p1a: Bisharp|Bisharp, M|272\/272
|switch|p2a: Ferrothorn|Ferrothorn, F|347\/351
|-damage|p2a: Ferrothorn|326\/351|[from] Stealth Rock
|turn|20
|
|move|p1a: Bisharp|Knock Off|p2a: Ferrothorn
|-damage|p2a: Ferrothorn|169\/351
|-damage|p1a: Bisharp|238\/272|[from] ability: Iron Barbs|[of] p2a: Ferrothorn
|-enditem|p2a: Ferrothorn|Leftovers|[from] move: Knock Off|[of] p1a: Bisharp
|move|p2a: Ferrothorn|Leech Seed|p1a: Bisharp
|-start|p1a: Bisharp|move: Leech Seed
|
|-damage|p1a: Bisharp|204\/272|[from] Leech Seed|[of] p2a: Ferrothorn
|-heal|p2a: Ferrothorn|203\/351|[silent]
|turn|21
|
|switch|p1a: Slowbro|Slowbro-Mega, M|394\/394
|move|p2a: Ferrothorn|Power Whip|p1a: Slowbro
|-supereffective|p1a: Slowbro
|-damage|p1a: Slowbro|244\/394
|
|turn|22
|
|move|p1a: Slowbro|Psyshock|p2a: Ferrothorn
|-resisted|p2a: Ferrothorn
|-damage|p2a: Ferrothorn|146\/351
|move|p2a: Ferrothorn|Leech Seed|p1a: Slowbro
|-start|p1a: Slowbro|move: Leech Seed
|
|-damage|p1a: Slowbro|195\/394|[from] Leech Seed|[of] p2a: Ferrothorn
|-heal|p2a: Ferrothorn|195\/351|[silent]
|turn|23
|
|move|p1a: Slowbro|Fire Blast|p2a: Ferrothorn
|-supereffective|p2a: Ferrothorn
|-damage|p2a: Ferrothorn|0 fnt
|faint|p2a: Ferrothorn
|
|
|switch|p2a: Rotom-Wash|Rotom-Wash|182\/303
|-damage|p2a: Rotom-Wash|145\/303|[from] Stealth Rock
|turn|24
|
|switch|p1a: Bisharp|Bisharp, M|204\/272
|move|p2a: Rotom-Wash|Substitute|p2a: Rotom-Wash
|-start|p2a: Rotom-Wash|Substitute
|-damage|p2a: Rotom-Wash|70\/303
|
|-heal|p2a: Rotom-Wash|88\/303|[from] item: Leftovers
|turn|25
|
|move|p1a: Bisharp|Knock Off|p2a: Rotom-Wash
|-end|p2a: Rotom-Wash|Substitute
|move|p2a: Rotom-Wash|Will-O-Wisp|p1a: Bisharp
|-status|p1a: Bisharp|brn
|
|-heal|p2a: Rotom-Wash|106\/303|[from] item: Leftovers
|-damage|p1a: Bisharp|170\/272 brn|[from] brn
|turn|26
|
|move|p1a: Bisharp|Knock Off|p2a: Rotom-Wash
|-damage|p2a: Rotom-Wash|3\/303
|-enditem|p2a: Rotom-Wash|Leftovers|[from] move: Knock Off|[of] p1a: Bisharp
|move|p2a: Rotom-Wash|Hydro Pump|p1a: Bisharp|[miss]
|-miss|p2a: Rotom-Wash|p1a: Bisharp
|
|-damage|p1a: Bisharp|136\/272 brn|[from] brn
|turn|27
|
|move|p1a: Bisharp|Knock Off|p2a: Rotom-Wash
|-damage|p2a: Rotom-Wash|0 fnt
|faint|p2a: Rotom-Wash
|
|-damage|p1a: Bisharp|102\/272 brn|[from] brn
|
|switch|p2a: Talonflame|Talonflame, M|185\/297
|-damage|p2a: Talonflame|37\/297|[from] Stealth Rock
|turn|28
|
|switch|p1a: Slowbro|Slowbro-Mega, M|195\/394
|move|p2a: Talonflame|Brave Bird|p1a: Slowbro
|-damage|p1a: Slowbro|99\/394
|-damage|p2a: Talonflame|5\/297|[from] recoil|[of] p1a: Slowbro
|
|-heal|p2a: Talonflame|23\/297|[from] item: Leftovers
|turn|29
|
|move|p2a: Talonflame|Brave Bird|p1a: Slowbro
|-damage|p1a: Slowbro|12\/394
|-damage|p2a: Talonflame|0 fnt|[from] recoil|[of] p1a: Slowbro
|faint|p2a: Talonflame
|move|p1a: Slowbro|Slack Off|p1a: Slowbro
|-heal|p1a: Slowbro|209\/394
|
|
|switch|p2a: Zapdos|Zapdos|283\/380
|-damage|p2a: Zapdos|188\/380|[from] Stealth Rock
|-ability|p2a: Zapdos|Pressure
|turn|30
|
|move|p2a: Zapdos|Thunderbolt|p1a: Slowbro
|-supereffective|p1a: Slowbro
|-damage|p1a: Slowbro|0 fnt
|faint|p1a: Slowbro
|
|-heal|p2a: Zapdos|211\/380|[from] item: Leftovers
|
|switch|p1a: Bisharp|Bisharp, M|102\/272 brn
|turn|31
|
|move|p1a: Bisharp|Knock Off|p2a: Zapdos
|-damage|p2a: Zapdos|120\/380
|-enditem|p2a: Zapdos|Leftovers|[from] move: Knock Off|[of] p1a: Bisharp
|move|p2a: Zapdos|Thunderbolt|p1a: Bisharp
|-damage|p1a: Bisharp|0 fnt
|faint|p1a: Bisharp
|
|win|Frankie Ruiz
|raw|Ladder updating...
|raw|blablablab's rating: 1373 &rarr; <strong>1351<\/strong><br \/>(-22 for losing)
|raw|Frankie Ruiz's rating: 1323 &rarr; <strong>1346<\/strong><br \/>(+23 for winning)
|leave|blablablab
|player|p1