|join|specs P2
|join|EmperorEbe
|player|p1|specs P2|161
|player|p2|EmperorEbe|184
|gametype|singles
|gen|6
|tier|UU
|rated
|rule|Sleep Clause Mod: Limit one foe put to sleep
|rule|Species Clause: Limit one of each Pokémon
|rule|OHKO Clause: OHKO moves are banned
|rule|Moody Clause: Moody is banned
|rule|Evasion Moves Clause: Evasion moves are banned
|rule|Endless Battle Clause: Forcing endless battles is banned
|rule|HP Percentage Mod: HP is shown in percentages
|clearpoke
|poke|p1|Jirachi
|poke|p1|Entei, shiny
|poke|p1|Starmie
|poke|p1|Hydreigon, F
|poke|p1|Medicham, F
|poke|p1|Nidoqueen, F
|poke|p2|Aerodactyl, F
|poke|p2|Roserade, F
|poke|p2|Swampert, M
|poke|p2|Toxicroak, M
|poke|p2|Rotom-Heat
|poke|p2|Meloetta
|rule|Swagger Clause: Swagger is banned
|rule|Baton Pass Clause: Limit one Pokémon knowing Baton Pass
|teampreview
|
|start
|switch|p1a: Hydreigon|Hydreigon, F|325\/325
|switch|p2a: Meloetta|Meloetta|379\/379
|turn|1
|
|switch|p1a: Entei|Entei, shiny|371\/371
|-ability|p1a: Entei|Pressure
|move|p2a: Meloetta|Focus Blast|p1a: Entei
|-damage|p1a: Entei|270\/371
|
|turn|2
|
|switch|p1a: Hydreigon|Hydreigon, F|325\/325
|switch|p2a: Rotom-Heat|Rotom-Heat|304\/304
|
|turn|3
|
|move|p1a: Hydreigon|Draco Meteor|p2a: Rotom-Heat
|-damage|p2a: Rotom-Heat|78\/304
|-unboost|p1a: Hydreigon|spa|2
|-damage|p1a: Hydreigon|293\/325|[from] item: Life Orb
|move|p2a: Rotom-Heat|Will-O-Wisp|p1a: Hydreigon
|-status|p1a: Hydreigon|brn
|
|-heal|p2a: Rotom-Heat|97\/304|[from] item: Leftovers
|-damage|p1a: Hydreigon|253\/325 brn|[from] brn
|turn|4
|
|switch|p2a: Meloetta|Meloetta|379\/379
|move|p1a: Hydreigon|Draco Meteor|p2a: Meloetta
|-damage|p2a: Meloetta|301\/379
|-unboost|p1a: Hydreigon|spa|2
|-damage|p1a: Hydreigon|221\/325 brn|[from] item: Life Orb
|
|-damage|p1a: Hydreigon|181\/325 brn|[from] brn
|turn|5
|
|switch|p1a: Starmie|Starmie|261\/261
|move|p2a: Meloetta|Shadow Ball|p1a: Starmie
|-supereffective|p1a: Starmie
|-damage|p1a: Starmie|39\/261
|
|turn|6
|
|move|p1a: Starmie|Hydro Pump|p2a: Meloetta
|-crit|p2a: Meloetta
|-damage|p2a: Meloetta|122\/379
|-damage|p1a: Starmie|13\/261|[from] item: Life Orb
|move|p2a: Meloetta|Shadow Ball|p1a: Starmie
|-supereffective|p1a: Starmie
|-damage|p1a: Starmie|0 fnt
|faint|p1a: Starmie
|
|
|switch|p1a: Jirachi|Jirachi|341\/341
|turn|7
|
|switch|p2a: Swampert|Swampert, M|404\/404
|move|p1a: Jirachi|U-turn|p2a: Swampert
|-crit|p2a: Swampert
|-damage|p2a: Swampert|328\/404
|
|switch|p1a: Hydreigon|Hydreigon, F|181\/325 brn
|
|-heal|p2a: Swampert|353\/404|[from] item: Leftovers
|-damage|p1a: Hydreigon|141\/325 brn|[from] brn
|turn|8
|
|move|p2a: Swampert|Protect|p2a: Swampert
|-singleturn|p2a: Swampert|Protect
|move|p1a: Hydreigon|Roost|p1a: Hydreigon
|-heal|p1a: Hydreigon|304\/325 brn
|
|-heal|p2a: Swampert|378\/404|[from] item: Leftovers
|-damage|p1a: Hydreigon|264\/325 brn|[from] brn
|turn|9
|
|switch|p2a: Meloetta|Meloetta|122\/379
|move|p1a: Hydreigon|Dark Pulse|p2a: Meloetta
|-supereffective|p2a: Meloetta
|-damage|p2a: Meloetta|0 fnt
|-damage|p1a: Hydreigon|232\/325 brn|[from] item: Life Orb
|faint|p2a: Meloetta
|
|-damage|p1a: Hydreigon|192\/325 brn|[from] brn
|
|switch|p2a: Aerodactyl|Aerodactyl, F|301\/301
|-ability|p2a: Aerodactyl|Unnerve|p1: specs P2
|turn|10
|
|switch|p1a: Jirachi|Jirachi|341\/341
|detailschange|p2a: Aerodactyl|Aerodactyl-Mega, F
|-mega|p2a: Aerodactyl|Aerodactyl|Aerodactylite
|move|p2a: Aerodactyl|Stone Edge|p1a: Jirachi|[miss]
|-miss|p2a: Aerodactyl|p1a: Jirachi
|
|turn|11
|
|switch|p2a: Swampert|Swampert, M|378\/404
|move|p1a: Jirachi|U-turn|p2a: Swampert
|-damage|p2a: Swampert|325\/404
|
|switch|p1a: Hydreigon|Hydreigon, F|192\/325 brn
|
|-heal|p2a: Swampert|350\/404|[from] item: Leftovers
|-damage|p1a: Hydreigon|152\/325 brn|[from] brn
|turn|12
|
|move|p1a: Hydreigon|Draco Meteor|p2a: Swampert
|-damage|p2a: Swampert|33\/404
|-unboost|p1a: Hydreigon|spa|2
|-damage|p1a: Hydreigon|120\/325 brn|[from] item: Life Orb
|move|p2a: Swampert|Stealth Rock|p1a: Hydreigon
|-sidestart|p1: specs P2|move: Stealth Rock
|
|-heal|p2a: Swampert|58\/404|[from] item: Leftovers
|-damage|p1a: Hydreigon|80\/325 brn|[from] brn
|turn|13
|
|switch|p2a: Toxicroak|Toxicroak, M|307\/307
|move|p1a: Hydreigon|Roost|p1a: Hydreigon
|-heal|p1a: Hydreigon|243\/325 brn
|
|-damage|p1a: Hydreigon|203\/325 brn|[from] brn
|turn|14
|
|switch|p1a: Nidoqueen|Nidoqueen, F|350\/350
|-damage|p1a: Nidoqueen|329\/350|[from] Stealth Rock
|move|p2a: Toxicroak|Swords Dance|p2a: Toxicroak
|-boost|p2a: Toxicroak|atk|2
|
|turn|15
|
|switch|p2a: Roserade|Roserade, F|323\/323
|move|p1a: Nidoqueen|Earth Power|p2a: Roserade
|-damage|p2a: Roserade|127\/323
|
|-heal|p2a: Roserade|147\/323|[from] item: Black Sludge
|turn|16
|
|switch|p1a: Entei|Entei, shiny|270\/371
|-damage|p1a: Entei|178\/371|[from] Stealth Rock
|-ability|p1a: Entei|Pressure
|move|p2a: Roserade|Giga Drain|p1a: Entei
|-resisted|p1a: Entei
|-damage|p1a: Entei|133\/371
|-heal|p2a: Roserade|170\/323|[from] drain|[of] p1a: Entei
|
|-heal|p2a: Roserade|190\/323|[from] item: Black Sludge
|turn|17
|
|switch|p2a: Rotom-Heat|Rotom-Heat|97\/304
|move|p1a: Entei|Sacred Fire|p2a: Rotom-Heat
|-resisted|p2a: Rotom-Heat
|-damage|p2a: Rotom-Heat|9\/304
|
|-heal|p2a: Rotom-Heat|28\/304|[from] item: Leftovers
|turn|18
|
|move|p1a: Entei|Sacred Fire|p2a: Rotom-Heat
|-resisted|p2a: Rotom-Heat
|-damage|p2a: Rotom-Heat|0 fnt
|faint|p2a: Rotom-Heat
|
|
|switch|p2a: Aerodactyl|Aerodactyl-Mega, F|301\/301
|turn|19
|
|move|p1a: Entei|Extreme Speed|p2a: Aerodactyl
|-resisted|p2a: Aerodactyl
|-damage|p2a: Aerodactyl|246\/301
|move|p2a: Aerodactyl|Earthquake|p1a: Entei
|-supereffective|p1a: Entei
|-damage|p1a: Entei|0 fnt
|faint|p1a: Entei
|
|
|switch|p1a: Jirachi|Jirachi|341\/341
|-damage|p1a: Jirachi|320\/341|[from] Stealth Rock
|turn|20
|
|switch|p2a: Roserade|Roserade, F|190\/323
|move|p1a: Jirachi|Iron Head|p2a: Roserade
|-damage|p2a: Roserade|12\/323
|
|-heal|p2a: Roserade|32\/323|[from] item: Black Sludge
|turn|21
|
|move|p1a: Jirachi|Iron Head|p2a: Roserade
|-damage|p2a: Roserade|0 fnt
|faint|p2a: Roserade
|
|
|switch|p2a: Toxicroak|Toxicroak, M|307\/307
|turn|22
|
|switch|p1a: Nidoqueen|Nidoqueen, F|329\/350
|-damage|p1a: Nidoqueen|308\/350|[from] Stealth Rock
|move|p2a: Toxicroak|Drain Punch|p1a: Nidoqueen
|-resisted|p1a: Nidoqueen
|-damage|p1a: Nidoqueen|234\/350
|
|turn|23
|
|switch|p2a: Swampert|Swampert, M|58\/404
|move|p1a: Nidoqueen|Ice Beam|p2a: Swampert
|-damage|p2a: Swampert|0 fnt
|faint|p2a: Swampert
|
|
|switch|p2a: Aerodactyl|Aerodactyl-Mega, F|246\/301
|turn|24
|
|switch|p1a: Hydreigon|Hydreigon, F|203\/325 brn
|-damage|p1a: Hydreigon|163\/325 brn|[from] Stealth Rock
|move|p2a: Aerodactyl|Earthquake|p1a: Hydreigon
|-immune|p1a: Hydreigon|[msg]
|
|-damage|p1a: Hydreigon|123\/325 brn|[from] brn
|turn|25
|
|move|p2a: Aerodactyl|Stone Edge|p1a: Hydreigon
|-damage|p1a: Hydreigon|0 fnt
|faint|p1a: Hydreigon
|
|
|switch|p1a: Jirachi|Jirachi|320\/341
|-damage|p1a: Jirachi|299\/341|[from] Stealth Rock
|turn|26
|
|move|p1a: Jirachi|Iron Head|p2a: Aerodactyl
|-crit|p2a: Aerodactyl
|-supereffective|p2a: Aerodactyl
|-damage|p2a: Aerodactyl|0 fnt
|faint|p2a: Aerodactyl
|
|
|switch|p2a: Toxicroak|Toxicroak, M|307\/307
|turn|27
|
|move|p1a: Jirachi|Iron Head|p2a: Toxicroak
|-damage|p2a: Toxicroak|129\/307
|move|p2a: Toxicroak|Swords Dance|p2a: Toxicroak
|-boost|p2a: Toxicroak|atk|2
|
|turn|28
|
|switch|p1a: Medicham|Medicham, F|261\/261
|-damage|p1a: Medicham|245\/261|[from] Stealth Rock
|move|p2a: Toxicroak|Sucker Punch|p1a: Medicham
|-fail|p1a: Medicham
|
|turn|29
|
|detailschange|p1a: Medicham|Medicham-Mega, F
|-mega|p1a: Medicham|Medicham|Medichamite
|move|p2a: Toxicroak|Sucker Punch|p1a: Medicham
|-fail|p1a: Medicham
|move|p1a: Medicham|Substitute|p1a: Medicham
|-start|p1a: Medicham|Substitute
|-damage|p1a: Medicham|180\/261
|
|turn|30
|c|★EmperorEbe|gg
|c|★specs P2|gg
|
|move|p1a: Medicham|Bullet Punch|p2a: Toxicroak
|-damage|p2a: Toxicroak|0 fnt
|faint|p2a: Toxicroak
|
|win|specs P2
|raw|Ladder updating...
|raw|specs P2's rating: 1500 &rarr; <strong>1515<\/strong><br \/>(+15 for winning)
|raw|EmperorEbe's rating: 1425 &rarr; <strong>1409<\/strong><br \/>(-16 for losing)