|join|Sacripan'
|join|Bl153
|player|p1|Sacripan'|2
|player|p2|Bl153|101
|gametype|singles
|gen|6
|tier|UU
|rated
|rule|Sleep Clause Mod: Limit one foe put to sleep
|rule|Species Clause: Limit one of each Pokémon
|rule|OHKO Clause: OHKO moves are banned
|rule|Moody Clause: Moody is banned
|rule|Evasion Moves Clause: Evasion moves are banned
|rule|Endless Battle Clause: Forcing endless battles is banned
|rule|HP Percentage Mod: HP is shown in percentages
|clearpoke
|poke|p1|Absol, M
|poke|p1|Nidoqueen, F
|poke|p1|Roserade, M
|poke|p1|Mienshao, M
|poke|p1|Jirachi
|poke|p1|Kingdra, F
|poke|p2|Scrafty, M
|poke|p2|Vaporeon, F
|poke|p2|Dragalge, F
|poke|p2|Darmanitan, M
|poke|p2|Forretress, M
|poke|p2|Porygon-Z
|rule|Swagger Clause: Swagger is banned
|rule|Baton Pass Clause: Limit one Pokémon knowing Baton Pass
|teampreview
|c|★Bl153|gl hf
|c|★Sacripan'|hf
|
|start
|switch|p1a: Absol|Absol, M|271\/271
|switch|p2a: Porygon-Z|Porygon-Z|311\/311
|turn|1
|
|switch|p1a: Jirachi|Jirachi|341\/341
|move|p2a: Porygon-Z|Tri Attack|p1a: Jirachi
|-resisted|p1a: Jirachi
|-damage|p1a: Jirachi|198\/341
|-status|p1a: Jirachi|brn
|
|-heal|p1a: Jirachi|219\/341 brn|[from] item: Leftovers
|-damage|p1a: Jirachi|177\/341 brn|[from] brn
|turn|2
|c|★Sacripan'|zzzzzzz
|
|move|p1a: Jirachi|Iron Head|p2a: Porygon-Z
|-damage|p2a: Porygon-Z|227\/311
|move|p2a: Porygon-Z|Tri Attack|p1a: Jirachi
|-resisted|p1a: Jirachi
|-damage|p1a: Jirachi|19\/341 brn
|
|-heal|p1a: Jirachi|40\/341 brn|[from] item: Leftovers
|-damage|p1a: Jirachi|0 fnt|[from] brn
|faint|p1a: Jirachi
|
|switch|p1a: Mienshao|Mienshao, M|271\/271
|turn|3
|c|★Bl153|OML
|c|★Bl153|to strong
|
|switch|p2a: Forretress|Forretress, M|353\/353
|move|p1a: Mienshao|U-turn|p2a: Forretress
|-resisted|p2a: Forretress
|-damage|p2a: Forretress|329\/353
|
|switch|p1a: Nidoqueen|Nidoqueen, F|384\/384
|
|-heal|p2a: Forretress|351\/353|[from] item: Leftovers
|turn|4
|
|switch|p2a: Porygon-Z|Porygon-Z|227\/311
|move|p1a: Nidoqueen|Earth Power|p2a: Porygon-Z
|-damage|p2a: Porygon-Z|0 fnt
|faint|p2a: Porygon-Z
|
|c|★Sacripan'|r-i-p
|
|switch|p2a: Scrafty|Scrafty, M|327\/327
|turn|5
|
|switch|p1a: Absol|Absol, M|271\/271
|move|p2a: Scrafty|Ice Punch|p1a: Absol
|-damage|p1a: Absol|165\/271
|
|turn|6
|
|switch|p2a: Vaporeon|Vaporeon, F|455\/455
|detailschange|p1a: Absol|Absol-Mega, M
|-mega|p1a: Absol|Absol|Absolite
|move|p1a: Absol|Play Rough|p2a: Vaporeon
|-damage|p2a: Vaporeon|335\/455
|
|-heal|p2a: Vaporeon|363\/455|[from] item: Leftovers
|turn|7
|
|switch|p1a: Roserade|Roserade, M|262\/262
|move|p2a: Vaporeon|Wish|p2a: Vaporeon
|
|-heal|p2a: Vaporeon|391\/455|[from] item: Leftovers
|turn|8
|
|switch|p2a: Dragalge|Dragalge, F|325\/325
|move|p1a: Roserade|Sleep Powder|p2a: Dragalge
|-status|p2a: Dragalge|slp
|
|turn|9
|
|move|p1a: Roserade|Spikes|p2a: Dragalge
|-sidestart|p2: Bl153|Spikes
|cant|p2a: Dragalge|slp
|
|turn|10
|
|move|p1a: Roserade|Spikes|p2a: Dragalge
|-sidestart|p2: Bl153|Spikes
|-curestatus|p2a: Dragalge|slp
|move|p2a: Dragalge|Dragon Tail|p1a: Roserade
|-damage|p1a: Roserade|162\/262
|drag|p1a: Mienshao|Mienshao, M|271\/271
|
|turn|11
|
|move|p1a: Mienshao|U-turn|p2a: Dragalge
|-resisted|p2a: Dragalge
|-damage|p2a: Dragalge|281\/325
|
|switch|p1a: Roserade|Roserade, M|162\/262
|move|p2a: Dragalge|Dragon Pulse|p1a: Roserade
|-damage|p1a: Roserade|0 fnt
|faint|p1a: Roserade
|
|-heal|p2a: Dragalge|301\/325|[from] item: Black Sludge
|
|switch|p1a: Nidoqueen|Nidoqueen, F|384\/384
|turn|12
|
|move|p1a: Nidoqueen|Earth Power|p2a: Dragalge
|-supereffective|p2a: Dragalge
|-damage|p2a: Dragalge|0 fnt
|faint|p2a: Dragalge
|
|
|switch|p2a: Darmanitan|Darmanitan, M|351\/351
|-damage|p2a: Darmanitan|293\/351|[from] Spikes
|turn|13
|
|move|p2a: Darmanitan|Earthquake|p1a: Nidoqueen
|-supereffective|p1a: Nidoqueen
|-damage|p1a: Nidoqueen|0 fnt
|faint|p1a: Nidoqueen
|
|
|switch|p1a: Mienshao|Mienshao, M|271\/271
|turn|14
|
|move|p1a: Mienshao|High Jump Kick|p2a: Darmanitan|[miss]
|-miss|p1a: Mienshao|p2a: Darmanitan
|-damage|p1a: Mienshao|136\/271|[from] highjumpkick
|move|p2a: Darmanitan|Earthquake|p1a: Mienshao
|-damage|p1a: Mienshao|0 fnt
|faint|p1a: Mienshao
|
|c|★Sacripan'|zzzzzzzzzzzzzzzzzzzzzzzzzzz
|
|switch|p1a: Absol|Absol-Mega, M|165\/271
|turn|15
|c|★Sacripan'|that haxx, omg
|
|move|p1a: Absol|Knock Off|p2a: Darmanitan
|-crit|p2a: Darmanitan
|-damage|p2a: Darmanitan|0 fnt
|-enditem|p2a: Darmanitan|Choice Band|[from] move: Knock Off|[of] p1a: Absol
|faint|p2a: Darmanitan
|
|c|★Bl153|Dat hax omg
|c|★Bl153|guess what its High Jump Kick it can miss
|
|switch|p2a: Forretress|Forretress, M|351\/353
|-damage|p2a: Forretress|293\/353|[from] Spikes
|turn|16
|
|switch|p1a: Kingdra|Kingdra, F|291\/291
|move|p2a: Forretress|Rapid Spin|p1a: Kingdra
|-damage|p1a: Kingdra|274\/291
|-sideend|p2: Bl153|Spikes|[from] move: Rapid Spin|[of] p2a: Forretress
|
|-heal|p2a: Forretress|315\/353|[from] item: Leftovers
|turn|17
|
|move|p1a: Kingdra|Dragon Dance|p1a: Kingdra
|-boost|p1a: Kingdra|atk|1
|-boost|p1a: Kingdra|spe|1
|move|p2a: Forretress|Volt Switch|p1a: Kingdra
|-damage|p1a: Kingdra|232\/291
|
|switch|p2a: Vaporeon|Vaporeon, F|391\/455
|
|-heal|p2a: Vaporeon|419\/455|[from] item: Leftovers
|turn|18
|
|move|p1a: Kingdra|Dragon Dance|p1a: Kingdra
|-boost|p1a: Kingdra|atk|1
|-boost|p1a: Kingdra|spe|1
|move|p2a: Vaporeon|Haze|p2a: Vaporeon
|-clearallboost
|
|-heal|p2a: Vaporeon|447\/455|[from] item: Leftovers
|turn|19
|
|move|p1a: Kingdra|Outrage|p2a: Vaporeon
|-damage|p2a: Vaporeon|264\/455
|move|p2a: Vaporeon|Scald|p1a: Kingdra
|-resisted|p1a: Kingdra
|-damage|p1a: Kingdra|205\/291
|
|-heal|p2a: Vaporeon|292\/455|[from] item: Leftovers
|turn|20
|
|move|p2a: Vaporeon|Protect|p2a: Vaporeon
|-singleturn|p2a: Vaporeon|Protect
|move|p1a: Kingdra|Outrage|p2a: Vaporeon
|-activate|p2a: Vaporeon|Protect
|
|-end|p1a: Kingdra|rampage
|-start|p1a: Kingdra|confusion
|-heal|p2a: Vaporeon|320\/455|[from] item: Leftovers
|turn|21
|
|-activate|p1a: Kingdra|confusion
|-damage|p1a: Kingdra|160\/291|[from] confusion
|move|p2a: Vaporeon|Wish|p2a: Vaporeon
|
|-heal|p2a: Vaporeon|348\/455|[from] item: Leftovers
|turn|22
|
|-end|p1a: Kingdra|confusion
|move|p1a: Kingdra|Outrage|p2a: Vaporeon
|-damage|p2a: Vaporeon|159\/455
|move|p2a: Vaporeon|Scald|p1a: Kingdra
|-resisted|p1a: Kingdra
|-damage|p1a: Kingdra|134\/291
|-status|p1a: Kingdra|brn
|
|-heal|p2a: Vaporeon|386\/455|[from] move: Wish|[wisher] Vaporeon
|-heal|p2a: Vaporeon|414\/455|[from] item: Leftovers
|-damage|p1a: Kingdra|98\/291 brn|[from] brn
|turn|23
|c|★Bl153|that one Im sorry for might matter
|
|move|p1a: Kingdra|Outrage|p2a: Vaporeon
|-damage|p2a: Vaporeon|312\/455
|move|p2a: Vaporeon|Scald|p1a: Kingdra
|-resisted|p1a: Kingdra
|-damage|p1a: Kingdra|73\/291 brn
|
|-end|p1a: Kingdra|rampage
|-start|p1a: Kingdra|confusion
|-heal|p2a: Vaporeon|340\/455|[from] item: Leftovers
|-damage|p1a: Kingdra|37\/291 brn|[from] brn
|turn|24
|c|★Sacripan'|You win on the miss
|
|-activate|p1a: Kingdra|confusion
|move|p1a: Kingdra|Rest|p1a: Kingdra
|-status|p1a: Kingdra|slp
|-heal|p1a: Kingdra|291\/291 slp|[silent]
|-status|p1a: Kingdra|slp|[from] move: Rest
|-enditem|p1a: Kingdra|Chesto Berry|[eat]
|-curestatus|p1a: Kingdra|slp
|move|p2a: Vaporeon|Wish|p2a: Vaporeon
|
|-heal|p2a: Vaporeon|368\/455|[from] item: Leftovers
|turn|25
|
|-end|p1a: Kingdra|confusion
|move|p1a: Kingdra|Outrage|p2a: Vaporeon
|-damage|p2a: Vaporeon|176\/455
|move|p2a: Vaporeon|Scald|p1a: Kingdra
|-crit|p1a: Kingdra
|-resisted|p1a: Kingdra
|-damage|p1a: Kingdra|248\/291
|
|-heal|p2a: Vaporeon|403\/455|[from] move: Wish|[wisher] Vaporeon
|-heal|p2a: Vaporeon|431\/455|[from] item: Leftovers
|turn|26
|
|move|p1a: Kingdra|Outrage|p2a: Vaporeon
|-damage|p2a: Vaporeon|254\/455
|move|p2a: Vaporeon|Wish|p2a: Vaporeon
|
|-end|p1a: Kingdra|rampage
|-start|p1a: Kingdra|confusion
|-heal|p2a: Vaporeon|282\/455|[from] item: Leftovers
|turn|27
|
|switch|p1a: Absol|Absol-Mega, M|165\/271
|move|p2a: Vaporeon|Scald|p1a: Absol
|-damage|p1a: Absol|0 fnt
|faint|p1a: Absol
|
|-heal|p2a: Vaporeon|455\/455|[from] move: Wish|[wisher] Vaporeon
|c|★Sacripan'|"gg"
|-message|Sacripan' forfeited.
|
|win|Bl153
|raw|Ladder updating...
|c|★Bl153|Oh thats nice... WOW salty much
|raw|Sacripan&apos;'s rating: 1517 &rarr; <strong>1489<\/strong><br \/>(-28 for losing)
|raw|Bl153's rating: 1371 &rarr; <strong>1399<\/strong><br \/>(+28 for winning)
|leave|Sacripan'
|c|★Bl153|in quotes what a ....
|player|p1