|join|Sacripan'
|join|AdiratcuzNegat
|player|p1|Sacripan'|2
|player|p2|AdiratcuzNegat|254
|gametype|singles
|gen|6
|tier|UU
|rated
|rule|Sleep Clause Mod: Limit one foe put to sleep
|rule|Species Clause: Limit one of each Pokémon
|rule|OHKO Clause: OHKO moves are banned
|rule|Moody Clause: Moody is banned
|rule|Evasion Moves Clause: Evasion moves are banned
|rule|Endless Battle Clause: Forcing endless battles is banned
|rule|HP Percentage Mod: HP is shown in percentages
|clearpoke
|poke|p1|Suicune
|poke|p1|Sceptile, M
|poke|p1|Entei, shiny
|poke|p1|Jirachi
|poke|p1|Doublade, F
|poke|p1|Hydreigon, F
|poke|p2|Swampert, M
|poke|p2|Cobalion
|poke|p2|Celebi
|poke|p2|Hydreigon, M
|poke|p2|Tentacruel, M
|poke|p2|Jirachi
|rule|Swagger Clause: Swagger is banned
|rule|Baton Pass Clause: Limit one Pokémon knowing Baton Pass
|teampreview
|
|start
|switch|p1a: Sceptile|Sceptile, M|281\/281
|switch|p2a: Evil|Jirachi|341\/341
|turn|1
|
|switch|p1a: Doublade|Doublade, F|321\/321
|move|p2a: Evil|U-turn|p1a: Doublade
|-resisted|p1a: Doublade
|-damage|p1a: Doublade|313\/321
|
|switch|p2a: DMC|Hydreigon, M|325\/325
|
|turn|2
|
|switch|p1a: Hydreigon|Hydreigon, F|325\/325
|move|p2a: DMC|Dark Pulse|p1a: Hydreigon
|-crit|p1a: Hydreigon
|-resisted|p1a: Hydreigon
|-damage|p1a: Hydreigon|158\/325
|
|turn|3
|
|switch|p2a: Tentacruel|Tentacruel, M|364\/364
|move|p1a: Hydreigon|Earth Power|p2a: Tentacruel
|-supereffective|p2a: Tentacruel
|-damage|p2a: Tentacruel|182\/364
|
|-heal|p2a: Tentacruel|204\/364|[from] item: Black Sludge
|turn|4
|
|switch|p2a: DMC|Hydreigon, M|325\/325
|move|p1a: Hydreigon|Earth Power|p2a: DMC
|-immune|p2a: DMC|[msg]
|
|turn|5
|
|switch|p1a: Jirachi|Jirachi|341\/341
|move|p2a: DMC|Dark Pulse|p1a: Jirachi
|-supereffective|p1a: Jirachi
|-damage|p1a: Jirachi|0 fnt
|faint|p1a: Jirachi
|
|
|switch|p1a: Hydreigon|Hydreigon, F|158\/325
|turn|6
|
|switch|p2a: Evil|Jirachi|341\/341
|move|p1a: Hydreigon|U-turn|p2a: Evil
|-damage|p2a: Evil|282\/341
|
|switch|p1a: Doublade|Doublade, F|313\/321
|
|turn|7
|
|move|p2a: Evil|U-turn|p1a: Doublade
|-resisted|p1a: Doublade
|-damage|p1a: Doublade|304\/321
|
|switch|p2a: Tentacruel|Tentacruel, M|204\/364
|move|p1a: Doublade|Sacred Sword|p2a: Tentacruel
|-resisted|p2a: Tentacruel
|-damage|p2a: Tentacruel|155\/364
|
|-heal|p2a: Tentacruel|177\/364|[from] item: Black Sludge
|turn|8
|
|move|p2a: Tentacruel|Knock Off|p1a: Doublade
|-supereffective|p1a: Doublade
|-damage|p1a: Doublade|252\/321
|-enditem|p1a: Doublade|Eviolite|[from] move: Knock Off|[of] p2a: Tentacruel
|move|p1a: Doublade|Shadow Claw|p2a: Tentacruel
|-damage|p2a: Tentacruel|66\/364
|
|-heal|p2a: Tentacruel|88\/364|[from] item: Black Sludge
|turn|9
|
|switch|p2a: DMC|Hydreigon, M|325\/325
|move|p1a: Doublade|Sacred Sword|p2a: DMC
|-supereffective|p2a: DMC
|-damage|p2a: DMC|115\/325
|
|turn|10
|
|move|p2a: DMC|Dark Pulse|p1a: Doublade
|-supereffective|p1a: Doublade
|-damage|p1a: Doublade|0 fnt
|faint|p1a: Doublade
|
|
|switch|p1a: Hydreigon|Hydreigon, F|158\/325
|turn|11
|
|switch|p2a: Tentacruel|Tentacruel, M|88\/364
|move|p1a: Hydreigon|U-turn|p2a: Tentacruel
|-resisted|p2a: Tentacruel
|-damage|p2a: Tentacruel|61\/364
|
|switch|p1a: Sceptile|Sceptile, M|281\/281
|
|-heal|p2a: Tentacruel|83\/364|[from] item: Black Sludge
|turn|12
|
|detailschange|p1a: Sceptile|Sceptile-Mega, M
|-mega|p1a: Sceptile|Sceptile|Sceptilite
|move|p1a: Sceptile|Dragon Pulse|p2a: Tentacruel
|-damage|p2a: Tentacruel|0 fnt
|faint|p2a: Tentacruel
|
|
|switch|p2a: Celebi|Celebi|396\/396
|turn|13
|
|switch|p2a: M0skaciekante|Cobalion|363\/363
|move|p1a: Sceptile|Dragon Pulse|p2a: M0skaciekante
|-resisted|p2a: M0skaciekante
|-damage|p2a: M0skaciekante|258\/363
|
|-heal|p2a: M0skaciekante|280\/363|[from] item: Leftovers
|turn|14
|
|switch|p2a: Celebi|Celebi|396\/396
|move|p1a: Sceptile|Focus Blast|p2a: Celebi
|-resisted|p2a: Celebi
|-damage|p2a: Celebi|313\/396
|
|-heal|p2a: Celebi|337\/396|[from] item: Leftovers
|turn|15
|
|move|p1a: Sceptile|Dragon Pulse|p2a: Celebi
|-damage|p2a: Celebi|186\/396
|move|p2a: Celebi|Swords Dance|p2a: Celebi
|-boost|p2a: Celebi|atk|2
|
|-heal|p2a: Celebi|210\/396|[from] item: Leftovers
|turn|16
|
|move|p1a: Sceptile|Dragon Pulse|p2a: Celebi
|-damage|p2a: Celebi|44\/396
|move|p2a: Celebi|Recover|p2a: Celebi
|-heal|p2a: Celebi|242\/396
|
|-heal|p2a: Celebi|266\/396|[from] item: Leftovers
|turn|17
|
|move|p1a: Sceptile|Dragon Pulse|p2a: Celebi
|-damage|p2a: Celebi|109\/396
|move|p2a: Celebi|Baton Pass|p2a: Celebi
|
|switch|p2a: Evil|Jirachi|282\/341
|
|turn|18
|
|switch|p1a: Suicune|Suicune|404\/404
|-ability|p1a: Suicune|Pressure
|move|p2a: Evil|Iron Head|p1a: Suicune
|-resisted|p1a: Suicune
|-damage|p1a: Suicune|303\/404
|
|-heal|p1a: Suicune|328\/404|[from] item: Leftovers
|turn|19
|
|switch|p2a: Celebi|Celebi|109\/396
|move|p1a: Suicune|Scald|p2a: Celebi
|-resisted|p2a: Celebi
|-damage|p2a: Celebi|53\/396
|-status|p2a: Celebi|brn
|
|-heal|p2a: Celebi|77\/396 brn|[from] item: Leftovers
|-heal|p1a: Suicune|353\/404|[from] item: Leftovers
|-damage|p2a: Celebi|28\/396 brn|[from] brn
|turn|20
|
|switch|p1a: Hydreigon|Hydreigon, F|158\/325
|move|p2a: Celebi|Recover|p2a: Celebi
|-heal|p2a: Celebi|226\/396 brn
|
|-heal|p2a: Celebi|250\/396 brn|[from] item: Leftovers
|-damage|p2a: Celebi|201\/396 brn|[from] brn
|turn|21
|
|switch|p2a: DMC|Hydreigon, M|115\/325
|move|p1a: Hydreigon|Earth Power|p2a: DMC
|-immune|p2a: DMC|[msg]
|
|turn|22
|
|switch|p1a: Suicune|Suicune|353\/404
|-ability|p1a: Suicune|Pressure
|move|p2a: DMC|U-turn|p1a: Suicune
|-damage|p1a: Suicune|305\/404
|
|switch|p2a: Celebi|Celebi|201\/396
|
|-heal|p2a: Celebi|225\/396|[from] item: Leftovers
|-heal|p1a: Suicune|330\/404|[from] item: Leftovers
|turn|23
|
|switch|p1a: Hydreigon|Hydreigon, F|158\/325
|move|p2a: Celebi|Baton Pass|p2a: Celebi
|
|switch|p2a: Mambo Swampo|Swampert, M|351\/351
|
|turn|24
|
|detailschange|p2a: Mambo Swampo|Swampert-Mega, M
|-mega|p2a: Mambo Swampo|Swampert|Swampertite
|move|p1a: Hydreigon|U-turn|p2a: Mambo Swampo
|-damage|p2a: Mambo Swampo|299\/351
|
|switch|p1a: Sceptile|Sceptile-Mega, M|281\/281
|move|p2a: Mambo Swampo|Rain Dance|p2a: Mambo Swampo
|-weather|RainDance
|
|-weather|RainDance|[upkeep]
|turn|25
|
|switch|p1a: Suicune|Suicune|330\/404
|-ability|p1a: Suicune|Pressure
|move|p2a: Mambo Swampo|Ice Punch|p1a: Suicune
|-resisted|p1a: Suicune
|-damage|p1a: Suicune|286\/404
|
|-weather|RainDance|[upkeep]
|-heal|p1a: Suicune|311\/404|[from] item: Leftovers
|turn|26
|
|switch|p2a: Celebi|Celebi|225\/396
|move|p1a: Suicune|Scald|p2a: Celebi
|-resisted|p2a: Celebi
|-damage|p2a: Celebi|141\/396
|-status|p2a: Celebi|brn
|
|-weather|RainDance|[upkeep]
|-heal|p2a: Celebi|165\/396 brn|[from] item: Leftovers
|-heal|p1a: Suicune|336\/404|[from] item: Leftovers
|-damage|p2a: Celebi|116\/396 brn|[from] brn
|turn|27
|
|switch|p1a: Hydreigon|Hydreigon, F|158\/325
|move|p2a: Celebi|Recover|p2a: Celebi
|-heal|p2a: Celebi|314\/396 brn
|
|-weather|RainDance|[upkeep]
|-heal|p2a: Celebi|338\/396 brn|[from] item: Leftovers
|-damage|p2a: Celebi|289\/396 brn|[from] brn
|turn|28
|
|switch|p2a: M0skaciekante|Cobalion|280\/363
|move|p1a: Hydreigon|U-turn|p2a: M0skaciekante
|-resisted|p2a: M0skaciekante
|-damage|p2a: M0skaciekante|269\/363
|
|switch|p1a: Sceptile|Sceptile-Mega, M|281\/281
|
|-weather|none
|-heal|p2a: M0skaciekante|291\/363|[from] item: Leftovers
|turn|29
|
|switch|p2a: Celebi|Celebi|289\/396
|move|p1a: Sceptile|Focus Blast|p2a: Celebi|[miss]
|-miss|p1a: Sceptile|p2a: Celebi
|
|-heal|p2a: Celebi|313\/396|[from] item: Leftovers
|turn|30
|
|move|p1a: Sceptile|Dragon Pulse|p2a: Celebi
|-damage|p2a: Celebi|151\/396
|move|p2a: Celebi|Swords Dance|p2a: Celebi
|-boost|p2a: Celebi|atk|2
|
|-heal|p2a: Celebi|175\/396|[from] item: Leftovers
|turn|31
|
|move|p1a: Sceptile|Dragon Pulse|p2a: Celebi
|-damage|p2a: Celebi|24\/396
|move|p2a: Celebi|Recover|p2a: Celebi
|-heal|p2a: Celebi|222\/396
|
|-heal|p2a: Celebi|246\/396|[from] item: Leftovers
|turn|32
|
|switch|p1a: Suicune|Suicune|336\/404
|-ability|p1a: Suicune|Pressure
|move|p2a: Celebi|Recover|p2a: Celebi
|-heal|p2a: Celebi|396\/396
|
|-heal|p1a: Suicune|361\/404|[from] item: Leftovers
|turn|33
|
|move|p2a: Celebi|Seed Bomb|p1a: Suicune
|-supereffective|p1a: Suicune
|-damage|p1a: Suicune|0 fnt
|faint|p1a: Suicune
|
|join|EtoileFilante
|
|switch|p1a: Entei|Entei, shiny|371\/371
|-ability|p1a: Entei|Pressure
|turn|34
|leave|EtoileFilante
|
|switch|p2a: DMC|Hydreigon, M|115\/325
|move|p1a: Entei|Sacred Fire|p2a: DMC
|-resisted|p2a: DMC
|-damage|p2a: DMC|0 fnt
|faint|p2a: DMC
|
|c|★AdiratcuzNegat|noo
|-message|AdiratcuzNegat lost due to inactivity.
|c|★AdiratcuzNegat|please
|c|★AdiratcuzNegat|fuck
|c|★AdiratcuzNegat|fuck
|c|★AdiratcuzNegat|FUCK
|
|switch|p2a: Mambo Swampo|Swampert-Mega, M|299\/351
|turn|35
|c|★Sacripan'|sorry
|c|★Sacripan'|:\/
|c|★Sacripan'|gg
|
|win|Sacripan'
|raw|Ladder updating...
|c|★AdiratcuzNegat|why the hell is so fucked up today
|raw|Sacripan&apos;'s rating: 1476 &rarr; <strong>1490<\/strong><br \/>(+14 for winning)
|raw|AdiratcuzNegat's rating: 1378 &rarr; <strong>1364<\/strong><br \/>(-14 for losing)
|leave|Sacripan'
|player|p1