|join|Masochism
|join|KingBowser
|player|p1|Masochism|167
|player|p2|KingBowser|40
|gametype|singles
|gen|6
|tier|UU
|rated
|rule|Sleep Clause Mod: Limit one foe put to sleep
|rule|Species Clause: Limit one of each Pokémon
|rule|OHKO Clause: OHKO moves are banned
|rule|Moody Clause: Moody is banned
|rule|Evasion Moves Clause: Evasion moves are banned
|rule|Endless Battle Clause: Forcing endless battles is banned
|rule|HP Percentage Mod: HP is shown in percentages
|clearpoke
|poke|p1|Jirachi
|poke|p1|Suicune
|poke|p1|Diancie
|poke|p1|Swampert, M
|poke|p1|Crobat, F
|poke|p1|Machamp, M
|poke|p2|Donphan, F
|poke|p2|Jirachi, shiny
|poke|p2|Darmanitan, M, shiny
|poke|p2|Snorlax, F, shiny
|poke|p2|Vaporeon, F
|poke|p2|Mienshao, M
|rule|Swagger Clause: Swagger is banned
|rule|Baton Pass Clause: Limit one Pokémon knowing Baton Pass
|teampreview
|
|start
|switch|p1a: Swampert|Swampert, M|404\/404
|switch|p2a: Snorlax|Snorlax, F, shiny|524\/524
|turn|1
|
|move|p1a: Swampert|Stealth Rock|p2a: Snorlax
|-sidestart|p2: KingBowser|move: Stealth Rock
|move|p2a: Snorlax|Curse|p2a: Snorlax
|-boost|p2a: Snorlax|atk|1
|-boost|p2a: Snorlax|def|1
|-unboost|p2a: Snorlax|spe|1
|
|turn|2
|
|move|p2a: Snorlax|Body Slam|p1a: Swampert
|-damage|p1a: Swampert|281\/404
|-status|p1a: Swampert|par
|cant|p1a: Swampert|par
|
|-heal|p1a: Swampert|306\/404 par|[from] item: Leftovers
|turn|3
|
|move|p2a: Snorlax|Body Slam|p1a: Swampert
|-damage|p1a: Swampert|170\/404 par
|move|p1a: Swampert|Roar|p2a: Snorlax
|drag|p2a: Darmanitan|Darmanitan, M, shiny|351\/351
|-damage|p2a: Darmanitan|264\/351|[from] Stealth Rock
|
|-heal|p1a: Swampert|195\/404 par|[from] item: Leftovers
|turn|4
|
|switch|p2a: Vaporeon|Vaporeon, F|464\/464
|-damage|p2a: Vaporeon|406\/464|[from] Stealth Rock
|move|p1a: Swampert|Earthquake|p2a: Vaporeon
|-damage|p2a: Vaporeon|280\/464
|
|-heal|p2a: Vaporeon|309\/464|[from] item: Leftovers
|-heal|p1a: Swampert|220\/404 par|[from] item: Leftovers
|turn|5
|
|move|p2a: Vaporeon|Wish|p2a: Vaporeon
|cant|p1a: Swampert|par
|
|-heal|p2a: Vaporeon|338\/464|[from] item: Leftovers
|-heal|p1a: Swampert|245\/404 par|[from] item: Leftovers
|turn|6
|
|move|p2a: Vaporeon|Scald|p1a: Swampert
|-damage|p1a: Swampert|142\/404 par
|move|p1a: Swampert|Roar|p2a: Vaporeon
|drag|p2a: Donphan|Donphan, F|364\/364
|-damage|p2a: Donphan|342\/364|[from] Stealth Rock
|
|-heal|p2a: Donphan|364\/364|[from] move: Wish|[wisher] Vaporeon
|-heal|p1a: Swampert|167\/404 par|[from] item: Leftovers
|turn|7
|
|move|p2a: Donphan|Earthquake|p1a: Swampert
|-crit|p1a: Swampert
|-damage|p1a: Swampert|0 fnt
|faint|p1a: Swampert
|
|
|switch|p1a: Suicune|Suicune|401\/401
|-ability|p1a: Suicune|Pressure
|turn|8
|
|switch|p1a: Machamp|Machamp, M|321\/321
|move|p2a: Donphan|Knock Off|p1a: Machamp
|-resisted|p1a: Machamp
|-damage|p1a: Machamp|249\/321
|-enditem|p1a: Machamp|Choice Band|[from] move: Knock Off|[of] p2a: Donphan
|
|turn|9
|
|switch|p1a: Suicune|Suicune|401\/401
|-ability|p1a: Suicune|Pressure
|move|p2a: Donphan|Rapid Spin|p1a: Suicune
|-damage|p1a: Suicune|384\/401
|-sideend|p2: KingBowser|Stealth Rock|[from] move: Rapid Spin|[of] p2a: Donphan
|
|-heal|p1a: Suicune|401\/401|[from] item: Leftovers
|turn|10
|
|switch|p2a: Snorlax|Snorlax, F, shiny|524\/524
|move|p1a: Suicune|Scald|p2a: Snorlax
|-damage|p2a: Snorlax|470\/524
|
|-heal|p2a: Snorlax|502\/524|[from] item: Leftovers
|turn|11
|
|switch|p1a: Jirachi|Jirachi|341\/341
|move|p2a: Snorlax|Body Slam|p1a: Jirachi
|-resisted|p1a: Jirachi
|-damage|p1a: Jirachi|291\/341
|
|-heal|p2a: Snorlax|524\/524|[from] item: Leftovers
|turn|12
|
|move|p1a: Jirachi|U-turn|p2a: Snorlax
|-crit|p2a: Snorlax
|-damage|p2a: Snorlax|364\/524
|
|switch|p1a: Machamp|Machamp, M|249\/321
|move|p2a: Snorlax|Curse|p2a: Snorlax
|-boost|p2a: Snorlax|atk|1
|-boost|p2a: Snorlax|def|1
|-unboost|p2a: Snorlax|spe|1
|
|-heal|p2a: Snorlax|396\/524|[from] item: Leftovers
|turn|13
|
|switch|p2a: Donphan|Donphan, F|364\/364
|move|p1a: Machamp|Low Kick|p2a: Donphan
|-damage|p2a: Donphan|187\/364
|
|-heal|p2a: Donphan|209\/364|[from] item: Leftovers
|turn|14
|
|move|p1a: Machamp|Knock Off|p2a: Donphan
|-damage|p2a: Donphan|107\/364
|-enditem|p2a: Donphan|Leftovers|[from] move: Knock Off|[of] p1a: Machamp
|move|p2a: Donphan|Stealth Rock|p1a: Machamp
|-sidestart|p1: Masochism|move: Stealth Rock
|
|turn|15
|
|move|p1a: Machamp|Low Kick|p2a: Donphan
|-damage|p2a: Donphan|0 fnt
|faint|p2a: Donphan
|
|
|switch|p2a: Darmanitan|Darmanitan, M, shiny|264\/351
|turn|16
|
|switch|p1a: Suicune|Suicune|401\/401
|-damage|p1a: Suicune|351\/401|[from] Stealth Rock
|-ability|p1a: Suicune|Pressure
|move|p2a: Darmanitan|Flare Blitz|p1a: Suicune
|-resisted|p1a: Suicune
|-damage|p1a: Suicune|204\/401
|-damage|p2a: Darmanitan|215\/351|[from] recoil|[of] p1a: Suicune
|
|-heal|p1a: Suicune|229\/401|[from] item: Leftovers
|turn|17
|
|switch|p2a: Vaporeon|Vaporeon, F|338\/464
|move|p1a: Suicune|Rest|p1a: Suicune
|-status|p1a: Suicune|slp
|-heal|p1a: Suicune|401\/401 slp|[silent]
|-status|p1a: Suicune|slp|[from] move: Rest
|
|-heal|p2a: Vaporeon|367\/464|[from] item: Leftovers
|turn|18
|
|switch|p1a: Crobat|Crobat, F|325\/325
|-damage|p1a: Crobat|244\/325|[from] Stealth Rock
|switch|p2a: Snorlax|Snorlax, F, shiny|396\/524
|
|-heal|p1a: Crobat|264\/325|[from] item: Black Sludge
|-heal|p2a: Snorlax|428\/524|[from] item: Leftovers
|turn|19
|
|move|p1a: Crobat|Defog|p2a: Snorlax
|-unboost|p2a: Snorlax|evasion|1
|-sideend|p1: Masochism|Stealth Rock|[from] move: Defog|[of] p1a: Crobat
|move|p2a: Snorlax|Body Slam|p1a: Crobat
|-damage|p1a: Crobat|132\/325
|-status|p1a: Crobat|par
|
|-heal|p2a: Snorlax|460\/524|[from] item: Leftovers
|-heal|p1a: Crobat|152\/325 par|[from] item: Black Sludge
|turn|20
|
|switch|p1a: Machamp|Machamp, M|249\/321
|move|p2a: Snorlax|Curse|p2a: Snorlax
|-boost|p2a: Snorlax|atk|1
|-boost|p2a: Snorlax|def|1
|-unboost|p2a: Snorlax|spe|1
|
|-heal|p2a: Snorlax|492\/524|[from] item: Leftovers
|turn|21
|
|switch|p2a: Jirachi|Jirachi, shiny|341\/341
|move|p1a: Machamp|Low Kick|p2a: Jirachi
|-damage|p2a: Jirachi|301\/341
|
|turn|22
|
|switch|p1a: Jirachi|Jirachi|291\/341
|move|p2a: Jirachi|Iron Head|p1a: Jirachi
|-resisted|p1a: Jirachi
|-damage|p1a: Jirachi|237\/341
|
|turn|23
|
|switch|p2a: Darmanitan|Darmanitan, M, shiny|215\/351
|move|p1a: Jirachi|U-turn|p2a: Darmanitan
|-resisted|p2a: Darmanitan
|-damage|p2a: Darmanitan|154\/351
|
|switch|p1a: Suicune|Suicune|401\/401 slp
|-ability|p1a: Suicune|Pressure
|
|turn|24
|
|move|p2a: Darmanitan|U-turn|p1a: Suicune
|-damage|p1a: Suicune|307\/401 slp
|
|switch|p2a: Mienshao|Mienshao, M|271\/271
|cant|p1a: Suicune|slp
|move|p1a: Suicune|Sleep Talk|p1a: Suicune
|move|p1a: Suicune|Calm Mind|p1a: Suicune|[from]Sleep Talk
|-boost|p1a: Suicune|spa|1
|-boost|p1a: Suicune|spd|1
|
|-heal|p1a: Suicune|332\/401 slp|[from] item: Leftovers
|turn|25
|
|move|p2a: Mienshao|High Jump Kick|p1a: Suicune
|-damage|p1a: Suicune|82\/401 slp
|-damage|p2a: Mienshao|244\/271|[from] item: Life Orb
|cant|p1a: Suicune|slp
|move|p1a: Suicune|Sleep Talk|p1a: Suicune
|move|p1a: Suicune|Calm Mind|p1a: Suicune|[from]Sleep Talk
|-boost|p1a: Suicune|spa|1
|-boost|p1a: Suicune|spd|1
|
|-heal|p1a: Suicune|107\/401 slp|[from] item: Leftovers
|turn|26
|
|switch|p1a: Crobat|Crobat, F|152\/325 par
|move|p2a: Mienshao|Knock Off|p1a: Crobat
|-damage|p1a: Crobat|0 fnt
|-enditem|p1a: Crobat|Black Sludge|[from] move: Knock Off|[of] p2a: Mienshao
|-damage|p2a: Mienshao|217\/271|[from] item: Life Orb
|faint|p1a: Crobat
|
|
|switch|p1a: Jirachi|Jirachi|237\/341
|turn|27
|
|move|p1a: Jirachi|Iron Head|p2a: Mienshao
|-damage|p2a: Mienshao|31\/271
|move|p2a: Mienshao|U-turn|p1a: Jirachi
|-damage|p1a: Jirachi|136\/341
|-damage|p2a: Mienshao|4\/271|[from] item: Life Orb
|
|switch|p2a: Darmanitan|Darmanitan, M, shiny|154\/351
|
|turn|28
|
|move|p1a: Jirachi|Iron Head|p2a: Darmanitan
|-resisted|p2a: Darmanitan
|-damage|p2a: Darmanitan|57\/351
|cant|p2a: Darmanitan|flinch
|
|turn|29
|
|switch|p2a: Vaporeon|Vaporeon, F|367\/464
|move|p1a: Jirachi|Iron Head|p2a: Vaporeon
|-resisted|p2a: Vaporeon
|-damage|p2a: Vaporeon|310\/464
|
|-heal|p2a: Vaporeon|339\/464|[from] item: Leftovers
|turn|30
|
|switch|p1a: Suicune|Suicune|107\/401 slp
|-ability|p1a: Suicune|Pressure
|switch|p2a: Darmanitan|Darmanitan, M, shiny|57\/351
|
|-heal|p1a: Suicune|132\/401 slp|[from] item: Leftovers
|turn|31
|
|move|p2a: Darmanitan|Earthquake|p1a: Suicune
|-damage|p1a: Suicune|15\/401 slp
|-curestatus|p1a: Suicune|slp
|move|p1a: Suicune|Rest|p1a: Suicune
|-status|p1a: Suicune|slp
|-heal|p1a: Suicune|401\/401 slp|[silent]
|-status|p1a: Suicune|slp|[from] move: Rest
|
|turn|32
|
|switch|p2a: Snorlax|Snorlax, F, shiny|492\/524
|cant|p1a: Suicune|slp
|move|p1a: Suicune|Sleep Talk|p1a: Suicune
|move|p1a: Suicune|Calm Mind|p1a: Suicune|[from]Sleep Talk
|-boost|p1a: Suicune|spa|1
|-boost|p1a: Suicune|spd|1
|
|-heal|p2a: Snorlax|524\/524|[from] item: Leftovers
|turn|33
|
|switch|p1a: Jirachi|Jirachi|136\/341
|move|p2a: Snorlax|Curse|p2a: Snorlax
|-boost|p2a: Snorlax|atk|1
|-boost|p2a: Snorlax|def|1
|-unboost|p2a: Snorlax|spe|1
|
|turn|34
|
|move|p1a: Jirachi|Trick|p2a: Snorlax
|-activate|p1a: Jirachi|move: Trick|[of] p2a: Snorlax
|-item|p2a: Snorlax|Choice Scarf|[from] move: Trick
|-item|p1a: Jirachi|Leftovers|[from] move: Trick
|move|p2a: Snorlax|Earthquake|p1a: Jirachi
|-supereffective|p1a: Jirachi
|-damage|p1a: Jirachi|0 fnt
|faint|p1a: Jirachi
|
|
|switch|p1a: Machamp|Machamp, M|249\/321
|turn|35
|
|move|p1a: Machamp|Close Combat|p2a: Snorlax
|-supereffective|p2a: Snorlax
|-damage|p2a: Snorlax|68\/524
|-unboost|p1a: Machamp|def|1
|-unboost|p1a: Machamp|spd|1
|move|p2a: Snorlax|Earthquake|p1a: Machamp
|-damage|p1a: Machamp|11\/321
|
|turn|36
|
|move|p1a: Machamp|Knock Off|p2a: Snorlax
|-damage|p2a: Snorlax|0 fnt
|-enditem|p2a: Snorlax|Choice Scarf|[from] move: Knock Off|[of] p1a: Machamp
|faint|p2a: Snorlax
|
|
|switch|p2a: Jirachi|Jirachi, shiny|301\/341
|turn|37
|
|move|p2a: Jirachi|U-turn|p1a: Machamp
|-resisted|p1a: Machamp
|-damage|p1a: Machamp|0 fnt
|faint|p1a: Machamp
|
|switch|p2a: Vaporeon|Vaporeon, F|339\/464
|
|-heal|p2a: Vaporeon|368\/464|[from] item: Leftovers
|
|switch|p1a: Diancie|Diancie|241\/241
|turn|38
|
|detailschange|p1a: Diancie|Diancie-Mega
|-mega|p1a: Diancie|Diancie|Diancite
|move|p1a: Diancie|Diamond Storm|p2a: Vaporeon
|-damage|p2a: Vaporeon|179\/464
|move|p2a: Vaporeon|Scald|p1a: Diancie
|-supereffective|p1a: Diancie
|-damage|p1a: Diancie|55\/241
|-status|p1a: Diancie|brn
|
|-heal|p2a: Vaporeon|208\/464|[from] item: Leftovers
|-damage|p1a: Diancie|25\/241 brn|[from] brn
|turn|39
|
|move|p1a: Diancie|Moonblast|p2a: Vaporeon
|-damage|p2a: Vaporeon|0 fnt
|faint|p2a: Vaporeon
|
|-damage|p1a: Diancie|0 fnt|[from] brn
|faint|p1a: Diancie
|
|switch|p2a: Jirachi|Jirachi, shiny|301\/341
|switch|p1a: Suicune|Suicune|401\/401 slp
|-ability|p1a: Suicune|Pressure
|turn|40
|
|move|p2a: Jirachi|Trick|p1a: Suicune
|-activate|p2a: Jirachi|move: Trick|[of] p1a: Suicune
|-item|p1a: Suicune|Choice Scarf|[from] move: Trick
|-item|p2a: Jirachi|Leftovers|[from] move: Trick
|cant|p1a: Suicune|slp
|
|-heal|p2a: Jirachi|322\/341|[from] item: Leftovers
|turn|41
|
|move|p2a: Jirachi|Iron Head|p1a: Suicune
|-resisted|p1a: Suicune
|-damage|p1a: Suicune|360\/401 slp
|-curestatus|p1a: Suicune|slp
|cant|p1a: Suicune|flinch
|
|-heal|p2a: Jirachi|341\/341|[from] item: Leftovers
|turn|42
|
|move|p2a: Jirachi|Iron Head|p1a: Suicune
|-resisted|p1a: Suicune
|-damage|p1a: Suicune|321\/401
|cant|p1a: Suicune|flinch
|
|turn|43
|
|move|p2a: Jirachi|Iron Head|p1a: Suicune
|-resisted|p1a: Suicune
|-damage|p1a: Suicune|282\/401
|cant|p1a: Suicune|flinch
|
|turn|44
|
|move|p2a: Jirachi|Iron Head|p1a: Suicune
|-crit|p1a: Suicune
|-resisted|p1a: Suicune
|-damage|p1a: Suicune|221\/401
|move|p1a: Suicune|Scald|p2a: Jirachi
|-damage|p2a: Jirachi|248\/341
|
|-heal|p2a: Jirachi|269\/341|[from] item: Leftovers
|turn|45
|
|move|p2a: Jirachi|Iron Head|p1a: Suicune
|-resisted|p1a: Suicune
|-damage|p1a: Suicune|180\/401
|cant|p1a: Suicune|flinch
|
|-heal|p2a: Jirachi|290\/341|[from] item: Leftovers
|turn|46
|
|move|p2a: Jirachi|Iron Head|p1a: Suicune
|-resisted|p1a: Suicune
|-damage|p1a: Suicune|144\/401
|cant|p1a: Suicune|flinch
|
|-heal|p2a: Jirachi|311\/341|[from] item: Leftovers
|turn|47
|
|move|p2a: Jirachi|Iron Head|p1a: Suicune
|-resisted|p1a: Suicune
|-damage|p1a: Suicune|105\/401
|cant|p1a: Suicune|flinch
|
|-heal|p2a: Jirachi|332\/341|[from] item: Leftovers
|turn|48
|
|move|p2a: Jirachi|Iron Head|p1a: Suicune
|-resisted|p1a: Suicune
|-damage|p1a: Suicune|63\/401
|cant|p1a: Suicune|flinch
|
|-heal|p2a: Jirachi|341\/341|[from] item: Leftovers
|turn|49
|
|move|p2a: Jirachi|Iron Head|p1a: Suicune
|-resisted|p1a: Suicune
|-damage|p1a: Suicune|25\/401
|cant|p1a: Suicune|flinch
|
|turn|50
|
|move|p2a: Jirachi|Iron Head|p1a: Suicune
|-resisted|p1a: Suicune
|-damage|p1a: Suicune|0 fnt
|faint|p1a: Suicune
|
|win|KingBowser
|raw|Ladder updating...
|raw|Masochism's rating: 1666 &rarr; <strong>1636<\/strong><br \/>(-30 for losing)
|raw|KingBowser's rating: 1479 &rarr; <strong>1509<\/strong><br \/>(+30 for winning)
|leave|Masochism
|player|p1