|join|Masochism
|join|xTesting123
|player|p1|Masochism|167
|player|p2|xTesting123|29
|gametype|singles
|gen|6
|tier|UU
|rated
|rule|Sleep Clause Mod: Limit one foe put to sleep
|rule|Species Clause: Limit one of each Pokémon
|rule|OHKO Clause: OHKO moves are banned
|rule|Moody Clause: Moody is banned
|rule|Evasion Moves Clause: Evasion moves are banned
|rule|Endless Battle Clause: Forcing endless battles is banned
|rule|HP Percentage Mod: HP is shown in percentages
|clearpoke
|poke|p1|Jirachi
|poke|p1|Suicune
|poke|p1|Lucario, M
|poke|p1|Swampert, M
|poke|p1|Crobat, M
|poke|p1|Machamp, M
|poke|p2|Meloetta
|poke|p2|Sceptile, M
|poke|p2|Krookodile, M
|poke|p2|Infernape, F
|poke|p2|Donphan, M
|poke|p2|Florges, F
|rule|Swagger Clause: Swagger is banned
|rule|Baton Pass Clause: Limit one Pokémon knowing Baton Pass
|teampreview
|
|start
|switch|p1a: Swampert|Swampert, M|404\/404
|switch|p2a: Sceptile|Sceptile, M|282\/282
|turn|1
|
|switch|p1a: Jirachi|Jirachi|341\/341
|detailschange|p2a: Sceptile|Sceptile-Mega, M
|-mega|p2a: Sceptile|Sceptile|Sceptilite
|move|p2a: Sceptile|Dragon Pulse|p1a: Jirachi
|-resisted|p1a: Jirachi
|-damage|p1a: Jirachi|251\/341
|
|turn|2
|
|move|p1a: Jirachi|U-turn|p2a: Sceptile
|-supereffective|p2a: Sceptile
|-damage|p2a: Sceptile|104\/282
|
|switch|p1a: Crobat|Crobat, M|325\/325
|move|p2a: Sceptile|Hidden Power|p1a: Crobat
|-damage|p1a: Crobat|227\/325
|
|-heal|p1a: Crobat|247\/325|[from] item: Black Sludge
|turn|3
|join|Glowstone Skitty
|
|switch|p2a: Krookodile|Krookodile, M|332\/332
|-ability|p2a: Krookodile|Intimidate|[of] p1a: Crobat
|-unboost|p1a: Crobat|atk|1
|move|p1a: Crobat|Brave Bird|p2a: Krookodile
|-damage|p2a: Krookodile|199\/332
|-damage|p1a: Crobat|203\/325|[from] recoil|[of] p2a: Krookodile
|
|-heal|p1a: Crobat|223\/325|[from] item: Black Sludge
|turn|4
|
|switch|p1a: Swampert|Swampert, M|404\/404
|move|p2a: Krookodile|Knock Off|p1a: Swampert
|-damage|p1a: Swampert|182\/404
|-enditem|p1a: Swampert|Leftovers|[from] move: Knock Off|[of] p2a: Krookodile
|
|turn|5
|leave|Glowstone Skitty
|
|switch|p2a: Sceptile|Sceptile-Mega, M|104\/282
|move|p1a: Swampert|Stealth Rock|p2a: Sceptile
|-sidestart|p2: xTesting123|move: Stealth Rock
|
|turn|6
|
|switch|p1a: Jirachi|Jirachi|251\/341
|move|p2a: Sceptile|Hidden Power|p1a: Jirachi
|-supereffective|p1a: Jirachi
|-damage|p1a: Jirachi|87\/341
|
|turn|7
|
|switch|p2a: Donphan|Donphan, M|384\/384
|-damage|p2a: Donphan|360\/384|[from] Stealth Rock
|move|p1a: Jirachi|U-turn|p2a: Donphan
|-damage|p2a: Donphan|312\/384
|
|switch|p1a: Swampert|Swampert, M|182\/404
|
|-heal|p2a: Donphan|336\/384|[from] item: Leftovers
|turn|8
|
|move|p1a: Swampert|Scald|p2a: Donphan
|-supereffective|p2a: Donphan
|-damage|p2a: Donphan|70\/384
|-status|p2a: Donphan|brn
|move|p2a: Donphan|Stealth Rock|p1a: Swampert
|-sidestart|p1: Masochism|move: Stealth Rock
|
|-heal|p2a: Donphan|94\/384 brn|[from] item: Leftovers
|-damage|p2a: Donphan|46\/384 brn|[from] brn
|turn|9
|
|move|p2a: Donphan|Ice Shard|p1a: Swampert
|-damage|p1a: Swampert|167\/404
|move|p1a: Swampert|Scald|p2a: Donphan
|-supereffective|p2a: Donphan
|-damage|p2a: Donphan|0 fnt
|faint|p2a: Donphan
|
|
|switch|p2a: Sceptile|Sceptile-Mega, M|104\/282
|-damage|p2a: Sceptile|69\/282|[from] Stealth Rock
|turn|10
|
|move|p2a: Sceptile|Giga Drain|p1a: Swampert
|-supereffective|p1a: Swampert
|-damage|p1a: Swampert|0 fnt
|-heal|p2a: Sceptile|153\/282|[from] drain|[of] p1a: Swampert
|faint|p1a: Swampert
|
|
|switch|p1a: Jirachi|Jirachi|87\/341
|-damage|p1a: Jirachi|66\/341|[from] Stealth Rock
|turn|11
|
|switch|p2a: Florges|Florges, F|360\/360
|-damage|p2a: Florges|315\/360|[from] Stealth Rock
|move|p1a: Jirachi|U-turn|p2a: Florges
|-resisted|p2a: Florges
|-damage|p2a: Florges|271\/360
|
|switch|p1a: Crobat|Crobat, M|223\/325
|-damage|p1a: Crobat|142\/325|[from] Stealth Rock
|
|-heal|p1a: Crobat|162\/325|[from] item: Black Sludge
|-heal|p2a: Florges|293\/360|[from] item: Leftovers
|turn|12
|
|switch|p2a: Krookodile|Krookodile, M|199\/332
|-damage|p2a: Krookodile|179\/332|[from] Stealth Rock
|-ability|p2a: Krookodile|Intimidate|[of] p1a: Crobat
|-unboost|p1a: Crobat|atk|1
|move|p1a: Crobat|Roost|p1a: Crobat
|-heal|p1a: Crobat|325\/325
|
|turn|13
|
|move|p1a: Crobat|Brave Bird|p2a: Krookodile
|-damage|p2a: Krookodile|35\/332
|-damage|p1a: Crobat|277\/325|[from] recoil|[of] p2a: Krookodile
|move|p2a: Krookodile|Knock Off|p1a: Crobat
|-damage|p1a: Crobat|0 fnt
|-enditem|p1a: Crobat|Black Sludge|[from] move: Knock Off|[of] p2a: Krookodile
|faint|p1a: Crobat
|
|
|switch|p1a: Lucario|Lucario, M|281\/281
|-damage|p1a: Lucario|273\/281|[from] Stealth Rock
|turn|14
|
|move|p1a: Lucario|Nasty Plot|p1a: Lucario
|-boost|p1a: Lucario|spa|2
|move|p2a: Krookodile|Knock Off|p1a: Lucario
|-resisted|p1a: Lucario
|-damage|p1a: Lucario|93\/281
|-enditem|p1a: Lucario|Life Orb|[from] move: Knock Off|[of] p2a: Krookodile
|
|turn|15
|
|move|p1a: Lucario|Vacuum Wave|p2a: Krookodile
|-supereffective|p2a: Krookodile
|-damage|p2a: Krookodile|0 fnt
|faint|p2a: Krookodile
|
|
|switch|p2a: Infernape|Infernape, F|294\/294
|-damage|p2a: Infernape|258\/294|[from] Stealth Rock
|turn|16
|
|move|p2a: Infernape|Mach Punch|p1a: Lucario
|-supereffective|p1a: Lucario
|-damage|p1a: Lucario|0 fnt
|faint|p1a: Lucario
|
|
|switch|p1a: Machamp|Machamp, M|321\/321
|-damage|p1a: Machamp|301\/321|[from] Stealth Rock
|turn|17
|
|switch|p2a: Florges|Florges, F|293\/360
|-damage|p2a: Florges|248\/360|[from] Stealth Rock
|move|p1a: Machamp|Heavy Slam|p2a: Florges
|-supereffective|p2a: Florges
|-damage|p2a: Florges|0 fnt
|faint|p2a: Florges
|
|
|switch|p2a: Meloetta|Meloetta|342\/342
|-damage|p2a: Meloetta|300\/342|[from] Stealth Rock
|turn|18
|
|move|p2a: Meloetta|Psychic|p1a: Machamp
|-supereffective|p1a: Machamp
|-damage|p1a: Machamp|0 fnt
|faint|p1a: Machamp
|
|
|switch|p1a: Jirachi|Jirachi|66\/341
|-damage|p1a: Jirachi|45\/341|[from] Stealth Rock
|turn|19
|
|move|p1a: Jirachi|U-turn|p2a: Meloetta
|-crit|p2a: Meloetta
|-supereffective|p2a: Meloetta
|-damage|p2a: Meloetta|50\/342
|
|switch|p1a: Suicune|Suicune|401\/401
|-damage|p1a: Suicune|351\/401|[from] Stealth Rock
|-ability|p1a: Suicune|Pressure
|move|p2a: Meloetta|Psychic|p1a: Suicune
|-damage|p1a: Suicune|206\/401
|
|-heal|p1a: Suicune|231\/401|[from] item: Leftovers
|turn|20
|
|move|p2a: Meloetta|Psychic|p1a: Suicune
|-damage|p1a: Suicune|87\/401
|move|p1a: Suicune|Calm Mind|p1a: Suicune
|-boost|p1a: Suicune|spa|1
|-boost|p1a: Suicune|spd|1
|
|-heal|p1a: Suicune|112\/401|[from] item: Leftovers
|turn|21
|
|move|p2a: Meloetta|Psychic|p1a: Suicune
|-damage|p1a: Suicune|18\/401
|move|p1a: Suicune|Rest|p1a: Suicune
|-status|p1a: Suicune|slp
|-heal|p1a: Suicune|401\/401 slp|[silent]
|-status|p1a: Suicune|slp|[from] move: Rest
|
|turn|22
|
|move|p2a: Meloetta|Psychic|p1a: Suicune
|-damage|p1a: Suicune|302\/401 slp
|-unboost|p1a: Suicune|spd|1
|cant|p1a: Suicune|slp
|move|p1a: Suicune|Sleep Talk|p1a: Suicune
|move|p1a: Suicune|Rest|p1a: Suicune|[from]Sleep Talk
|-fail|p1a: Suicune
|
|-heal|p1a: Suicune|327\/401 slp|[from] item: Leftovers
|turn|23
|
|switch|p2a: Sceptile|Sceptile-Mega, M|153\/282
|-damage|p2a: Sceptile|118\/282|[from] Stealth Rock
|cant|p1a: Suicune|slp
|move|p1a: Suicune|Sleep Talk|p1a: Suicune
|move|p1a: Suicune|Scald|p2a: Sceptile|[from]Sleep Talk
|-resisted|p2a: Sceptile
|-damage|p2a: Sceptile|82\/282
|-status|p2a: Sceptile|brn
|
|-heal|p1a: Suicune|352\/401 slp|[from] item: Leftovers
|-damage|p2a: Sceptile|47\/282 brn|[from] brn
|turn|24
|
|move|p2a: Sceptile|Giga Drain|p1a: Suicune
|-supereffective|p1a: Suicune
|-damage|p1a: Suicune|52\/401 slp
|-heal|p2a: Sceptile|197\/282 brn|[from] drain|[of] p1a: Suicune
|-curestatus|p1a: Suicune|slp
|move|p1a: Suicune|Calm Mind|p1a: Suicune
|-boost|p1a: Suicune|spa|1
|-boost|p1a: Suicune|spd|1
|
|-heal|p1a: Suicune|77\/401|[from] item: Leftovers
|-damage|p2a: Sceptile|162\/282 brn|[from] brn
|turn|25
|
|move|p2a: Sceptile|Giga Drain|p1a: Suicune
|-crit|p1a: Suicune
|-supereffective|p1a: Suicune
|-damage|p1a: Suicune|0 fnt
|-heal|p2a: Sceptile|201\/282 brn|[from] drain|[of] p1a: Suicune
|faint|p1a: Suicune
|
|-damage|p2a: Sceptile|166\/282 brn|[from] brn
|
|switch|p1a: Jirachi|Jirachi|45\/341
|-damage|p1a: Jirachi|24\/341|[from] Stealth Rock
|turn|26
|
|move|p1a: Jirachi|Iron Head|p2a: Sceptile
|-damage|p2a: Sceptile|1\/282 brn
|move|p2a: Sceptile|Hidden Power|p1a: Jirachi
|-supereffective|p1a: Jirachi
|-damage|p1a: Jirachi|0 fnt
|faint|p1a: Jirachi
|
|win|xTesting123
|raw|Ladder updating...
|raw|Masochism's rating: 1605 &rarr; <strong>1571<\/strong><br \/>(-34 for losing)
|raw|xTesting123's rating: 1312 &rarr; <strong>1346<\/strong><br \/>(+34 for winning)
|leave|Masochism
|player|p1