|join|axiom_alpha
|join|Cker
|player|p1|axiom_alpha|33
|player|p2|Cker|101
|gametype|singles
|gen|6
|tier|OU
|rated
|clearpoke
|poke|p1|Tyranitar, F
|poke|p1|Excadrill, F
|poke|p1|Clefable, F
|poke|p1|Keldeo
|poke|p1|Latios, M
|poke|p1|Charizard, M
|poke|p2|Medicham, F
|poke|p2|Skarmory, F
|poke|p2|Landorus, M
|poke|p2|Thundurus, M
|poke|p2|Latios, M
|poke|p2|Heatran, M
|rule|Swagger Clause: Swagger is banned
|rule|Baton Pass Clause: Limit one Pokémon knowing Baton Pass
|rule|Sleep Clause Mod: Limit one foe put to sleep
|rule|Species Clause: Limit one of each Pokémon
|rule|OHKO Clause: OHKO moves are banned
|rule|Moody Clause: Moody is banned
|rule|Evasion Moves Clause: Evasion moves are banned
|rule|Endless Battle Clause: Forcing endless battles is banned
|rule|HP Percentage Mod: HP is shown in percentages
|teampreview
|
|start
|switch|p1a: Gamma|Clefable, F|393\/393
|switch|p2a: Medicham|Medicham, F|261\/261
|turn|1
|
|detailschange|p2a: Medicham|Medicham-Mega, F
|message|Medicham has Mega Evolved into Mega Medicham!
|move|p2a: Medicham|Fake Out|p1a: Gamma
|-damage|p1a: Gamma|315\/393
|cant|p1a: Gamma|flinch
|
|-heal|p1a: Gamma|339\/393|[from] item: Leftovers
|turn|2
|
|switch|p2a: Skarmory|Skarmory, F|334\/334
|move|p1a: Gamma|Thunder Wave|p2a: Skarmory
|-status|p2a: Skarmory|par
|
|-heal|p1a: Gamma|363\/393|[from] item: Leftovers
|turn|3
|
|move|p1a: Gamma|Stealth Rock|p2a: Skarmory
|-sidestart|p2: Cker|move: Stealth Rock
|move|p2a: Skarmory|Stealth Rock|p1a: Gamma
|-sidestart|p1: axiom_alpha|move: Stealth Rock
|
|-heal|p1a: Gamma|387\/393|[from] item: Leftovers
|turn|4
|
|move|p1a: Gamma|Thunder Wave|p2a: Skarmory
|-fail|p2a: Skarmory|par
|move|p2a: Skarmory|Whirlwind|p1a: Gamma
|drag|p1a: Delta|Keldeo|323\/323
|-damage|p1a: Delta|303\/323|[from] Stealth Rock
|
|-heal|p1a: Delta|323\/323|[from] item: Leftovers
|turn|5
|
|switch|p1a: Alpha|Tyranitar, F|341\/341
|-damage|p1a: Alpha|299\/341|[from] Stealth Rock
|-weather|Sandstorm
|move|p2a: Skarmory|Brave Bird|p1a: Alpha
|-resisted|p1a: Alpha
|-damage|p1a: Alpha|241\/341
|-damage|p2a: Skarmory|315\/334 par|[from] recoil|[of] p1a: Alpha
|
|-weather|Sandstorm|[upkeep]
|turn|6
|
|move|p1a: Alpha|Stone Edge|p2a: Skarmory
|-crit|p2a: Skarmory
|-damage|p2a: Skarmory|161\/334 par
|move|p2a: Skarmory|Whirlwind|p1a: Alpha
|drag|p1a: Gamma|Clefable, F|387\/393
|
|-weather|Sandstorm|[upkeep]
|-heal|p1a: Gamma|393\/393|[from] item: Leftovers
|turn|7
|
|switch|p1a: Delta|Keldeo|323\/323
|-damage|p1a: Delta|303\/323|[from] Stealth Rock
|move|p2a: Skarmory|Roost|p2a: Skarmory
|-heal|p2a: Skarmory|328\/334 par
|
|-weather|Sandstorm|[upkeep]
|-damage|p1a: Delta|283\/323|[from] sandstorm
|-heal|p1a: Delta|303\/323|[from] item: Leftovers
|turn|8
|
|switch|p2a: Latios|Latios, M|302\/302
|-damage|p2a: Latios|265\/302|[from] Stealth Rock
|move|p1a: Delta|Scald|p2a: Latios
|-resisted|p2a: Latios
|-damage|p2a: Latios|205\/302
|
|-weather|Sandstorm|[upkeep]
|-damage|p2a: Latios|187\/302|[from] sandstorm
|-damage|p1a: Delta|283\/323|[from] sandstorm
|-heal|p1a: Delta|303\/323|[from] item: Leftovers
|turn|9
|
|switch|p1a: Gamma|Clefable, F|393\/393
|move|p2a: Latios|Trick|p1a: Gamma
|-activate|p2a: Latios|move: Trick|[of] p1a: Gamma
|-item|p1a: Gamma|Choice Scarf|[from] move: Trick
|-item|p2a: Latios|Leftovers|[from] move: Trick
|
|-weather|none
|-heal|p2a: Latios|205\/302|[from] item: Leftovers
|turn|10
|
|switch|p2a: Skarmory|Skarmory, F|328\/334 par
|-damage|p2a: Skarmory|287\/334 par|[from] Stealth Rock
|move|p1a: Gamma|Thunder Wave|p2a: Skarmory
|-fail|p2a: Skarmory|par
|
|turn|11
|
|switch|p1a: Epsilon|Latios, M|301\/301
|-damage|p1a: Epsilon|264\/301|[from] Stealth Rock
|switch|p2a: Landorus|Landorus, M|319\/319
|-damage|p2a: Landorus|280\/319|[from] Stealth Rock
|
|turn|12
|
|switch|p2a: Heatran|Heatran, M|386\/386
|-damage|p2a: Heatran|338\/386|[from] Stealth Rock
|move|p1a: Epsilon|Draco Meteor|p2a: Heatran
|-resisted|p2a: Heatran
|-damage|p2a: Heatran|229\/386
|-unboost|p1a: Epsilon|spa|2
|-damage|p1a: Epsilon|234\/301|[from] item: Life Orb
|
|-heal|p2a: Heatran|253\/386|[from] item: Leftovers
|turn|13
|
|move|p1a: Epsilon|Earthquake|p2a: Heatran
|-supereffective|p2a: Heatran
|-damage|p2a: Heatran|0 fnt
|-damage|p1a: Epsilon|204\/301|[from] item: Life Orb
|faint|p2a: Heatran
|
|
|switch|p2a: Landorus|Landorus, M|280\/319
|-damage|p2a: Landorus|241\/319|[from] Stealth Rock
|turn|14
|
|switch|p1a: Alpha|Tyranitar, F|241\/341
|-damage|p1a: Alpha|199\/341|[from] Stealth Rock
|-weather|Sandstorm
|move|p2a: Landorus|Psychic|p1a: Alpha
|-immune|p1a: Alpha|[msg]
|
|-weather|Sandstorm|[upkeep]
|turn|15
|
|move|p1a: Alpha|Stone Edge|p2a: Landorus
|-crit|p2a: Landorus
|-damage|p2a: Landorus|0 fnt
|faint|p2a: Landorus
|
|-weather|Sandstorm|[upkeep]
|
|switch|p2a: Medicham|Medicham-Mega, F|261\/261
|-damage|p2a: Medicham|245\/261|[from] Stealth Rock
|turn|16
|
|switch|p1a: Gamma|Clefable, F|393\/393
|move|p2a: Medicham|High Jump Kick|p1a: Gamma
|-resisted|p1a: Gamma
|-damage|p1a: Gamma|201\/393
|
|-weather|Sandstorm|[upkeep]
|-damage|p2a: Medicham|229\/261|[from] sandstorm
|turn|17
|
|switch|p1a: Alpha|Tyranitar, F|199\/341
|-damage|p1a: Alpha|157\/341|[from] Stealth Rock
|move|p2a: Medicham|Psycho Cut|p1a: Alpha
|-immune|p1a: Alpha|[msg]
|
|-weather|Sandstorm|[upkeep]
|-damage|p2a: Medicham|213\/261|[from] sandstorm
|turn|18
|
|move|p1a: Alpha|Crunch|p2a: Medicham
|-damage|p2a: Medicham|60\/261
|move|p2a: Medicham|High Jump Kick|p1a: Alpha
|-supereffective|p1a: Alpha
|-damage|p1a: Alpha|0 fnt
|faint|p1a: Alpha
|
|-weather|none
|
|switch|p1a: Delta|Keldeo|303\/323
|-damage|p1a: Delta|283\/323|[from] Stealth Rock
|turn|19
|
|switch|p2a: Latios|Latios, M|205\/302
|-damage|p2a: Latios|168\/302|[from] Stealth Rock
|move|p1a: Delta|Scald|p2a: Latios
|-resisted|p2a: Latios
|-damage|p2a: Latios|108\/302
|
|-heal|p1a: Delta|303\/323|[from] item: Leftovers
|-heal|p2a: Latios|126\/302|[from] item: Leftovers
|turn|20
|
|switch|p1a: Gamma|Clefable, F|201\/393
|move|p2a: Latios|Psyshock|p1a: Gamma
|-damage|p1a: Gamma|30\/393
|
|-heal|p2a: Latios|144\/302|[from] item: Leftovers
|turn|21
|
|move|p2a: Latios|Psyshock|p1a: Gamma
|-damage|p1a: Gamma|0 fnt
|faint|p1a: Gamma
|
|-heal|p2a: Latios|162\/302|[from] item: Leftovers
|
|switch|p1a: Beta|Excadrill, F|362\/362
|-damage|p1a: Beta|351\/362|[from] Stealth Rock
|turn|22
|
|switch|p2a: Skarmory|Skarmory, F|287\/334 par
|-damage|p2a: Skarmory|246\/334 par|[from] Stealth Rock
|move|p1a: Beta|Rapid Spin|p2a: Skarmory
|-resisted|p2a: Skarmory
|-damage|p2a: Skarmory|237\/334 par
|-damage|p1a: Beta|291\/362|[from] item: Rocky Helmet|[of] p2a: Skarmory
|-sideend|p1: axiom_alpha|Stealth Rock|[from] move: Rapid Spin|[of] p1a: Beta
|-damage|p1a: Beta|255\/362|[from] item: Life Orb
|
|turn|23
|
|switch|p1a: Zeta|Charizard, M|297\/297
|move|p2a: Skarmory|Stealth Rock|p1a: Zeta
|-sidestart|p1: axiom_alpha|move: Stealth Rock
|
|turn|24
|
|detailschange|p1a: Zeta|Charizard-Mega-Y, M
|message|Charizard has Mega Evolved into Mega Charizard!
|-weather|SunnyDay
|move|p1a: Zeta|Fire Blast|p2a: Skarmory|[miss]
|-miss|p1a: Zeta|p2a: Skarmory
|move|p2a: Skarmory|Whirlwind|p1a: Zeta
|drag|p1a: Beta|Excadrill, F|255\/362
|-damage|p1a: Beta|244\/362|[from] Stealth Rock
|
|-weather|SunnyDay|[upkeep]
|turn|25
|
|move|p1a: Beta|Rapid Spin|p2a: Skarmory
|-resisted|p2a: Skarmory
|-damage|p2a: Skarmory|229\/334 par
|-damage|p1a: Beta|184\/362|[from] item: Rocky Helmet|[of] p2a: Skarmory
|-sideend|p1: axiom_alpha|Stealth Rock|[from] move: Rapid Spin|[of] p1a: Beta
|-damage|p1a: Beta|148\/362|[from] item: Life Orb
|cant|p2a: Skarmory|par
|
|-weather|SunnyDay|[upkeep]
|turn|26
|
|switch|p1a: Zeta|Charizard-Mega-Y, M|297\/297
|move|p2a: Skarmory|Stealth Rock|p1a: Zeta
|-sidestart|p1: axiom_alpha|move: Stealth Rock
|
|-weather|SunnyDay|[upkeep]
|turn|27
|
|move|p1a: Zeta|Fire Blast|p2a: Skarmory
|-supereffective|p2a: Skarmory
|-damage|p2a: Skarmory|0 fnt
|faint|p2a: Skarmory
|
|-weather|SunnyDay|[upkeep]
|
|switch|p2a: Thundurus|Thundurus, M|299\/299
|-damage|p2a: Thundurus|225\/299|[from] Stealth Rock
|turn|28
|
|switch|p1a: Beta|Excadrill, F|148\/362
|-damage|p1a: Beta|137\/362|[from] Stealth Rock
|move|p2a: Thundurus|Thunderbolt|p1a: Beta
|-immune|p1a: Beta|[msg]
|
|-weather|none
|-heal|p2a: Thundurus|243\/299|[from] item: Leftovers
|turn|29
|
|move|p2a: Thundurus|Focus Blast|p1a: Beta|[miss]
|-miss|p2a: Thundurus|p1a: Beta
|move|p1a: Beta|Rapid Spin|p2a: Thundurus
|-damage|p2a: Thundurus|199\/299
|-sideend|p1: axiom_alpha|Stealth Rock|[from] move: Rapid Spin|[of] p1a: Beta
|-damage|p1a: Beta|101\/362|[from] item: Life Orb
|
|-heal|p2a: Thundurus|217\/299|[from] item: Leftovers
|turn|30
|
|move|p2a: Thundurus|Focus Blast|p1a: Beta
|-supereffective|p1a: Beta
|-damage|p1a: Beta|0 fnt
|faint|p1a: Beta
|
|-heal|p2a: Thundurus|235\/299|[from] item: Leftovers
|
|switch|p1a: Epsilon|Latios, M|204\/301
|turn|31
|
|move|p2a: Thundurus|Hidden Power|p1a: Epsilon
|-supereffective|p1a: Epsilon
|-damage|p1a: Epsilon|72\/301
|move|p1a: Epsilon|Draco Meteor|p2a: Thundurus
|-damage|p2a: Thundurus|0 fnt
|-unboost|p1a: Epsilon|spa|2
|-damage|p1a: Epsilon|42\/301|[from] item: Life Orb
|faint|p2a: Thundurus
|
|
|switch|p2a: Medicham|Medicham-Mega, F|60\/261
|-damage|p2a: Medicham|44\/261|[from] Stealth Rock
|turn|32
|
|switch|p1a: Delta|Keldeo|303\/323
|move|p2a: Medicham|Fake Out|p1a: Delta
|-damage|p1a: Delta|216\/323
|
|-heal|p1a: Delta|236\/323|[from] item: Leftovers
|turn|33
|
|switch|p2a: Latios|Latios, M|162\/302
|-damage|p2a: Latios|125\/302|[from] Stealth Rock
|move|p1a: Delta|Scald|p2a: Latios
|-resisted|p2a: Latios
|-damage|p2a: Latios|57\/302
|
|-heal|p1a: Delta|256\/323|[from] item: Leftovers
|-heal|p2a: Latios|75\/302|[from] item: Leftovers
|turn|34
|
|move|p1a: Delta|Scald|p2a: Latios
|-resisted|p2a: Latios
|-damage|p2a: Latios|15\/302
|move|p2a: Latios|Psyshock|p1a: Delta
|-supereffective|p1a: Delta
|-damage|p1a: Delta|0 fnt
|faint|p1a: Delta
|
|-heal|p2a: Latios|33\/302|[from] item: Leftovers
|
|switch|p1a: Epsilon|Latios, M|42\/301
|turn|35
|
|move|p1a: Epsilon|Psyshock|p2a: Latios
|-crit|p2a: Latios
|-resisted|p2a: Latios
|-damage|p2a: Latios|0 fnt
|-damage|p1a: Epsilon|12\/301|[from] item: Life Orb
|faint|p2a: Latios
|
|
|switch|p2a: Medicham|Medicham-Mega, F|44\/261
|-damage|p2a: Medicham|28\/261|[from] Stealth Rock
|turn|36
|
|switch|p1a: Zeta|Charizard-Mega-Y, M|297\/297
|-weather|SunnyDay
|move|p2a: Medicham|Fake Out|p1a: Zeta
|-damage|p1a: Zeta|203\/297
|
|-weather|SunnyDay|[upkeep]
|turn|37
|
|move|p2a: Medicham|Psycho Cut|p1a: Zeta
|-damage|p1a: Zeta|0 fnt
|faint|p1a: Zeta
|
|-weather|SunnyDay|[upkeep]
|
|switch|p1a: Epsilon|Latios, M|12\/301
|turn|38
|
|move|p1a: Epsilon|Psyshock|p2a: Medicham
|-damage|p2a: Medicham|0 fnt
|-damage|p1a: Epsilon|0 fnt|[from] item: Life Orb
|faint|p2a: Medicham
|faint|p1a: Epsilon
|
|win|axiom_alpha
|raw|Ladder updating...
|c|★axiom_alpha|gg
|raw|axiom_alpha's rating: 1656 &rarr; <strong>1675<\/strong><br \/>(+19 for winning)
|raw|Cker's rating: 1638 &rarr; <strong>1619<\/strong><br \/>(-19 for losing)
|leave|Cker
|player|p2