|join|IggyRoselia
|join|Patodragon.v2
|player|p1|IggyRoselia|30
|player|p2|Patodragon.v2|169
|gametype|singles
|gen|6
|tier|OU
|rated
|clearpoke
|poke|p1|Venusaur, F
|poke|p1|Mew
|poke|p1|Keldeo
|poke|p1|Landorus-Therian, M
|poke|p1|Raikou
|poke|p1|Heatran, M
|poke|p2|Lopunny, F
|poke|p2|Skarmory, F
|poke|p2|Breloom, M
|poke|p2|Azumarill, F
|poke|p2|Bisharp, M
|poke|p2|Gengar, M
|rule|Swagger Clause: Swagger is banned
|rule|Baton Pass Clause: Limit one Pokémon knowing Baton Pass
|rule|Sleep Clause Mod: Limit one foe put to sleep
|rule|Species Clause: Limit one of each Pokémon
|rule|OHKO Clause: OHKO moves are banned
|rule|Moody Clause: Moody is banned
|rule|Evasion Moves Clause: Evasion moves are banned
|rule|Endless Battle Clause: Forcing endless battles is banned
|rule|HP Percentage Mod: HP is shown in percentages
|teampreview
|
|start
|switch|p1a: Venusaur|Venusaur, F|364\/364
|switch|p2a: Skarmory|Skarmory, F|271\/271
|turn|1
|
|detailschange|p1a: Venusaur|Venusaur-Mega, F
|-mega|p1a: Venusaur|Venusaur|Venusaurite
|move|p2a: Skarmory|Stealth Rock|p1a: Venusaur
|-sidestart|p1: IggyRoselia|move: Stealth Rock
|move|p1a: Venusaur|Hidden Power|p2a: Skarmory
|-supereffective|p2a: Skarmory
|-damage|p2a: Skarmory|95\/271
|
|turn|2
|
|move|p2a: Skarmory|Brave Bird|p1a: Venusaur
|-crit|p1a: Venusaur
|-supereffective|p1a: Venusaur
|-damage|p1a: Venusaur|0 fnt
|-damage|p2a: Skarmory|0 fnt|[from] recoil|[of] p1a: Venusaur
|faint|p1a: Venusaur
|faint|p2a: Skarmory
|
|
|switch|p2a: Gengar|Gengar, M|261\/261
|switch|p1a: Landorus-Therian|Landorus-Therian, M|365\/365
|-damage|p1a: Landorus-Therian|320\/365|[from] Stealth Rock
|-ability|p1a: Landorus-Therian|Intimidate|[of] p2a: Gengar
|-unboost|p2a: Gengar|atk|1
|turn|3
|
|switch|p2a: Lopunny|Lopunny, F|271\/271
|switch|p1a: Heatran|Heatran, M|382\/382
|-damage|p1a: Heatran|335\/382|[from] Stealth Rock
|
|-heal|p1a: Heatran|358\/382|[from] item: Leftovers
|turn|4
|
|switch|p1a: Mew|Mew|404\/404
|-damage|p1a: Mew|354\/404|[from] Stealth Rock
|detailschange|p2a: Lopunny|Lopunny-Mega, F
|-mega|p2a: Lopunny|Lopunny|Lopunnite
|move|p2a: Lopunny|Return|p1a: Mew
|-damage|p1a: Mew|165\/404
|
|-heal|p1a: Mew|190\/404|[from] item: Leftovers
|turn|5
|
|move|p2a: Lopunny|Return|p1a: Mew
|-damage|p1a: Mew|6\/404
|move|p1a: Mew|Soft-Boiled|p1a: Mew
|-heal|p1a: Mew|208\/404
|
|-heal|p1a: Mew|233\/404|[from] item: Leftovers
|turn|6
|
|switch|p2a: Gengar|Gengar, M|261\/261
|move|p1a: Mew|Defog|p2a: Gengar
|-unboost|p2a: Gengar|evasion|1
|-sideend|p1: IggyRoselia|Stealth Rock|[from] move: Defog|[of] p1a: Mew
|
|-heal|p1a: Mew|258\/404|[from] item: Leftovers
|turn|7
|
|switch|p1a: Heatran|Heatran, M|358\/382
|move|p2a: Gengar|Shadow Ball|p1a: Heatran
|-damage|p1a: Heatran|236\/382
|-unboost|p1a: Heatran|spd|1
|-damage|p2a: Gengar|235\/261|[from] item: Life Orb
|
|-heal|p1a: Heatran|259\/382|[from] item: Leftovers
|turn|8
|
|switch|p1a: Raikou|Raikou|321\/321
|-ability|p1a: Raikou|Pressure
|move|p2a: Gengar|Focus Blast|p1a: Raikou
|-damage|p1a: Raikou|134\/321
|-damage|p2a: Gengar|209\/261|[from] item: Life Orb
|
|turn|9
|
|switch|p2a: Lopunny|Lopunny-Mega, F|271\/271
|move|p1a: Raikou|Volt Switch|p2a: Lopunny
|-damage|p2a: Lopunny|78\/271
|
|switch|p1a: Mew|Mew|258\/404
|
|-heal|p1a: Mew|283\/404|[from] item: Leftovers
|turn|10
|
|switch|p2a: Breloom|Breloom, M|261\/261
|move|p1a: Mew|Knock Off|p2a: Breloom
|-resisted|p2a: Breloom
|-damage|p2a: Breloom|224\/261
|-enditem|p2a: Breloom|Focus Sash|[from] move: Knock Off|[of] p1a: Mew
|
|-heal|p1a: Mew|308\/404|[from] item: Leftovers
|turn|11
|
|move|p2a: Breloom|Spore|p1a: Mew
|-status|p1a: Mew|slp
|cant|p1a: Mew|slp
|
|-heal|p1a: Mew|333\/404 slp|[from] item: Leftovers
|turn|12
|
|switch|p2a: Gengar|Gengar, M|209\/261
|switch|p1a: Landorus-Therian|Landorus-Therian, M|320\/365
|-ability|p1a: Landorus-Therian|Intimidate|[of] p2a: Gengar
|-unboost|p2a: Gengar|atk|1
|
|-heal|p1a: Landorus-Therian|342\/365|[from] item: Leftovers
|turn|13
|
|move|p2a: Gengar|Shadow Ball|p1a: Landorus-Therian
|-damage|p1a: Landorus-Therian|135\/365
|-damage|p2a: Gengar|183\/261|[from] item: Life Orb
|move|p1a: Landorus-Therian|U-turn|p2a: Gengar
|-resisted|p2a: Gengar
|-damage|p2a: Gengar|155\/261
|
|switch|p1a: Heatran|Heatran, M|259\/382
|
|-heal|p1a: Heatran|282\/382|[from] item: Leftovers
|turn|14
|
|move|p2a: Gengar|Focus Blast|p1a: Heatran|[miss]
|-miss|p2a: Gengar|p1a: Heatran
|move|p1a: Heatran|Lava Plume|p2a: Gengar
|-damage|p2a: Gengar|4\/261
|
|-heal|p1a: Heatran|305\/382|[from] item: Leftovers
|turn|15
|
|switch|p1a: Mew|Mew|333\/404 slp
|move|p2a: Gengar|Shadow Ball|p1a: Mew
|-crit|p1a: Mew
|-supereffective|p1a: Mew
|-damage|p1a: Mew|0 fnt
|-damage|p2a: Gengar|0 fnt|[from] item: Life Orb
|faint|p1a: Mew
|faint|p2a: Gengar
|
|
|switch|p2a: Lopunny|Lopunny-Mega, F|78\/271
|switch|p1a: Landorus-Therian|Landorus-Therian, M|135\/365
|-ability|p1a: Landorus-Therian|Intimidate|[of] p2a: Lopunny
|-unboost|p2a: Lopunny|atk|1
|turn|16
|
|move|p2a: Lopunny|Ice Punch|p1a: Landorus-Therian
|-supereffective|p1a: Landorus-Therian
|-damage|p1a: Landorus-Therian|0 fnt
|faint|p1a: Landorus-Therian
|
|
|switch|p1a: Raikou|Raikou|134\/321
|-ability|p1a: Raikou|Pressure
|turn|17
|
|switch|p2a: Breloom|Breloom, M|224\/261
|move|p1a: Raikou|Volt Switch|p2a: Breloom
|-resisted|p2a: Breloom
|-damage|p2a: Breloom|89\/261
|
|switch|p1a: Keldeo|Keldeo|323\/323
|
|turn|18
|
|move|p2a: Breloom|Mach Punch|p1a: Keldeo
|-damage|p1a: Keldeo|209\/323
|move|p1a: Keldeo|Secret Sword|p2a: Breloom
|-damage|p2a: Breloom|0 fnt
|faint|p2a: Breloom
|
|-heal|p1a: Keldeo|229\/323|[from] item: Leftovers
|
|switch|p2a: Lopunny|Lopunny-Mega, F|78\/271
|turn|19
|
|switch|p1a: Heatran|Heatran, M|305\/382
|move|p2a: Lopunny|Return|p1a: Heatran
|-resisted|p1a: Heatran
|-damage|p1a: Heatran|212\/382
|
|-heal|p1a: Heatran|235\/382|[from] item: Leftovers
|turn|20
|
|move|p2a: Lopunny|High Jump Kick|p1a: Heatran
|-supereffective|p1a: Heatran
|-damage|p1a: Heatran|0 fnt
|faint|p1a: Heatran
|
|
|switch|p1a: Raikou|Raikou|134\/321
|-ability|p1a: Raikou|Pressure
|turn|21
|
|move|p2a: Lopunny|Return|p1a: Raikou
|-damage|p1a: Raikou|0 fnt
|faint|p1a: Raikou
|
|
|switch|p1a: Keldeo|Keldeo|229\/323
|turn|22
|
|move|p2a: Lopunny|Return|p1a: Keldeo
|-damage|p1a: Keldeo|10\/323
|move|p1a: Keldeo|Secret Sword|p2a: Lopunny
|-supereffective|p2a: Lopunny
|-damage|p2a: Lopunny|0 fnt
|faint|p2a: Lopunny
|
|-heal|p1a: Keldeo|30\/323|[from] item: Leftovers
|
|switch|p2a: Azumarill|Azumarill, F|364\/364
|turn|23
|
|move|p1a: Keldeo|Scald|p2a: Azumarill
|-resisted|p2a: Azumarill
|-damage|p2a: Azumarill|280\/364
|-status|p2a: Azumarill|brn
|move|p2a: Azumarill|Knock Off|p1a: Keldeo
|-resisted|p1a: Keldeo
|-damage|p1a: Keldeo|0 fnt
|-enditem|p1a: Keldeo|Leftovers|[from] move: Knock Off|[of] p2a: Azumarill
|faint|p1a: Keldeo
|
|win|Patodragon.v2
|raw|Ladder updating...
|raw|IggyRoselia's rating: 1621 &rarr; <strong>1604<\/strong><br \/>(-17 for losing)
|raw|Patodragon.v2's rating: 1680 &rarr; <strong>1697<\/strong><br \/>(+17 for winning)
|leave|IggyRoselia
|player|p1