|join|IggyRoselia
|join|AnarionV
|player|p1|IggyRoselia|30
|player|p2|AnarionV|290
|gametype|singles
|gen|6
|tier|OU
|rated
|clearpoke
|poke|p1|Slowbro, M, shiny
|poke|p1|Breloom, F
|poke|p1|Excadrill, F
|poke|p1|Azumarill, F
|poke|p1|Landorus, M
|poke|p1|Rotom-Wash
|poke|p2|Lopunny, F
|poke|p2|Gengar, F, shiny
|poke|p2|Landorus-Therian, M, shiny
|poke|p2|Bisharp, M
|poke|p2|Victini
|poke|p2|Empoleon, M
|rule|Swagger Clause: Swagger is banned
|rule|Baton Pass Clause: Limit one Pokémon knowing Baton Pass
|rule|Sleep Clause Mod: Limit one foe put to sleep
|rule|Species Clause: Limit one of each Pokémon
|rule|OHKO Clause: OHKO moves are banned
|rule|Moody Clause: Moody is banned
|rule|Evasion Moves Clause: Evasion moves are banned
|rule|Endless Battle Clause: Forcing endless battles is banned
|rule|HP Percentage Mod: HP is shown in percentages
|teampreview
|
|start
|switch|p1a: Slowbro|Slowbro, M, shiny|394\/394
|switch|p2a: Lopunny|Lopunny, F|271\/271
|turn|1
|
|detailschange|p2a: Lopunny|Lopunny-Mega, F
|-mega|p2a: Lopunny|Lopunny|Lopunnite
|move|p2a: Lopunny|Fake Out|p1a: Slowbro
|-damage|p1a: Slowbro|336\/394
|cant|p1a: Slowbro|flinch
|
|turn|2
|
|switch|p2a: Empoleon|Empoleon, M|371\/371
|move|p1a: Slowbro|Scald|p2a: Empoleon
|-resisted|p2a: Empoleon
|-damage|p2a: Empoleon|341\/371
|-status|p2a: Empoleon|brn
|
|-damage|p2a: Empoleon|295\/371 brn|[from] brn
|turn|3
|
|switch|p1a: Rotom-Wash|Rotom-Wash|304\/304
|move|p2a: Empoleon|Signal Beam|p1a: Rotom-Wash
|-damage|p1a: Rotom-Wash|245\/304
|
|-heal|p1a: Rotom-Wash|264\/304|[from] item: Leftovers
|-damage|p2a: Empoleon|249\/371 brn|[from] brn
|turn|4
|
|move|p1a: Rotom-Wash|Volt Switch|p2a: Empoleon
|-supereffective|p2a: Empoleon
|-damage|p2a: Empoleon|127\/371 brn
|
|switch|p1a: Breloom|Breloom, F|282\/282
|move|p2a: Empoleon|Scald|p1a: Breloom
|-resisted|p1a: Breloom
|-damage|p1a: Breloom|181\/282
|
|-damage|p2a: Empoleon|81\/371 brn|[from] brn
|-status|p1a: Breloom|tox|[from] item: Toxic Orb
|turn|5
|
|move|p1a: Breloom|Substitute|p1a: Breloom
|-start|p1a: Breloom|Substitute
|-damage|p1a: Breloom|111\/282 tox
|move|p2a: Empoleon|Ice Beam|p1a: Breloom
|-supereffective|p1a: Breloom
|-end|p1a: Breloom|Substitute
|
|-heal|p1a: Breloom|146\/282 tox|[from] ability: Poison Heal
|-damage|p2a: Empoleon|35\/371 brn|[from] brn
|turn|6
|
|move|p1a: Breloom|Seed Bomb|p2a: Empoleon
|-damage|p2a: Empoleon|0 fnt
|faint|p2a: Empoleon
|
|-heal|p1a: Breloom|181\/282 tox|[from] ability: Poison Heal
|
|switch|p2a: Lopunny|Lopunny-Mega, F|271\/271
|turn|7
|
|switch|p1a: Slowbro|Slowbro, M, shiny|394\/394
|move|p2a: Lopunny|Retaliate|p1a: Slowbro
|-crit|p1a: Slowbro
|-damage|p1a: Slowbro|84\/394
|
|turn|8
|
|switch|p1a: Rotom-Wash|Rotom-Wash|264\/304
|move|p2a: Lopunny|Retaliate|p1a: Rotom-Wash
|-damage|p1a: Rotom-Wash|128\/304
|
|-heal|p1a: Rotom-Wash|147\/304|[from] item: Leftovers
|turn|9
|
|move|p2a: Lopunny|High Jump Kick|p1a: Rotom-Wash
|-damage|p1a: Rotom-Wash|0 fnt
|faint|p1a: Rotom-Wash
|
|
|switch|p1a: Slowbro|Slowbro, M, shiny|215\/394
|turn|10
|
|switch|p2a: Landorus-Therian|Landorus-Therian, M, shiny|382\/382
|-ability|p2a: Landorus-Therian|Intimidate|[of] p1a: Slowbro
|-unboost|p1a: Slowbro|atk|1
|move|p1a: Slowbro|Scald|p2a: Landorus-Therian
|-supereffective|p2a: Landorus-Therian
|-damage|p2a: Landorus-Therian|170\/382
|
|turn|11
|
|move|p2a: Landorus-Therian|U-turn|p1a: Slowbro
|-supereffective|p1a: Slowbro
|-damage|p1a: Slowbro|101\/394
|
|switch|p2a: Bisharp|Bisharp, M|272\/272
|move|p1a: Slowbro|Scald|p2a: Bisharp
|-damage|p2a: Bisharp|136\/272
|-status|p2a: Bisharp|brn
|
|-damage|p2a: Bisharp|102\/272 brn|[from] brn
|turn|12
|c|★AnarionV|come on é.è
|
|switch|p1a: Breloom|Breloom, F|181\/282 tox
|move|p2a: Bisharp|Knock Off|p1a: Breloom
|-resisted|p1a: Breloom
|-damage|p1a: Breloom|103\/282 tox
|-enditem|p1a: Breloom|Toxic Orb|[from] move: Knock Off|[of] p2a: Bisharp
|-damage|p2a: Bisharp|75\/272 brn|[from] item: Life Orb
|
|-damage|p2a: Bisharp|41\/272 brn|[from] brn
|-heal|p1a: Breloom|138\/282 tox|[from] ability: Poison Heal
|turn|13
|
|switch|p2a: Gengar|Gengar, F, shiny|261\/261
|move|p1a: Breloom|Substitute|p1a: Breloom
|-start|p1a: Breloom|Substitute
|-damage|p1a: Breloom|68\/282 tox
|
|-heal|p1a: Breloom|103\/282 tox|[from] ability: Poison Heal
|turn|14
|
|move|p2a: Gengar|Shadow Ball|p1a: Breloom
|-end|p1a: Breloom|Substitute
|move|p1a: Breloom|Spore|p2a: Gengar
|-status|p2a: Gengar|slp
|
|-heal|p1a: Breloom|138\/282 tox|[from] ability: Poison Heal
|turn|15
|
|switch|p2a: Lopunny|Lopunny-Mega, F|271\/271
|switch|p1a: Landorus|Landorus, M|319\/319
|
|turn|16
|
|move|p2a: Lopunny|Fake Out|p1a: Landorus
|-damage|p1a: Landorus|231\/319
|cant|p1a: Landorus|flinch
|
|turn|17
|
|switch|p1a: Slowbro|Slowbro, M, shiny|232\/394
|move|p2a: Lopunny|Ice Punch|p1a: Slowbro
|-resisted|p1a: Slowbro
|-damage|p1a: Slowbro|195\/394
|
|turn|18
|
|move|p2a: Lopunny|Retaliate|p1a: Slowbro
|-damage|p1a: Slowbro|96\/394
|move|p1a: Slowbro|Slack Off|p1a: Slowbro
|-heal|p1a: Slowbro|293\/394
|
|turn|19
|
|move|p2a: Lopunny|Retaliate|p1a: Slowbro
|-damage|p1a: Slowbro|199\/394
|move|p1a: Slowbro|Scald|p2a: Lopunny
|-damage|p2a: Lopunny|181\/271
|
|turn|20
|
|switch|p2a: Landorus-Therian|Landorus-Therian, M, shiny|170\/382
|-ability|p2a: Landorus-Therian|Intimidate|[of] p1a: Slowbro
|-unboost|p1a: Slowbro|atk|1
|move|p1a: Slowbro|Scald|p2a: Landorus-Therian
|-supereffective|p2a: Landorus-Therian
|-damage|p2a: Landorus-Therian|0 fnt
|faint|p2a: Landorus-Therian
|
|
|switch|p2a: Lopunny|Lopunny-Mega, F|181\/271
|turn|21
|
|switch|p1a: Excadrill|Excadrill, F|420\/420
|-ability|p1a: Excadrill|Mold Breaker
|move|p2a: Lopunny|Retaliate|p1a: Excadrill
|-crit|p1a: Excadrill
|-resisted|p1a: Excadrill
|-damage|p1a: Excadrill|77\/420
|
|-heal|p1a: Excadrill|103\/420|[from] item: Leftovers
|turn|22
|c|★IggyRoselia|stop criting with retaliate
|
|switch|p1a: Slowbro|Slowbro, M, shiny|330\/394
|move|p2a: Lopunny|Retaliate|p1a: Slowbro
|-damage|p1a: Slowbro|233\/394
|
|turn|23
|
|switch|p2a: Bisharp|Bisharp, M|41\/272 brn
|move|p1a: Slowbro|Scald|p2a: Bisharp
|-damage|p2a: Bisharp|0 fnt
|faint|p2a: Bisharp
|
|
|switch|p2a: Lopunny|Lopunny-Mega, F|181\/271
|turn|24
|
|switch|p1a: Excadrill|Excadrill, F|103\/420
|-ability|p1a: Excadrill|Mold Breaker
|move|p2a: Lopunny|Retaliate|p1a: Excadrill
|-resisted|p1a: Excadrill
|-damage|p1a: Excadrill|0 fnt
|faint|p1a: Excadrill
|
|
|switch|p1a: Slowbro|Slowbro, M, shiny|364\/394
|turn|25
|
|switch|p2a: Gengar|Gengar, F, shiny|261\/261 slp
|detailschange|p1a: Slowbro|Slowbro-Mega, M, shiny
|-mega|p1a: Slowbro|Slowbro|Slowbronite
|move|p1a: Slowbro|Calm Mind|p1a: Slowbro
|-boost|p1a: Slowbro|spa|1
|-boost|p1a: Slowbro|spd|1
|
|turn|26
|
|cant|p2a: Gengar|slp
|move|p1a: Slowbro|Scald|p2a: Gengar
|-damage|p2a: Gengar|38\/261 slp
|
|turn|27
|
|-curestatus|p2a: Gengar|slp
|move|p2a: Gengar|Shadow Ball|p1a: Slowbro
|-supereffective|p1a: Slowbro
|-damage|p1a: Slowbro|68\/394
|move|p1a: Slowbro|Scald|p2a: Gengar
|-damage|p2a: Gengar|0 fnt
|faint|p2a: Gengar
|
|
|switch|p2a: Lopunny|Lopunny-Mega, F|181\/271
|turn|28
|
|move|p2a: Lopunny|Retaliate|p1a: Slowbro
|-damage|p1a: Slowbro|0 fnt
|faint|p1a: Slowbro
|
|c|★IggyRoselia|fist turn wake up
|
|switch|p1a: Azumarill|Azumarill, F|341\/341
|turn|29
|
|move|p2a: Lopunny|High Jump Kick|p1a: Azumarill
|-resisted|p1a: Azumarill
|-damage|p1a: Azumarill|185\/341
|move|p1a: Azumarill|Belly Drum|p1a: Azumarill
|-damage|p1a: Azumarill|15\/341
|-setboost|p1a: Azumarill|atk|6|[from] move: Belly Drum
|-enditem|p1a: Azumarill|Sitrus Berry|[eat]
|-heal|p1a: Azumarill|100\/341|[from] item: Sitrus Berry
|
|turn|30
|
|switch|p2a: Victini|Victini|341\/341
|move|p1a: Azumarill|Aqua Jet|p2a: Victini
|-supereffective|p2a: Victini
|-damage|p2a: Victini|0 fnt
|faint|p2a: Victini
|
|
|switch|p2a: Lopunny|Lopunny-Mega, F|181\/271
|turn|31
|
|move|p2a: Lopunny|Fake Out|p1a: Azumarill
|-damage|p1a: Azumarill|0 fnt
|faint|p1a: Azumarill
|
|c|★IggyRoselia|missplayed this soooo much
|-message|IggyRoselia forfeited.
|
|win|AnarionV
|raw|Ladder updating...
|raw|IggyRoselia's rating: 1543 &rarr; <strong>1523<\/strong><br \/>(-20 for losing)
|raw|AnarionV's rating: 1536 &rarr; <strong>1557<\/strong><br \/>(+21 for winning)
|leave|IggyRoselia
|player|p1