|join|flashy 2056
|join|qwazz
|player|p1|flashy 2056|265
|player|p2|qwazz|265
|gametype|singles
|gen|6
|tier|OU
|clearpoke
|poke|p1|Slowbro, M
|poke|p1|Roserade, M
|poke|p1|Sylveon, M
|poke|p1|Dragonite, M
|poke|p1|Excadrill, M
|poke|p1|Porygon2
|poke|p2|Celebi
|poke|p2|Camerupt, F
|poke|p2|Azumarill, M
|poke|p2|Tyranitar, M
|poke|p2|Skarmory, M
|poke|p2|Keldeo
|rule|Swagger Clause: Swagger is banned
|rule|Baton Pass Clause: Limit one Pokémon knowing Baton Pass
|rule|Sleep Clause Mod: Limit one foe put to sleep
|rule|Species Clause: Limit one of each Pokémon
|rule|OHKO Clause: OHKO moves are banned
|rule|Moody Clause: Moody is banned
|rule|Evasion Moves Clause: Evasion moves are banned
|rule|Endless Battle Clause: Forcing endless battles is banned
|rule|HP Percentage Mod: HP is shown in percentages
|teampreview
|c|★flashy 2056|I like the mega camarupt team
|
|start
|switch|p1a: Duh|Slowbro, M|393\/393
|switch|p2a: Celebi|Celebi|404\/404
|turn|1
|
|switch|p1a: Dragonite|Dragonite, M|386\/386
|move|p2a: Celebi|Substitute|p2a: Celebi
|-start|p2a: Celebi|Substitute
|-damage|p2a: Celebi|303\/404
|
|-heal|p2a: Celebi|328\/404|[from] item: Leftovers
|turn|2
|
|move|p2a: Celebi|Baton Pass|p2a: Celebi
|
|switch|p2a: Azumarill|Azumarill, M|342\/342
|move|p1a: Dragonite|Substitute|p1a: Dragonite
|-start|p1a: Dragonite|Substitute
|-damage|p1a: Dragonite|290\/386
|
|-heal|p1a: Dragonite|314\/386|[from] item: Leftovers
|turn|3
|
|move|p1a: Dragonite|Extreme Speed|p2a: Azumarill
|-activate|p2a: Azumarill|Substitute|[damage]
|move|p2a: Azumarill|Play Rough|p1a: Dragonite
|-supereffective|p1a: Dragonite
|-end|p1a: Dragonite|Substitute
|
|-heal|p1a: Dragonite|338\/386|[from] item: Leftovers
|turn|4
|
|switch|p1a: Duh|Slowbro, M|393\/393
|move|p2a: Azumarill|Play Rough|p1a: Duh
|-damage|p1a: Duh|264\/393
|
|-heal|p1a: Duh|288\/393|[from] item: Leftovers
|turn|5
|
|move|p2a: Azumarill|Play Rough|p1a: Duh
|-crit|p1a: Duh
|-damage|p1a: Duh|74\/393
|move|p1a: Duh|Scald|p2a: Azumarill
|-resisted|p2a: Azumarill
|-end|p2a: Azumarill|Substitute
|
|-heal|p1a: Duh|98\/393|[from] item: Leftovers
|turn|6
|
|move|p1a: Duh|Protect|p1a: Duh
|-singleturn|p1a: Duh|Protect
|move|p2a: Azumarill|Play Rough|p1a: Duh
|-activate|p1a: Duh|Protect
|
|-heal|p1a: Duh|122\/393|[from] item: Leftovers
|turn|7
|join|Raset
|
|switch|p1a: Excadrill|Excadrill, M|424\/424
|-ability|p1a: Excadrill|Mold Breaker
|-item|p1a: Excadrill|Air Balloon
|move|p2a: Azumarill|Play Rough|p1a: Excadrill
|-resisted|p1a: Excadrill
|-damage|p1a: Excadrill|328\/424
|-enditem|p1a: Excadrill|Air Balloon
|
|turn|8
|
|switch|p1a: Duh|Slowbro, M|253\/393
|switch|p2a: Skarmory|Skarmory, M|334\/334
|
|-heal|p1a: Duh|277\/393|[from] item: Leftovers
|turn|9
|
|switch|p2a: Celebi|Celebi|328\/404
|move|p1a: Duh|Scald|p2a: Celebi
|-resisted|p2a: Celebi
|-damage|p2a: Celebi|286\/404
|
|-heal|p2a: Celebi|311\/404|[from] item: Leftovers
|-heal|p1a: Duh|301\/393|[from] item: Leftovers
|turn|10
|
|switch|p1a: Roserade|Roserade, M|323\/323
|move|p2a: Celebi|Substitute|p2a: Celebi
|-start|p2a: Celebi|Substitute
|-damage|p2a: Celebi|210\/404
|
|-heal|p2a: Celebi|235\/404|[from] item: Leftovers
|turn|11
|
|move|p2a: Celebi|Baton Pass|p2a: Celebi
|
|switch|p2a: Camerupt|Camerupt, F|344\/344
|move|p1a: Roserade|Sludge Bomb|p2a: Camerupt
|-resisted|p2a: Camerupt
|-activate|p2a: Camerupt|Substitute|[damage]
|
|turn|12
|
|switch|p1a: Sylveon|Sylveon, M|393\/393
|detailschange|p2a: Camerupt|Camerupt-Mega, F
|message|Camerupt has Mega Evolved into Mega Camerupt!
|move|p2a: Camerupt|Flamethrower|p1a: Sylveon
|-damage|p1a: Sylveon|251\/393
|
|turn|13
|
|move|p1a: Sylveon|Wish|p1a: Sylveon
|move|p2a: Camerupt|Fire Blast|p1a: Sylveon
|-damage|p1a: Sylveon|83\/393
|
|turn|14
|
|switch|p1a: Dragonite|Dragonite, M|338\/386
|move|p2a: Camerupt|Flamethrower|p1a: Dragonite
|-resisted|p1a: Dragonite
|-damage|p1a: Dragonite|245\/386
|
|-heal|p1a: Dragonite|386\/386|[from] move: Wish|[wisher] Sylveon
|turn|15
|
|move|p1a: Dragonite|Substitute|p1a: Dragonite
|-start|p1a: Dragonite|Substitute
|-damage|p1a: Dragonite|290\/386
|move|p2a: Camerupt|Ancient Power|p1a: Dragonite
|-supereffective|p1a: Dragonite
|-end|p1a: Dragonite|Substitute
|
|-heal|p1a: Dragonite|314\/386|[from] item: Leftovers
|turn|16
|
|switch|p1a: Porygon2|Porygon2|374\/374
|-ability|p1a: Porygon2|Sheer Force|[from] ability: Trace|[of] p2a: Camerupt
|move|p2a: Camerupt|Ancient Power|p1a: Porygon2
|-damage|p1a: Porygon2|318\/374
|
|turn|17
|
|move|p1a: Porygon2|Ice Beam|p2a: Camerupt
|-end|p2a: Camerupt|Substitute
|move|p2a: Camerupt|Flamethrower|p1a: Porygon2
|-damage|p1a: Porygon2|198\/374
|
|turn|18
|
|switch|p2a: Keldeo|Keldeo|323\/323
|move|p1a: Porygon2|Toxic|p2a: Keldeo
|-status|p2a: Keldeo|tox
|
|-damage|p2a: Keldeo|303\/323 tox|[from] psn
|turn|19
|
|switch|p1a: Roserade|Roserade, M|323\/323
|move|p2a: Keldeo|Secret Sword|p1a: Roserade
|-resisted|p1a: Roserade
|-damage|p1a: Roserade|208\/323
|
|-heal|p1a: Roserade|228\/323|[from] item: Black Sludge
|-damage|p2a: Keldeo|263\/323 tox|[from] psn
|turn|20
|
|switch|p2a: Skarmory|Skarmory, M|334\/334
|move|p1a: Roserade|Sludge Bomb|p2a: Skarmory
|-immune|p2a: Skarmory|[msg]
|
|-heal|p1a: Roserade|248\/323|[from] item: Black Sludge
|turn|21
|
|switch|p1a: Excadrill|Excadrill, M|328\/424
|-ability|p1a: Excadrill|Mold Breaker
|move|p2a: Skarmory|Stealth Rock|p1a: Excadrill
|-sidestart|p1: flashy 2056|move: Stealth Rock
|
|turn|22
|
|switch|p2a: Celebi|Celebi|235\/404
|move|p1a: Excadrill|Stealth Rock|p2a: Celebi
|-sidestart|p2: qwazz|move: Stealth Rock
|
|-heal|p2a: Celebi|260\/404|[from] item: Leftovers
|turn|23
|
|switch|p1a: Roserade|Roserade, M|248\/323
|-damage|p1a: Roserade|208\/323|[from] Stealth Rock
|move|p2a: Celebi|Recover|p2a: Celebi
|-heal|p2a: Celebi|404\/404
|
|-heal|p1a: Roserade|228\/323|[from] item: Black Sludge
|turn|24
|
|switch|p2a: Camerupt|Camerupt-Mega, F|344\/344
|-damage|p2a: Camerupt|301\/344|[from] Stealth Rock
|move|p1a: Roserade|Sludge Bomb|p2a: Camerupt
|-resisted|p2a: Camerupt
|-damage|p2a: Camerupt|241\/344
|
|-heal|p1a: Roserade|248\/323|[from] item: Black Sludge
|turn|25
|
|move|p1a: Roserade|Petal Blizzard|p2a: Camerupt
|-damage|p2a: Camerupt|166\/344
|move|p2a: Camerupt|Flamethrower|p1a: Roserade
|-supereffective|p1a: Roserade
|-damage|p1a: Roserade|0 fnt
|faint|p1a: Roserade
|
|
|switch|p1a: Excadrill|Excadrill, M|328\/424
|-damage|p1a: Excadrill|315\/424|[from] Stealth Rock
|-ability|p1a: Excadrill|Mold Breaker
|turn|26
|
|switch|p2a: Keldeo|Keldeo|263\/323 tox
|-damage|p2a: Keldeo|243\/323 tox|[from] Stealth Rock
|move|p1a: Excadrill|Rapid Spin|p2a: Keldeo
|-damage|p2a: Keldeo|220\/323 tox
|-sideend|p1: flashy 2056|Stealth Rock|[from] move: Rapid Spin|[of] p1a: Excadrill
|
|-damage|p2a: Keldeo|200\/323 tox|[from] psn
|turn|27
|
|move|p2a: Keldeo|Scald|p1a: Excadrill
|-supereffective|p1a: Excadrill
|-damage|p1a: Excadrill|0 fnt
|faint|p1a: Excadrill
|
|-damage|p2a: Keldeo|160\/323 tox|[from] psn
|
|switch|p1a: Duh|Slowbro, M|393\/393
|turn|28
|
|move|p2a: Keldeo|Scald|p1a: Duh
|-resisted|p1a: Duh
|-damage|p1a: Duh|308\/393
|move|p1a: Duh|Flamethrower|p2a: Keldeo
|-resisted|p2a: Keldeo
|-damage|p2a: Keldeo|121\/323 tox
|
|-heal|p1a: Duh|332\/393|[from] item: Leftovers
|-damage|p2a: Keldeo|61\/323 tox|[from] psn
|turn|29
|
|switch|p2a: Celebi|Celebi|404\/404
|-damage|p2a: Celebi|354\/404|[from] Stealth Rock
|move|p1a: Duh|Protect|p1a: Duh
|-fail|p1a: Duh
|
|-heal|p2a: Celebi|379\/404|[from] item: Leftovers
|-heal|p1a: Duh|356\/393|[from] item: Leftovers
|turn|30
|
|switch|p1a: Porygon2|Porygon2|198\/374
|-ability|p1a: Porygon2|Natural Cure|[from] ability: Trace|[of] p2a: Celebi
|move|p2a: Celebi|Substitute|p2a: Celebi
|-start|p2a: Celebi|Substitute
|-damage|p2a: Celebi|278\/404
|
|-heal|p2a: Celebi|303\/404|[from] item: Leftovers
|turn|31
|
|move|p2a: Celebi|Baton Pass|p2a: Celebi
|
|switch|p2a: Azumarill|Azumarill, M|342\/342
|-damage|p2a: Azumarill|300\/342|[from] Stealth Rock
|move|p1a: Porygon2|Recover|p1a: Porygon2
|-heal|p1a: Porygon2|374\/374
|
|turn|32
|
|move|p2a: Azumarill|Belly Drum|p2a: Azumarill
|-damage|p2a: Azumarill|129\/342
|-setboost|p2a: Azumarill|atk|6|[from] move: Belly Drum
|-enditem|p2a: Azumarill|Sitrus Berry|[eat]
|-heal|p2a: Azumarill|214\/342|[from] item: Sitrus Berry
|move|p1a: Porygon2|Charge Beam|p2a: Azumarill
|-supereffective|p2a: Azumarill
|-activate|p2a: Azumarill|Substitute|[damage]
|
|turn|33
|
|move|p2a: Azumarill|Play Rough|p1a: Porygon2
|-damage|p1a: Porygon2|0 fnt
|faint|p1a: Porygon2
|
|
|switch|p1a: Duh|Slowbro, M|393\/393
|turn|34
|
|move|p2a: Azumarill|Play Rough|p1a: Duh|[miss]
|-miss|p2a: Azumarill|p1a: Duh
|move|p1a: Duh|Scald|p2a: Azumarill
|-resisted|p2a: Azumarill
|-end|p2a: Azumarill|Substitute
|
|turn|35
|
|move|p2a: Azumarill|Play Rough|p1a: Duh
|-damage|p1a: Duh|0 fnt
|faint|p1a: Duh
|
|c|★flashy 2056|this team is amazing
|c|★flashy 2056|I mean yours
|
|switch|p1a: Dragonite|Dragonite, M|314\/386
|turn|36
|
|move|p1a: Dragonite|Extreme Speed|p2a: Azumarill
|-damage|p2a: Azumarill|128\/342
|move|p2a: Azumarill|Play Rough|p1a: Dragonite
|-supereffective|p1a: Dragonite
|-damage|p1a: Dragonite|0 fnt
|faint|p1a: Dragonite
|
|
|switch|p1a: Sylveon|Sylveon, M|83\/393
|turn|37
|c|★flashy 2056|gg
|
|move|p1a: Sylveon|Protect|p1a: Sylveon
|-singleturn|p1a: Sylveon|Protect
|move|p2a: Azumarill|Aqua Jet|p1a: Sylveon
|-activate|p1a: Sylveon|Protect
|
|turn|38
|
|move|p2a: Azumarill|Aqua Jet|p1a: Sylveon|[miss]
|-miss|p2a: Azumarill|p1a: Sylveon
|move|p1a: Sylveon|Wish|p1a: Sylveon
|
|turn|39
|
|move|p2a: Azumarill|Aqua Jet|p1a: Sylveon
|-crit|p1a: Sylveon
|-damage|p1a: Sylveon|0 fnt
|faint|p1a: Sylveon
|
|win|qwazz
|leave|flashy 2056
|player|p1
|join|Nedor
|leave|Nedor