|join|Qwazz
|join|Chillingtilnoon
|player|p1|Qwazz|169
|player|p2|Chillingtilnoon|237
|gametype|singles
|gen|6
|tier|OU
|clearpoke
|poke|p1|Heracross, F
|poke|p1|Tyranitar, F
|poke|p1|Talonflame, M
|poke|p1|Excadrill, F
|poke|p1|Celebi
|poke|p1|Rotom-Wash
|poke|p2|Manectric, F
|poke|p2|Talonflame, M
|poke|p2|Starmie
|poke|p2|Amoonguss, M
|poke|p2|Jirachi
|poke|p2|Hippowdon, M
|rule|Swagger Clause: Swagger is banned
|rule|Baton Pass Clause: Limit one Pokémon knowing Baton Pass
|rule|Sleep Clause Mod: Limit one foe put to sleep
|rule|Species Clause: Limit one of each Pokémon
|rule|OHKO Clause: OHKO moves are banned
|rule|Moody Clause: Moody is banned
|rule|Evasion Moves Clause: Evasion moves are banned
|rule|Endless Battle Clause: Forcing endless battles is banned
|rule|HP Percentage Mod: HP is shown in percentages
|teampreview
|c|★Chillingtilnoon|gl
|
|start
|switch|p1a: Tyranitar|Tyranitar, F|341\/341
|switch|p2a: Manectric|Manectric, F|281\/281
|-weather|Sandstorm
|turn|1
|
|detailschange|p2a: Manectric|Manectric-Mega, F
|-mega|p2a: Manectric|Manectric|Manectite
|-ability|p2a: Manectric|Intimidate|[of] p1a: Tyranitar
|-unboost|p1a: Tyranitar|atk|1
|move|p1a: Tyranitar|Crunch|p2a: Manectric
|-damage|p2a: Manectric|158\/281
|move|p2a: Manectric|Volt Switch|p1a: Tyranitar
|-damage|p1a: Tyranitar|241\/341
|
|switch|p2a: Hippowdon|Hippowdon, M|420\/420
|
|-weather|Sandstorm|[upkeep]
|turn|2
|
|switch|p1a: Celebi|Celebi|403\/403
|move|p2a: Hippowdon|Stealth Rock|p1a: Celebi
|-sidestart|p1: Qwazz|move: Stealth Rock
|
|-weather|Sandstorm|[upkeep]
|-damage|p1a: Celebi|378\/403|[from] sandstorm
|-heal|p1a: Celebi|403\/403|[from] item: Leftovers
|turn|3
|join|Aviation
|
|switch|p2a: Jirachi|Jirachi|401\/401
|move|p1a: Celebi|Stealth Rock|p2a: Jirachi
|-sidestart|p2: Chillingtilnoon|move: Stealth Rock
|
|-weather|Sandstorm|[upkeep]
|-damage|p1a: Celebi|378\/403|[from] sandstorm
|-heal|p1a: Celebi|403\/403|[from] item: Leftovers
|turn|4
|join|Sting c=
|
|move|p1a: Celebi|Baton Pass|p1a: Celebi
|c|★Chillingtilnoon|fast
|c|★Chillingtilnoon|damn
|
|switch|p1a: Rotom-Wash|Rotom-Wash|303\/303
|-damage|p1a: Rotom-Wash|266\/303|[from] Stealth Rock
|move|p2a: Jirachi|Iron Head|p1a: Rotom-Wash
|-resisted|p1a: Rotom-Wash
|-damage|p1a: Rotom-Wash|247\/303
|
|-weather|Sandstorm|[upkeep]
|-damage|p1a: Rotom-Wash|229\/303|[from] sandstorm
|-heal|p1a: Rotom-Wash|247\/303|[from] item: Leftovers
|turn|5
|
|move|p2a: Jirachi|Substitute|p2a: Jirachi
|-start|p2a: Jirachi|Substitute
|-damage|p2a: Jirachi|301\/401
|move|p1a: Rotom-Wash|Will-O-Wisp|p2a: Jirachi
|
|-weather|none
|-heal|p2a: Jirachi|326\/401|[from] item: Leftovers
|-heal|p1a: Rotom-Wash|265\/303|[from] item: Leftovers
|turn|6
|
|switch|p1a: Excadrill|Excadrill, F|361\/361
|-damage|p1a: Excadrill|350\/361|[from] Stealth Rock
|-item|p1a: Excadrill|Air Balloon
|move|p2a: Jirachi|Toxic|p1a: Excadrill
|-fail|p1a: Excadrill
|
|-heal|p2a: Jirachi|351\/401|[from] item: Leftovers
|turn|7
|
|move|p1a: Excadrill|Earthquake|p2a: Jirachi
|-supereffective|p2a: Jirachi
|-end|p2a: Jirachi|Substitute
|move|p2a: Jirachi|Iron Head|p1a: Excadrill
|-resisted|p1a: Excadrill
|-damage|p1a: Excadrill|263\/361
|-enditem|p1a: Excadrill|Air Balloon
|
|-heal|p2a: Jirachi|376\/401|[from] item: Leftovers
|turn|8
|
|move|p1a: Excadrill|Earthquake|p2a: Jirachi
|-crit|p2a: Jirachi
|-supereffective|p2a: Jirachi
|-damage|p2a: Jirachi|0 fnt
|faint|p2a: Jirachi
|
|
|switch|p2a: Hippowdon|Hippowdon, M|420\/420
|-damage|p2a: Hippowdon|394\/420|[from] Stealth Rock
|-weather|Sandstorm
|turn|9
|
|switch|p1a: Rotom-Wash|Rotom-Wash|265\/303
|-damage|p1a: Rotom-Wash|228\/303|[from] Stealth Rock
|move|p2a: Hippowdon|Earthquake|p1a: Rotom-Wash
|-immune|p1a: Rotom-Wash|[msg]
|
|-weather|Sandstorm|[upkeep]
|-damage|p1a: Rotom-Wash|210\/303|[from] sandstorm
|-heal|p1a: Rotom-Wash|228\/303|[from] item: Leftovers
|-heal|p2a: Hippowdon|420\/420|[from] item: Leftovers
|turn|10
|
|switch|p2a: Amoonguss|Amoonguss, M|430\/430
|-damage|p2a: Amoonguss|377\/430|[from] Stealth Rock
|move|p1a: Rotom-Wash|Will-O-Wisp|p2a: Amoonguss
|-status|p2a: Amoonguss|brn
|
|-weather|Sandstorm|[upkeep]
|-damage|p1a: Rotom-Wash|210\/303|[from] sandstorm
|-damage|p2a: Amoonguss|351\/430 brn|[from] sandstorm
|-heal|p1a: Rotom-Wash|228\/303|[from] item: Leftovers
|-heal|p2a: Amoonguss|377\/430 brn|[from] item: Black Sludge
|-damage|p2a: Amoonguss|324\/430 brn|[from] brn
|turn|11
|join|ThePokeBattler14
|
|move|p1a: Rotom-Wash|Volt Switch|p2a: Amoonguss
|-resisted|p2a: Amoonguss
|-damage|p2a: Amoonguss|278\/430 brn
|
|switch|p1a: Celebi|Celebi|403\/403
|-damage|p1a: Celebi|353\/403|[from] Stealth Rock
|move|p2a: Amoonguss|Spore|p1a: Celebi
|-fail|p1a: Celebi
|
|-weather|Sandstorm|[upkeep]
|-damage|p1a: Celebi|328\/403|[from] sandstorm
|-damage|p2a: Amoonguss|252\/430 brn|[from] sandstorm
|-heal|p1a: Celebi|353\/403|[from] item: Leftovers
|-heal|p2a: Amoonguss|278\/430 brn|[from] item: Black Sludge
|-damage|p2a: Amoonguss|225\/430 brn|[from] brn
|turn|12
|
|switch|p2a: Hippowdon|Hippowdon, M|420\/420
|-damage|p2a: Hippowdon|394\/420|[from] Stealth Rock
|move|p1a: Celebi|Baton Pass|p1a: Celebi
|join|Alvadora
|
|switch|p1a: Heracross|Heracross, F|311\/311
|-damage|p1a: Heracross|273\/311|[from] Stealth Rock
|
|-weather|Sandstorm|[upkeep]
|-damage|p1a: Heracross|254\/311|[from] sandstorm
|-heal|p2a: Hippowdon|420\/420|[from] item: Leftovers
|turn|13
|
|switch|p2a: Amoonguss|Amoonguss, M|368\/430 brn
|-damage|p2a: Amoonguss|315\/430 brn|[from] Stealth Rock
|detailschange|p1a: Heracross|Heracross-Mega, F
|-mega|p1a: Heracross|Heracross|Heracronite
|move|p1a: Heracross|Pin Missile|p2a: Amoonguss|[miss]
|-miss|p1a: Heracross|p2a: Amoonguss
|
|-weather|none
|-heal|p2a: Amoonguss|341\/430 brn|[from] item: Black Sludge
|-damage|p2a: Amoonguss|288\/430 brn|[from] brn
|turn|14
|
|move|p1a: Heracross|Pin Missile|p2a: Amoonguss
|-damage|p2a: Amoonguss|219\/430 brn
|-damage|p2a: Amoonguss|150\/430 brn
|-damage|p2a: Amoonguss|87\/430 brn
|-crit|p2a: Amoonguss
|-damage|p2a: Amoonguss|0 fnt
|-hitcount|p2a: Amoonguss|4
|faint|p2a: Amoonguss
|
|
|switch|p2a: Talonflame|Talonflame, M|319\/319
|-damage|p2a: Talonflame|160\/319|[from] Stealth Rock
|turn|15
|join|AdityaKhuntia
|
|switch|p1a: Tyranitar|Tyranitar, F|241\/341
|-damage|p1a: Tyranitar|199\/341|[from] Stealth Rock
|-weather|Sandstorm
|move|p2a: Talonflame|Swords Dance|p2a: Talonflame
|-boost|p2a: Talonflame|atk|2
|
|-weather|Sandstorm|[upkeep]
|-damage|p2a: Talonflame|141\/319|[from] sandstorm
|turn|16
|leave|AdityaKhuntia
|c|★Chillingtilnoon|plz fren
|
|move|p1a: Tyranitar|Pursuit|p2a: Talonflame
|-damage|p2a: Talonflame|38\/319
|-status|p1a: Tyranitar|brn
|-enditem|p2a: Talonflame|Liechi Berry|[eat]
|-boost|p2a: Talonflame|atk|1|[from] item: Liechi Berry
|move|p2a: Talonflame|Natural Gift|p1a: Tyranitar
|-fail|p1a: Tyranitar
|
|-weather|Sandstorm|[upkeep]
|-damage|p2a: Talonflame|19\/319|[from] sandstorm
|-damage|p1a: Tyranitar|157\/341 brn|[from] brn
|turn|17
|c|★Chillingtilnoon|mu too stronk
|c|★Chillingtilnoon|im dumb
|c|★Chillingtilnoon|:(
|c|★Chillingtilnoon|lol not gale wings
|
|move|p1a: Tyranitar|Pursuit|p2a: Talonflame
|-damage|p2a: Talonflame|0 fnt
|faint|p2a: Talonflame
|
|-weather|Sandstorm|[upkeep]
|-damage|p1a: Tyranitar|115\/341 brn|[from] brn
|
|switch|p2a: Hippowdon|Hippowdon, M|420\/420
|-damage|p2a: Hippowdon|394\/420|[from] Stealth Rock
|turn|18
|
|switch|p1a: Rotom-Wash|Rotom-Wash|228\/303
|-damage|p1a: Rotom-Wash|191\/303|[from] Stealth Rock
|move|p2a: Hippowdon|Earthquake|p1a: Rotom-Wash
|-immune|p1a: Rotom-Wash|[msg]
|
|-weather|Sandstorm|[upkeep]
|-damage|p1a: Rotom-Wash|173\/303|[from] sandstorm
|-heal|p1a: Rotom-Wash|191\/303|[from] item: Leftovers
|-heal|p2a: Hippowdon|420\/420|[from] item: Leftovers
|turn|19
|leave|ThePokeBattler14
|
|move|p1a: Rotom-Wash|Volt Switch|p2a: Hippowdon
|-immune|p2a: Hippowdon|[msg]
|move|p2a: Hippowdon|Ice Fang|p1a: Rotom-Wash
|-resisted|p1a: Rotom-Wash
|-damage|p1a: Rotom-Wash|170\/303
|
|-weather|none
|-heal|p1a: Rotom-Wash|188\/303|[from] item: Leftovers
|turn|20
|
|switch|p2a: Starmie|Starmie|323\/323
|-damage|p2a: Starmie|283\/323|[from] Stealth Rock
|move|p1a: Rotom-Wash|Will-O-Wisp|p2a: Starmie
|-status|p2a: Starmie|brn
|
|-heal|p2a: Starmie|303\/323 brn|[from] item: Leftovers
|-heal|p1a: Rotom-Wash|206\/303|[from] item: Leftovers
|-damage|p2a: Starmie|263\/323 brn|[from] brn
|turn|21
|
|move|p2a: Starmie|Reflect Type|p1a: Rotom-Wash
|-start|p2a: Starmie|typechange|[from] move: Reflect Type|[of] p1a: Rotom-Wash
|move|p1a: Rotom-Wash|Volt Switch|p2a: Starmie
|-damage|p2a: Starmie|160\/323 brn
|
|switch|p1a: Tyranitar|Tyranitar, F|115\/341 brn
|-damage|p1a: Tyranitar|73\/341 brn|[from] Stealth Rock
|-weather|Sandstorm
|
|-weather|Sandstorm|[upkeep]
|-damage|p2a: Starmie|140\/323 brn|[from] sandstorm
|-heal|p2a: Starmie|160\/323 brn|[from] item: Leftovers
|-damage|p1a: Tyranitar|31\/341 brn|[from] brn
|-damage|p2a: Starmie|120\/323 brn|[from] brn
|turn|22
|c|★Chillingtilnoon|this team is awful lol
|
|move|p1a: Tyranitar|Crunch|p2a: Starmie
|-damage|p2a: Starmie|35\/323 brn
|move|p2a: Starmie|Recover|p2a: Starmie
|-heal|p2a: Starmie|197\/323 brn
|
|-weather|Sandstorm|[upkeep]
|-damage|p2a: Starmie|177\/323 brn|[from] sandstorm
|-heal|p2a: Starmie|197\/323 brn|[from] item: Leftovers
|-damage|p1a: Tyranitar|0 fnt|[from] brn
|-damage|p2a: Starmie|157\/323 brn|[from] brn
|faint|p1a: Tyranitar
|
|switch|p1a: Excadrill|Excadrill, F|263\/361
|-damage|p1a: Excadrill|252\/361|[from] Stealth Rock
|turn|23
|
|switch|p2a: Hippowdon|Hippowdon, M|420\/420
|-damage|p2a: Hippowdon|394\/420|[from] Stealth Rock
|move|p1a: Excadrill|Earthquake|p2a: Hippowdon
|-damage|p2a: Hippowdon|229\/420
|
|-weather|Sandstorm|[upkeep]
|-heal|p2a: Hippowdon|255\/420|[from] item: Leftovers
|turn|24
|
|switch|p2a: Manectric|Manectric-Mega, F|158\/281
|-damage|p2a: Manectric|123\/281|[from] Stealth Rock
|-ability|p2a: Manectric|Intimidate|[of] p1a: Excadrill
|-unboost|p1a: Excadrill|atk|1
|move|p1a: Excadrill|Iron Head|p2a: Manectric
|-resisted|p2a: Manectric
|-damage|p2a: Manectric|63\/281
|
|-weather|Sandstorm|[upkeep]
|-damage|p2a: Manectric|46\/281|[from] sandstorm
|turn|25
|
|switch|p2a: Hippowdon|Hippowdon, M|255\/420
|-damage|p2a: Hippowdon|229\/420|[from] Stealth Rock
|move|p1a: Excadrill|Earthquake|p2a: Hippowdon
|-damage|p2a: Hippowdon|121\/420
|
|-weather|none
|-heal|p2a: Hippowdon|147\/420|[from] item: Leftovers
|turn|26
|
|move|p1a: Excadrill|Iron Head|p2a: Hippowdon
|-damage|p2a: Hippowdon|63\/420
|move|p2a: Hippowdon|Slack Off|p2a: Hippowdon
|-heal|p2a: Hippowdon|273\/420
|
|-heal|p2a: Hippowdon|299\/420|[from] item: Leftovers
|turn|27
|
|switch|p2a: Starmie|Starmie|157\/323
|-damage|p2a: Starmie|117\/323|[from] Stealth Rock
|move|p1a: Excadrill|Earthquake|p2a: Starmie
|-damage|p2a: Starmie|0 fnt
|faint|p2a: Starmie
|
|
|switch|p2a: Manectric|Manectric-Mega, F|46\/281
|-damage|p2a: Manectric|11\/281|[from] Stealth Rock
|-ability|p2a: Manectric|Intimidate|[of] p1a: Excadrill
|-unboost|p1a: Excadrill|atk|1
|turn|28
|
|move|p2a: Manectric|Overheat|p1a: Excadrill|[miss]
|-miss|p2a: Manectric|p1a: Excadrill
|move|p1a: Excadrill|Earthquake|p2a: Manectric
|-supereffective|p2a: Manectric
|-damage|p2a: Manectric|0 fnt
|faint|p2a: Manectric
|
|
|switch|p2a: Hippowdon|Hippowdon, M|299\/420
|-damage|p2a: Hippowdon|273\/420|[from] Stealth Rock
|-weather|Sandstorm
|turn|29
|
|switch|p1a: Rotom-Wash|Rotom-Wash|206\/303
|-damage|p1a: Rotom-Wash|169\/303|[from] Stealth Rock
|move|p2a: Hippowdon|Earthquake|p1a: Rotom-Wash
|-immune|p1a: Rotom-Wash|[msg]
|
|-weather|Sandstorm|[upkeep]
|-damage|p1a: Rotom-Wash|151\/303|[from] sandstorm
|-heal|p1a: Rotom-Wash|169\/303|[from] item: Leftovers
|-heal|p2a: Hippowdon|299\/420|[from] item: Leftovers
|turn|30
|
|move|p1a: Rotom-Wash|Hydro Pump|p2a: Hippowdon|[miss]
|-miss|p1a: Rotom-Wash|p2a: Hippowdon
|move|p2a: Hippowdon|Ice Fang|p1a: Rotom-Wash
|-resisted|p1a: Rotom-Wash
|-damage|p1a: Rotom-Wash|150\/303
|-status|p1a: Rotom-Wash|frz
|
|-weather|Sandstorm|[upkeep]
|-damage|p1a: Rotom-Wash|132\/303 frz|[from] sandstorm
|-heal|p1a: Rotom-Wash|150\/303 frz|[from] item: Leftovers
|-heal|p2a: Hippowdon|325\/420|[from] item: Leftovers
|turn|31
|
|cant|p1a: Rotom-Wash|frz
|move|p2a: Hippowdon|Ice Fang|p1a: Rotom-Wash
|-resisted|p1a: Rotom-Wash
|-damage|p1a: Rotom-Wash|129\/303 frz
|
|-weather|Sandstorm|[upkeep]
|-damage|p1a: Rotom-Wash|111\/303 frz|[from] sandstorm
|-heal|p1a: Rotom-Wash|129\/303 frz|[from] item: Leftovers
|-heal|p2a: Hippowdon|351\/420|[from] item: Leftovers
|turn|32
|c|★Chillingtilnoon|n
|c|★Chillingtilnoon|nb
|
|cant|p1a: Rotom-Wash|frz
|move|p2a: Hippowdon|Ice Fang|p1a: Rotom-Wash
|-resisted|p1a: Rotom-Wash
|-damage|p1a: Rotom-Wash|110\/303 frz
|
|-weather|Sandstorm|[upkeep]
|-damage|p1a: Rotom-Wash|92\/303 frz|[from] sandstorm
|-heal|p1a: Rotom-Wash|110\/303 frz|[from] item: Leftovers
|-heal|p2a: Hippowdon|377\/420|[from] item: Leftovers
|turn|33
|c| Alvadora|thecomeback?
|
|cant|p1a: Rotom-Wash|frz
|move|p2a: Hippowdon|Ice Fang|p1a: Rotom-Wash
|-resisted|p1a: Rotom-Wash
|-damage|p1a: Rotom-Wash|90\/303 frz
|
|-weather|none
|-heal|p1a: Rotom-Wash|108\/303 frz|[from] item: Leftovers
|-heal|p2a: Hippowdon|403\/420|[from] item: Leftovers
|turn|34
|
|cant|p1a: Rotom-Wash|frz
|move|p2a: Hippowdon|Ice Fang|p1a: Rotom-Wash
|-resisted|p1a: Rotom-Wash
|-damage|p1a: Rotom-Wash|89\/303 frz
|
|-heal|p1a: Rotom-Wash|107\/303 frz|[from] item: Leftovers
|-heal|p2a: Hippowdon|420\/420|[from] item: Leftovers
|turn|35
|
|cant|p1a: Rotom-Wash|frz
|move|p2a: Hippowdon|Ice Fang|p1a: Rotom-Wash
|-resisted|p1a: Rotom-Wash
|-damage|p1a: Rotom-Wash|88\/303 frz
|
|-heal|p1a: Rotom-Wash|106\/303 frz|[from] item: Leftovers
|turn|36
|
|cant|p1a: Rotom-Wash|frz
|move|p2a: Hippowdon|Ice Fang|p1a: Rotom-Wash
|-resisted|p1a: Rotom-Wash
|-damage|p1a: Rotom-Wash|87\/303 frz
|
|-heal|p1a: Rotom-Wash|105\/303 frz|[from] item: Leftovers
|turn|37
|
|cant|p1a: Rotom-Wash|frz
|move|p2a: Hippowdon|Ice Fang|p1a: Rotom-Wash
|-resisted|p1a: Rotom-Wash
|-damage|p1a: Rotom-Wash|86\/303 frz
|
|-heal|p1a: Rotom-Wash|104\/303 frz|[from] item: Leftovers
|turn|38
|
|cant|p1a: Rotom-Wash|frz
|move|p2a: Hippowdon|Ice Fang|p1a: Rotom-Wash
|-resisted|p1a: Rotom-Wash
|-damage|p1a: Rotom-Wash|85\/303 frz
|
|-heal|p1a: Rotom-Wash|103\/303 frz|[from] item: Leftovers
|turn|39
|
|-curestatus|p1a: Rotom-Wash|frz
|move|p1a: Rotom-Wash|Hydro Pump|p2a: Hippowdon|[miss]
|-miss|p1a: Rotom-Wash|p2a: Hippowdon
|move|p2a: Hippowdon|Ice Fang|p1a: Rotom-Wash
|-resisted|p1a: Rotom-Wash
|-damage|p1a: Rotom-Wash|82\/303
|
|-heal|p1a: Rotom-Wash|100\/303|[from] item: Leftovers
|turn|40
|c|★Chillingtilnoon|lol
|
|move|p1a: Rotom-Wash|Hydro Pump|p2a: Hippowdon
|-supereffective|p2a: Hippowdon
|-damage|p2a: Hippowdon|160\/420
|move|p2a: Hippowdon|Ice Fang|p1a: Rotom-Wash
|-resisted|p1a: Rotom-Wash
|-damage|p1a: Rotom-Wash|80\/303
|
|-heal|p1a: Rotom-Wash|98\/303|[from] item: Leftovers
|-heal|p2a: Hippowdon|186\/420|[from] item: Leftovers
|turn|41
|
|move|p1a: Rotom-Wash|Hydro Pump|p2a: Hippowdon|[miss]
|-miss|p1a: Rotom-Wash|p2a: Hippowdon
|move|p2a: Hippowdon|Ice Fang|p1a: Rotom-Wash
|-resisted|p1a: Rotom-Wash
|-damage|p1a: Rotom-Wash|78\/303
|
|-heal|p1a: Rotom-Wash|96\/303|[from] item: Leftovers
|-heal|p2a: Hippowdon|212\/420|[from] item: Leftovers
|turn|42
|
|move|p1a: Rotom-Wash|Hydro Pump|p2a: Hippowdon|[miss]
|-miss|p1a: Rotom-Wash|p2a: Hippowdon
|move|p2a: Hippowdon|Ice Fang|p1a: Rotom-Wash
|-resisted|p1a: Rotom-Wash
|-damage|p1a: Rotom-Wash|74\/303
|
|-heal|p1a: Rotom-Wash|92\/303|[from] item: Leftovers
|-heal|p2a: Hippowdon|238\/420|[from] item: Leftovers
|turn|43
|c|★Chillingtilnoon|\/me teaches rotom not to miss
|
|move|p1a: Rotom-Wash|Hydro Pump|p2a: Hippowdon
|-supereffective|p2a: Hippowdon
|-damage|p2a: Hippowdon|0 fnt
|faint|p2a: Hippowdon
|
|win|Qwazz
|c|★Chillingtilnoon|gg
|leave|Chillingtilnoon
|player|p2