|join|Qwazz
|join|FlyingSunray
|player|p1|Qwazz|169
|player|p2|FlyingSunray|288
|gametype|singles
|gen|6
|tier|OU
|clearpoke
|poke|p1|Charizard, F
|poke|p1|Gothitelle, F
|poke|p1|Scizor, F
|poke|p1|Sylveon, M
|poke|p1|Zapdos
|poke|p1|Hippowdon, F
|poke|p2|Medicham, F
|poke|p2|Bisharp, M
|poke|p2|Clefable, F
|poke|p2|Ferrothorn, M
|poke|p2|Excadrill, F
|poke|p2|Tyranitar, F
|rule|Swagger Clause: Swagger is banned
|rule|Baton Pass Clause: Limit one Pokémon knowing Baton Pass
|rule|Sleep Clause Mod: Limit one foe put to sleep
|rule|Species Clause: Limit one of each Pokémon
|rule|OHKO Clause: OHKO moves are banned
|rule|Moody Clause: Moody is banned
|rule|Evasion Moves Clause: Evasion moves are banned
|rule|Endless Battle Clause: Forcing endless battles is banned
|rule|HP Percentage Mod: HP is shown in percentages
|teampreview
|
|start
|switch|p1a: Charizard|Charizard, F|359\/359
|switch|p2a: Medicham|Medicham, F|262\/262
|turn|1
|
|detailschange|p1a: Charizard|Charizard-Mega-X, F
|-mega|p1a: Charizard|Charizard|Charizardite X
|detailschange|p2a: Medicham|Medicham-Mega, F
|-mega|p2a: Medicham|Medicham|Medichamite
|move|p2a: Medicham|Fake Out|p1a: Charizard
|-damage|p1a: Charizard|293\/359
|cant|p1a: Charizard|flinch
|
|turn|2
|
|move|p2a: Medicham|High Jump Kick|p1a: Charizard
|-crit|p1a: Charizard
|-damage|p1a: Charizard|0 fnt
|faint|p1a: Charizard
|
|
|switch|p1a: Gothitelle|Gothitelle, F|343\/343
|turn|3
|
|move|p1a: Gothitelle|Psychic|p2a: Medicham
|-damage|p2a: Medicham|156\/262
|move|p2a: Medicham|High Jump Kick|p1a: Gothitelle
|-resisted|p1a: Gothitelle
|-damage|p1a: Gothitelle|122\/343
|
|turn|4
|
|move|p1a: Gothitelle|Psychic|p2a: Medicham
|-damage|p2a: Medicham|39\/262
|move|p2a: Medicham|High Jump Kick|p1a: Gothitelle
|-resisted|p1a: Gothitelle
|-damage|p1a: Gothitelle|0 fnt
|faint|p1a: Gothitelle
|
|
|switch|p1a: Scizor|Scizor, F|343\/343
|turn|5
|
|move|p1a: Scizor|Pursuit|p2a: Medicham|[from]Pursuit
|-damage|p2a: Medicham|0 fnt
|faint|p2a: Medicham
|
|
|switch|p2a: Ferrothorn|Ferrothorn, M|351\/351
|turn|6
|
|switch|p1a: Zapdos|Zapdos|383\/383
|-ability|p1a: Zapdos|Pressure
|move|p2a: Ferrothorn|Stealth Rock|p1a: Zapdos
|-sidestart|p1: Qwazz|move: Stealth Rock
|
|turn|7
|
|move|p1a: Zapdos|Defog|p2a: Ferrothorn
|-unboost|p2a: Ferrothorn|evasion|1
|-sideend|p1: Qwazz|Stealth Rock|[from] move: Defog|[of] p1a: Zapdos
|move|p2a: Ferrothorn|Leech Seed|p1a: Zapdos
|-start|p1a: Zapdos|move: Leech Seed
|
|-damage|p1a: Zapdos|336\/383|[from] Leech Seed|[of] p2a: Ferrothorn
|turn|8
|
|switch|p2a: Clefable|Clefable, F|394\/394
|move|p1a: Zapdos|Thunderbolt|p2a: Clefable
|-damage|p2a: Clefable|276\/394
|
|-heal|p1a: Zapdos|359\/383|[from] item: Leftovers
|-heal|p2a: Clefable|300\/394|[from] item: Leftovers
|-damage|p1a: Zapdos|312\/383|[from] Leech Seed|[of] p2a: Clefable
|-heal|p2a: Clefable|347\/394|[silent]
|turn|9
|
|switch|p1a: Scizor|Scizor, F|343\/343
|move|p2a: Clefable|Wish|p2a: Clefable
|
|-heal|p2a: Clefable|371\/394|[from] item: Leftovers
|turn|10
|
|switch|p2a: Ferrothorn|Ferrothorn, M|351\/351
|move|p1a: Scizor|U-turn|p2a: Ferrothorn
|-damage|p2a: Ferrothorn|224\/351
|-damage|p1a: Scizor|301\/343|[from] ability: Iron Barbs|[of] p2a: Ferrothorn
|
|switch|p1a: Zapdos|Zapdos|312\/383
|-ability|p1a: Zapdos|Pressure
|
|-heal|p2a: Ferrothorn|351\/351|[from] move: Wish|[wisher] Clefable
|-heal|p1a: Zapdos|335\/383|[from] item: Leftovers
|turn|11
|
|switch|p2a: Tyranitar|Tyranitar, F|341\/341
|-weather|Sandstorm
|move|p1a: Zapdos|Thunderbolt|p2a: Tyranitar
|-damage|p2a: Tyranitar|260\/341
|
|-weather|Sandstorm|[upkeep]
|-damage|p1a: Zapdos|312\/383|[from] sandstorm
|-heal|p1a: Zapdos|335\/383|[from] item: Leftovers
|turn|12
|
|switch|p1a: Hippowdon|Hippowdon, F|416\/416
|move|p2a: Tyranitar|Fire Blast|p1a: Hippowdon
|-damage|p1a: Hippowdon|294\/416
|
|-weather|Sandstorm|[upkeep]
|-heal|p1a: Hippowdon|320\/416|[from] item: Leftovers
|turn|13
|
|move|p2a: Tyranitar|Stealth Rock|p1a: Hippowdon
|-sidestart|p1: Qwazz|move: Stealth Rock
|move|p1a: Hippowdon|Stealth Rock|p2a: Tyranitar
|-sidestart|p2: FlyingSunray|move: Stealth Rock
|
|-weather|Sandstorm|[upkeep]
|-heal|p1a: Hippowdon|346\/416|[from] item: Leftovers
|turn|14
|
|switch|p2a: Ferrothorn|Ferrothorn, M|351\/351
|-damage|p2a: Ferrothorn|330\/351|[from] Stealth Rock
|move|p1a: Hippowdon|Earthquake|p2a: Ferrothorn
|-damage|p2a: Ferrothorn|254\/351
|
|-weather|Sandstorm|[upkeep]
|-heal|p1a: Hippowdon|372\/416|[from] item: Leftovers
|-heal|p2a: Ferrothorn|275\/351|[from] item: Leftovers
|turn|15
|
|move|p1a: Hippowdon|Earthquake|p2a: Ferrothorn
|-damage|p2a: Ferrothorn|202\/351
|move|p2a: Ferrothorn|Leech Seed|p1a: Hippowdon
|-start|p1a: Hippowdon|move: Leech Seed
|
|-weather|Sandstorm|[upkeep]
|-heal|p1a: Hippowdon|398\/416|[from] item: Leftovers
|-heal|p2a: Ferrothorn|223\/351|[from] item: Leftovers
|-damage|p1a: Hippowdon|346\/416|[from] Leech Seed|[of] p2a: Ferrothorn
|-heal|p2a: Ferrothorn|275\/351|[silent]
|turn|16
|
|switch|p1a: Sylveon|Sylveon, M|393\/393
|-damage|p1a: Sylveon|344\/393|[from] Stealth Rock
|move|p2a: Ferrothorn|Leech Seed|p1a: Sylveon
|-start|p1a: Sylveon|move: Leech Seed
|
|-weather|Sandstorm|[upkeep]
|-damage|p1a: Sylveon|320\/393|[from] sandstorm
|-heal|p1a: Sylveon|344\/393|[from] item: Leftovers
|-heal|p2a: Ferrothorn|296\/351|[from] item: Leftovers
|-damage|p1a: Sylveon|295\/393|[from] Leech Seed|[of] p2a: Ferrothorn
|-heal|p2a: Ferrothorn|345\/351|[silent]
|turn|17
|
|switch|p1a: Hippowdon|Hippowdon, F|346\/416
|-damage|p1a: Hippowdon|320\/416|[from] Stealth Rock
|move|p2a: Ferrothorn|Protect|p2a: Ferrothorn
|-fail|p2a: Ferrothorn
|
|-weather|Sandstorm|[upkeep]
|-heal|p1a: Hippowdon|346\/416|[from] item: Leftovers
|-heal|p2a: Ferrothorn|351\/351|[from] item: Leftovers
|turn|18
|
|move|p2a: Ferrothorn|Leech Seed|p1a: Hippowdon
|-start|p1a: Hippowdon|move: Leech Seed
|move|p1a: Hippowdon|Whirlwind|p2a: Ferrothorn
|drag|p2a: Tyranitar|Tyranitar, F|260\/341
|-damage|p2a: Tyranitar|218\/341|[from] Stealth Rock
|
|-weather|none
|-heal|p1a: Hippowdon|372\/416|[from] item: Leftovers
|-damage|p1a: Hippowdon|320\/416|[from] Leech Seed|[of] p2a: Tyranitar
|-heal|p2a: Tyranitar|270\/341|[silent]
|turn|19
|
|move|p2a: Tyranitar|Dark Pulse|p1a: Hippowdon
|-damage|p1a: Hippowdon|182\/416
|move|p1a: Hippowdon|Earthquake|p2a: Tyranitar
|-supereffective|p2a: Tyranitar
|-damage|p2a: Tyranitar|16\/341
|
|-heal|p1a: Hippowdon|208\/416|[from] item: Leftovers
|-damage|p1a: Hippowdon|156\/416|[from] Leech Seed|[of] p2a: Tyranitar
|-heal|p2a: Tyranitar|68\/341|[silent]
|turn|20
|
|switch|p1a: Sylveon|Sylveon, M|295\/393
|-damage|p1a: Sylveon|246\/393|[from] Stealth Rock
|move|p2a: Tyranitar|Dark Pulse|p1a: Sylveon
|-resisted|p1a: Sylveon
|-damage|p1a: Sylveon|205\/393
|
|-heal|p1a: Sylveon|229\/393|[from] item: Leftovers
|turn|21
|
|switch|p2a: Excadrill|Excadrill, F|361\/361
|-damage|p2a: Excadrill|350\/361|[from] Stealth Rock
|move|p1a: Sylveon|Wish|p1a: Sylveon
|
|-heal|p1a: Sylveon|253\/393|[from] item: Leftovers
|turn|22
|
|switch|p1a: Scizor|Scizor, F|301\/343
|-damage|p1a: Scizor|259\/343|[from] Stealth Rock
|move|p2a: Excadrill|Rapid Spin|p1a: Scizor
|-resisted|p1a: Scizor
|-damage|p1a: Scizor|243\/343
|-sideend|p2: FlyingSunray|Stealth Rock|[from] move: Rapid Spin|[of] p2a: Excadrill
|-damage|p2a: Excadrill|314\/361|[from] item: Life Orb
|
|-heal|p1a: Scizor|343\/343|[from] move: Wish|[wisher] Sylveon
|turn|23
|
|switch|p2a: Clefable|Clefable, F|371\/394
|move|p1a: Scizor|U-turn|p2a: Clefable
|-resisted|p2a: Clefable
|-damage|p2a: Clefable|258\/394
|
|switch|p1a: Zapdos|Zapdos|335\/383
|-damage|p1a: Zapdos|240\/383|[from] Stealth Rock
|-ability|p1a: Zapdos|Pressure
|
|-heal|p1a: Zapdos|263\/383|[from] item: Leftovers
|-heal|p2a: Clefable|282\/394|[from] item: Leftovers
|turn|24
|
|move|p1a: Zapdos|Defog|p2a: Clefable
|-unboost|p2a: Clefable|evasion|1
|-sideend|p1: Qwazz|Stealth Rock|[from] move: Defog|[of] p1a: Zapdos
|move|p2a: Clefable|Wish|p2a: Clefable
|
|-heal|p1a: Zapdos|286\/383|[from] item: Leftovers
|-heal|p2a: Clefable|306\/394|[from] item: Leftovers
|turn|25
|
|switch|p2a: Tyranitar|Tyranitar, F|68\/341
|-weather|Sandstorm
|move|p1a: Zapdos|Thunderbolt|p2a: Tyranitar
|-damage|p2a: Tyranitar|0 fnt
|faint|p2a: Tyranitar
|
|-weather|Sandstorm|[upkeep]
|-damage|p1a: Zapdos|263\/383|[from] sandstorm
|-heal|p1a: Zapdos|286\/383|[from] item: Leftovers
|
|switch|p2a: Excadrill|Excadrill, F|314\/361
|turn|26
|
|move|p2a: Excadrill|Rock Slide|p1a: Zapdos
|-miss|p2a: Excadrill|p1a: Zapdos
|move|p1a: Zapdos|Roost|p1a: Zapdos
|-heal|p1a: Zapdos|383\/383
|
|-weather|Sandstorm|[upkeep]
|-damage|p1a: Zapdos|360\/383|[from] sandstorm
|-heal|p1a: Zapdos|383\/383|[from] item: Leftovers
|turn|27
|
|switch|p2a: Clefable|Clefable, F|306\/394
|move|p1a: Zapdos|Roost|p1a: Zapdos
|-fail|p1a: Zapdos
|
|-weather|Sandstorm|[upkeep]
|-damage|p1a: Zapdos|360\/383|[from] sandstorm
|-heal|p1a: Zapdos|383\/383|[from] item: Leftovers
|-heal|p2a: Clefable|330\/394|[from] item: Leftovers
|turn|28
|
|switch|p1a: Scizor|Scizor, F|343\/343
|move|p2a: Clefable|Wish|p2a: Clefable
|
|-weather|Sandstorm|[upkeep]
|-heal|p2a: Clefable|354\/394|[from] item: Leftovers
|turn|29
|
|move|p1a: Scizor|U-turn|p2a: Clefable
|-resisted|p2a: Clefable
|-damage|p2a: Clefable|243\/394
|
|switch|p1a: Zapdos|Zapdos|383\/383
|-ability|p1a: Zapdos|Pressure
|move|p2a: Clefable|Moonblast|p1a: Zapdos
|-damage|p1a: Zapdos|262\/383
|
|-weather|Sandstorm|[upkeep]
|-damage|p1a: Zapdos|239\/383|[from] sandstorm
|-heal|p2a: Clefable|394\/394|[from] move: Wish|[wisher] Clefable
|-heal|p1a: Zapdos|262\/383|[from] item: Leftovers
|turn|30
|
|switch|p1a: Scizor|Scizor, F|343\/343
|move|p2a: Clefable|Calm Mind|p2a: Clefable
|-boost|p2a: Clefable|spa|1
|-boost|p2a: Clefable|spd|1
|
|-weather|Sandstorm|[upkeep]
|turn|31
|
|switch|p2a: Ferrothorn|Ferrothorn, M|351\/351
|move|p1a: Scizor|Bullet Punch|p2a: Ferrothorn
|-resisted|p2a: Ferrothorn
|-damage|p2a: Ferrothorn|298\/351
|-damage|p1a: Scizor|301\/343|[from] ability: Iron Barbs|[of] p2a: Ferrothorn
|
|-weather|Sandstorm|[upkeep]
|-heal|p2a: Ferrothorn|319\/351|[from] item: Leftovers
|turn|32
|
|switch|p1a: Hippowdon|Hippowdon, F|156\/416
|move|p2a: Ferrothorn|Stealth Rock|p1a: Hippowdon
|-sidestart|p1: Qwazz|move: Stealth Rock
|
|-weather|none
|-heal|p1a: Hippowdon|182\/416|[from] item: Leftovers
|-heal|p2a: Ferrothorn|340\/351|[from] item: Leftovers
|turn|33
|
|move|p1a: Hippowdon|Slack Off|p1a: Hippowdon
|-heal|p1a: Hippowdon|390\/416
|move|p2a: Ferrothorn|Leech Seed|p1a: Hippowdon
|-start|p1a: Hippowdon|move: Leech Seed
|
|-heal|p1a: Hippowdon|416\/416|[from] item: Leftovers
|-heal|p2a: Ferrothorn|351\/351|[from] item: Leftovers
|-damage|p1a: Hippowdon|364\/416|[from] Leech Seed|[of] p2a: Ferrothorn
|turn|34
|
|move|p1a: Hippowdon|Stealth Rock|p2a: Ferrothorn
|-sidestart|p2: FlyingSunray|move: Stealth Rock
|move|p2a: Ferrothorn|Gyro Ball|p1a: Hippowdon
|-damage|p1a: Hippowdon|304\/416
|
|-heal|p1a: Hippowdon|330\/416|[from] item: Leftovers
|-damage|p1a: Hippowdon|278\/416|[from] Leech Seed|[of] p2a: Ferrothorn
|turn|35
|
|move|p1a: Hippowdon|Earthquake|p2a: Ferrothorn
|-damage|p2a: Ferrothorn|278\/351
|move|p2a: Ferrothorn|Leech Seed|p1a: Hippowdon
|-fail|p1a: Hippowdon
|
|-heal|p1a: Hippowdon|304\/416|[from] item: Leftovers
|-heal|p2a: Ferrothorn|299\/351|[from] item: Leftovers
|-damage|p1a: Hippowdon|252\/416|[from] Leech Seed|[of] p2a: Ferrothorn
|-heal|p2a: Ferrothorn|351\/351|[silent]
|turn|36
|
|switch|p2a: Clefable|Clefable, F|394\/394
|move|p1a: Hippowdon|Slack Off|p1a: Hippowdon
|-heal|p1a: Hippowdon|416\/416
|
|-damage|p1a: Hippowdon|364\/416|[from] Leech Seed|[of] p2a: Clefable
|turn|37
|
|switch|p1a: Scizor|Scizor, F|301\/343
|-damage|p1a: Scizor|259\/343|[from] Stealth Rock
|move|p2a: Clefable|Wish|p2a: Clefable
|
|turn|38
|
|switch|p2a: Ferrothorn|Ferrothorn, M|351\/351
|-damage|p2a: Ferrothorn|330\/351|[from] Stealth Rock
|move|p1a: Scizor|Superpower|p2a: Ferrothorn
|-supereffective|p2a: Ferrothorn
|-damage|p2a: Ferrothorn|66\/351
|-damage|p1a: Scizor|217\/343|[from] ability: Iron Barbs|[of] p2a: Ferrothorn
|-unboost|p1a: Scizor|atk|1
|-unboost|p1a: Scizor|def|1
|
|-heal|p2a: Ferrothorn|263\/351|[from] move: Wish|[wisher] Clefable
|-heal|p2a: Ferrothorn|284\/351|[from] item: Leftovers
|turn|39
|
|switch|p1a: Zapdos|Zapdos|262\/383
|-damage|p1a: Zapdos|167\/383|[from] Stealth Rock
|-ability|p1a: Zapdos|Pressure
|switch|p2a: Clefable|Clefable, F|394\/394
|
|-heal|p1a: Zapdos|190\/383|[from] item: Leftovers
|turn|40
|
|move|p1a: Zapdos|Roost|p1a: Zapdos
|-heal|p1a: Zapdos|382\/383
|move|p2a: Clefable|Calm Mind|p2a: Clefable
|-boost|p2a: Clefable|spa|1
|-boost|p2a: Clefable|spd|1
|
|-heal|p1a: Zapdos|383\/383|[from] item: Leftovers
|turn|41
|
|switch|p1a: Sylveon|Sylveon, M|253\/393
|-damage|p1a: Sylveon|204\/393|[from] Stealth Rock
|move|p2a: Clefable|Moonblast|p1a: Sylveon
|-damage|p1a: Sylveon|95\/393
|
|-heal|p1a: Sylveon|119\/393|[from] item: Leftovers
|turn|42
|
|move|p1a: Sylveon|Wish|p1a: Sylveon
|move|p2a: Clefable|Wish|p2a: Clefable
|
|-heal|p1a: Sylveon|143\/393|[from] item: Leftovers
|turn|43
|
|move|p1a: Sylveon|Hyper Voice|p2a: Clefable
|-damage|p2a: Clefable|303\/394
|move|p2a: Clefable|Moonblast|p1a: Sylveon
|-damage|p1a: Sylveon|35\/393
|-unboost|p1a: Sylveon|spa|1
|
|-heal|p2a: Clefable|394\/394|[from] move: Wish|[wisher] Clefable
|-heal|p1a: Sylveon|231\/393|[from] move: Wish|[wisher] Sylveon
|-heal|p1a: Sylveon|255\/393|[from] item: Leftovers
|turn|44
|
|move|p2a: Clefable|Moonblast|p1a: Sylveon
|-damage|p1a: Sylveon|149\/393
|move|p1a: Sylveon|Wish|p1a: Sylveon
|
|-heal|p1a: Sylveon|173\/393|[from] item: Leftovers
|turn|45
|
|move|p1a: Sylveon|Hyper Voice|p2a: Clefable
|-crit|p2a: Clefable
|-damage|p2a: Clefable|201\/394
|move|p2a: Clefable|Calm Mind|p2a: Clefable
|-boost|p2a: Clefable|spa|1
|-boost|p2a: Clefable|spd|1
|
|-heal|p1a: Sylveon|369\/393|[from] move: Wish|[wisher] Sylveon
|-heal|p2a: Clefable|225\/394|[from] item: Leftovers
|-heal|p1a: Sylveon|393\/393|[from] item: Leftovers
|turn|46
|
|move|p1a: Sylveon|Wish|p1a: Sylveon
|move|p2a: Clefable|Moonblast|p1a: Sylveon
|-damage|p1a: Sylveon|236\/393
|-unboost|p1a: Sylveon|spa|1
|
|-heal|p1a: Sylveon|260\/393|[from] item: Leftovers
|-heal|p2a: Clefable|249\/394|[from] item: Leftovers
|turn|47
|
|switch|p1a: Scizor|Scizor, F|217\/343
|-damage|p1a: Scizor|175\/343|[from] Stealth Rock
|move|p2a: Clefable|Wish|p2a: Clefable
|
|-heal|p1a: Scizor|343\/343|[from] move: Wish|[wisher] Sylveon
|-heal|p2a: Clefable|273\/394|[from] item: Leftovers
|turn|48
|
|switch|p2a: Ferrothorn|Ferrothorn, M|284\/351
|-damage|p2a: Ferrothorn|263\/351|[from] Stealth Rock
|move|p1a: Scizor|Bullet Punch|p2a: Ferrothorn
|-resisted|p2a: Ferrothorn
|-damage|p2a: Ferrothorn|212\/351
|-damage|p1a: Scizor|301\/343|[from] ability: Iron Barbs|[of] p2a: Ferrothorn
|
|-heal|p2a: Ferrothorn|351\/351|[from] move: Wish|[wisher] Clefable
|turn|49
|
|switch|p1a: Zapdos|Zapdos|383\/383
|-damage|p1a: Zapdos|288\/383|[from] Stealth Rock
|-ability|p1a: Zapdos|Pressure
|move|p2a: Ferrothorn|Leech Seed|p1a: Zapdos
|-start|p1a: Zapdos|move: Leech Seed
|
|-heal|p1a: Zapdos|311\/383|[from] item: Leftovers
|-damage|p1a: Zapdos|264\/383|[from] Leech Seed|[of] p2a: Ferrothorn
|turn|50
|
|switch|p2a: Clefable|Clefable, F|273\/394
|move|p1a: Zapdos|Thunderbolt|p2a: Clefable
|-damage|p2a: Clefable|168\/394
|
|-heal|p1a: Zapdos|287\/383|[from] item: Leftovers
|-heal|p2a: Clefable|192\/394|[from] item: Leftovers
|-damage|p1a: Zapdos|240\/383|[from] Leech Seed|[of] p2a: Clefable
|-heal|p2a: Clefable|239\/394|[silent]
|turn|51
|
|switch|p1a: Hippowdon|Hippowdon, F|364\/416
|-damage|p1a: Hippowdon|338\/416|[from] Stealth Rock
|-weather|Sandstorm
|move|p2a: Clefable|Calm Mind|p2a: Clefable
|-boost|p2a: Clefable|spa|1
|-boost|p2a: Clefable|spd|1
|
|-weather|Sandstorm|[upkeep]
|-heal|p2a: Clefable|263\/394|[from] item: Leftovers
|-heal|p1a: Hippowdon|364\/416|[from] item: Leftovers
|turn|52
|
|move|p2a: Clefable|Moonblast|p1a: Hippowdon
|-damage|p1a: Hippowdon|165\/416
|-unboost|p1a: Hippowdon|spa|1
|move|p1a: Hippowdon|Whirlwind|p2a: Clefable
|drag|p2a: Ferrothorn|Ferrothorn, M|351\/351
|-damage|p2a: Ferrothorn|330\/351|[from] Stealth Rock
|
|-weather|Sandstorm|[upkeep]
|-heal|p1a: Hippowdon|191\/416|[from] item: Leftovers
|-heal|p2a: Ferrothorn|351\/351|[from] item: Leftovers
|turn|53
|
|move|p1a: Hippowdon|Slack Off|p1a: Hippowdon
|-heal|p1a: Hippowdon|399\/416
|move|p2a: Ferrothorn|Leech Seed|p1a: Hippowdon
|-start|p1a: Hippowdon|move: Leech Seed
|
|-weather|Sandstorm|[upkeep]
|-heal|p1a: Hippowdon|416\/416|[from] item: Leftovers
|-damage|p1a: Hippowdon|364\/416|[from] Leech Seed|[of] p2a: Ferrothorn
|turn|54
|
|switch|p1a: Scizor|Scizor, F|301\/343
|-damage|p1a: Scizor|259\/343|[from] Stealth Rock
|switch|p2a: Clefable|Clefable, F|263\/394
|
|-weather|Sandstorm|[upkeep]
|-heal|p2a: Clefable|287\/394|[from] item: Leftovers
|turn|55
|
|switch|p2a: Ferrothorn|Ferrothorn, M|351\/351
|-damage|p2a: Ferrothorn|330\/351|[from] Stealth Rock
|move|p1a: Scizor|Superpower|p2a: Ferrothorn
|-supereffective|p2a: Ferrothorn
|-damage|p2a: Ferrothorn|30\/351
|-damage|p1a: Scizor|217\/343|[from] ability: Iron Barbs|[of] p2a: Ferrothorn
|-unboost|p1a: Scizor|atk|1
|-unboost|p1a: Scizor|def|1
|
|-weather|none
|-heal|p2a: Ferrothorn|51\/351|[from] item: Leftovers
|turn|56
|
|switch|p1a: Sylveon|Sylveon, M|260\/393
|-damage|p1a: Sylveon|211\/393|[from] Stealth Rock
|move|p2a: Ferrothorn|Protect|p2a: Ferrothorn
|-fail|p2a: Ferrothorn
|
|-heal|p1a: Sylveon|235\/393|[from] item: Leftovers
|-heal|p2a: Ferrothorn|72\/351|[from] item: Leftovers
|turn|57
|
|move|p1a: Sylveon|Wish|p1a: Sylveon
|move|p2a: Ferrothorn|Gyro Ball|p1a: Sylveon
|-supereffective|p1a: Sylveon
|-damage|p1a: Sylveon|5\/393
|
|-heal|p1a: Sylveon|29\/393|[from] item: Leftovers
|-heal|p2a: Ferrothorn|93\/351|[from] item: Leftovers
|turn|58
|
|switch|p1a: Scizor|Scizor, F|217\/343
|-damage|p1a: Scizor|175\/343|[from] Stealth Rock
|move|p2a: Ferrothorn|Leech Seed|p1a: Scizor
|-start|p1a: Scizor|move: Leech Seed
|
|-heal|p1a: Scizor|343\/343|[from] move: Wish|[wisher] Sylveon
|-heal|p2a: Ferrothorn|114\/351|[from] item: Leftovers
|-damage|p1a: Scizor|301\/343|[from] Leech Seed|[of] p2a: Ferrothorn
|-heal|p2a: Ferrothorn|156\/351|[silent]
|turn|59
|
|switch|p1a: Zapdos|Zapdos|240\/383
|-damage|p1a: Zapdos|145\/383|[from] Stealth Rock
|-ability|p1a: Zapdos|Pressure
|move|p2a: Ferrothorn|Protect|p2a: Ferrothorn
|-fail|p2a: Ferrothorn
|
|-heal|p1a: Zapdos|168\/383|[from] item: Leftovers
|-heal|p2a: Ferrothorn|177\/351|[from] item: Leftovers
|turn|60
|
|switch|p2a: Clefable|Clefable, F|287\/394
|move|p1a: Zapdos|Roost|p1a: Zapdos
|-heal|p1a: Zapdos|360\/383
|
|-heal|p1a: Zapdos|383\/383|[from] item: Leftovers
|-heal|p2a: Clefable|311\/394|[from] item: Leftovers
|turn|61
|
|move|p1a: Zapdos|Defog|p2a: Clefable
|-unboost|p2a: Clefable|evasion|1
|-sideend|p2: FlyingSunray|Stealth Rock|[from] move: Defog|[of] p2a: Clefable
|-sideend|p1: Qwazz|Stealth Rock|[from] move: Defog|[of] p1a: Zapdos
|move|p2a: Clefable|Wish|p2a: Clefable
|
|-heal|p2a: Clefable|335\/394|[from] item: Leftovers
|turn|62
|
|switch|p1a: Scizor|Scizor, F|301\/343
|move|p2a: Clefable|Moonblast|p1a: Scizor
|-resisted|p1a: Scizor
|-damage|p1a: Scizor|235\/343
|-unboost|p1a: Scizor|spa|1
|
|-heal|p2a: Clefable|394\/394|[from] move: Wish|[wisher] Clefable
|turn|63
|
|switch|p2a: Excadrill|Excadrill, F|314\/361
|move|p1a: Scizor|U-turn|p2a: Excadrill
|-resisted|p2a: Excadrill
|-damage|p2a: Excadrill|162\/361
|
|switch|p1a: Hippowdon|Hippowdon, F|364\/416
|-weather|Sandstorm
|
|-weather|Sandstorm|[upkeep]
|-heal|p1a: Hippowdon|390\/416|[from] item: Leftovers
|turn|64
|
|switch|p2a: Ferrothorn|Ferrothorn, M|177\/351
|move|p1a: Hippowdon|Earthquake|p2a: Ferrothorn
|-damage|p2a: Ferrothorn|102\/351
|
|-weather|Sandstorm|[upkeep]
|-heal|p1a: Hippowdon|416\/416|[from] item: Leftovers
|-heal|p2a: Ferrothorn|123\/351|[from] item: Leftovers
|turn|65
|
|move|p1a: Hippowdon|Earthquake|p2a: Ferrothorn
|-damage|p2a: Ferrothorn|48\/351
|move|p2a: Ferrothorn|Stealth Rock|p1a: Hippowdon
|-sidestart|p1: Qwazz|move: Stealth Rock
|
|-weather|Sandstorm|[upkeep]
|-heal|p2a: Ferrothorn|69\/351|[from] item: Leftovers
|turn|66
|
|move|p2a: Ferrothorn|Protect|p2a: Ferrothorn
|-singleturn|p2a: Ferrothorn|Protect
|move|p1a: Hippowdon|Stealth Rock|p2a: Ferrothorn
|-sidestart|p2: FlyingSunray|move: Stealth Rock
|
|-weather|Sandstorm|[upkeep]
|-heal|p2a: Ferrothorn|90\/351|[from] item: Leftovers
|turn|67
|
|move|p2a: Ferrothorn|Leech Seed|p1a: Hippowdon
|-start|p1a: Hippowdon|move: Leech Seed
|move|p1a: Hippowdon|Whirlwind|p2a: Ferrothorn
|drag|p2a: Bisharp|Bisharp, M|271\/271
|-damage|p2a: Bisharp|255\/271|[from] Stealth Rock
|
|-weather|none
|-damage|p1a: Hippowdon|364\/416|[from] Leech Seed|[of] p2a: Bisharp
|-heal|p2a: Bisharp|271\/271|[silent]
|turn|68
|
|switch|p2a: Clefable|Clefable, F|394\/394
|move|p1a: Hippowdon|Earthquake|p2a: Clefable
|-damage|p2a: Clefable|255\/394
|
|-heal|p2a: Clefable|279\/394|[from] item: Leftovers
|-heal|p1a: Hippowdon|390\/416|[from] item: Leftovers
|-damage|p1a: Hippowdon|338\/416|[from] Leech Seed|[of] p2a: Clefable
|-heal|p2a: Clefable|331\/394|[silent]
|turn|69
|
|switch|p1a: Scizor|Scizor, F|235\/343
|-damage|p1a: Scizor|193\/343|[from] Stealth Rock
|move|p2a: Clefable|Moonblast|p1a: Scizor
|-resisted|p1a: Scizor
|-damage|p1a: Scizor|134\/343
|
|-heal|p2a: Clefable|355\/394|[from] item: Leftovers
|turn|70
|
|switch|p2a: Excadrill|Excadrill, F|162\/361
|-damage|p2a: Excadrill|151\/361|[from] Stealth Rock
|move|p1a: Scizor|Bullet Punch|p2a: Excadrill
|-resisted|p2a: Excadrill
|-damage|p2a: Excadrill|28\/361
|
|turn|71
|
|switch|p1a: Hippowdon|Hippowdon, F|338\/416
|-damage|p1a: Hippowdon|312\/416|[from] Stealth Rock
|-weather|Sandstorm
|move|p2a: Excadrill|Rapid Spin|p1a: Hippowdon
|-damage|p1a: Hippowdon|289\/416
|-sideend|p2: FlyingSunray|Stealth Rock|[from] move: Rapid Spin|[of] p2a: Excadrill
|-damage|p2a: Excadrill|0 fnt|[from] item: Life Orb
|faint|p2a: Excadrill
|
|-weather|Sandstorm|[upkeep]
|-heal|p1a: Hippowdon|315\/416|[from] item: Leftovers
|
|switch|p2a: Clefable|Clefable, F|355\/394
|turn|72
|
|move|p2a: Clefable|Moonblast|p1a: Hippowdon
|-damage|p1a: Hippowdon|173\/416
|move|p1a: Hippowdon|Stealth Rock|p2a: Clefable
|-sidestart|p2: FlyingSunray|move: Stealth Rock
|
|-weather|Sandstorm|[upkeep]
|-heal|p2a: Clefable|379\/394|[from] item: Leftovers
|-heal|p1a: Hippowdon|199\/416|[from] item: Leftovers
|turn|73
|
|move|p2a: Clefable|Moonblast|p1a: Hippowdon
|-damage|p1a: Hippowdon|66\/416
|move|p1a: Hippowdon|Slack Off|p1a: Hippowdon
|-heal|p1a: Hippowdon|274\/416
|
|-weather|Sandstorm|[upkeep]
|-heal|p2a: Clefable|394\/394|[from] item: Leftovers
|-heal|p1a: Hippowdon|300\/416|[from] item: Leftovers
|turn|74
|
|switch|p1a: Scizor|Scizor, F|134\/343
|-damage|p1a: Scizor|92\/343|[from] Stealth Rock
|move|p2a: Clefable|Calm Mind|p2a: Clefable
|-boost|p2a: Clefable|spa|1
|-boost|p2a: Clefable|spd|1
|
|-weather|Sandstorm|[upkeep]
|turn|75
|
|switch|p2a: Ferrothorn|Ferrothorn, M|90\/351
|-damage|p2a: Ferrothorn|69\/351|[from] Stealth Rock
|move|p1a: Scizor|U-turn|p2a: Ferrothorn
|-crit|p2a: Ferrothorn
|-damage|p2a: Ferrothorn|0 fnt
|-damage|p1a: Scizor|50\/343|[from] ability: Iron Barbs|[of] p2a: Ferrothorn
|faint|p2a: Ferrothorn
|
|switch|p1a: Zapdos|Zapdos|383\/383
|-damage|p1a: Zapdos|288\/383|[from] Stealth Rock
|-ability|p1a: Zapdos|Pressure
|
|-weather|none
|-heal|p1a: Zapdos|311\/383|[from] item: Leftovers
|
|switch|p2a: Clefable|Clefable, F|394\/394
|turn|76
|
|move|p1a: Zapdos|Defog|p2a: Clefable
|-unboost|p2a: Clefable|evasion|1
|-sideend|p2: FlyingSunray|Stealth Rock|[from] move: Defog|[of] p2a: Clefable
|-sideend|p1: Qwazz|Stealth Rock|[from] move: Defog|[of] p1a: Zapdos
|move|p2a: Clefable|Calm Mind|p2a: Clefable
|-boost|p2a: Clefable|spa|1
|-boost|p2a: Clefable|spd|1
|
|-heal|p1a: Zapdos|334\/383|[from] item: Leftovers
|turn|77
|
|switch|p1a: Hippowdon|Hippowdon, F|300\/416
|-weather|Sandstorm
|move|p2a: Clefable|Moonblast|p1a: Hippowdon
|-damage|p1a: Hippowdon|104\/416
|
|-weather|Sandstorm|[upkeep]
|-heal|p1a: Hippowdon|130\/416|[from] item: Leftovers
|turn|78
|
|move|p2a: Clefable|Moonblast|p1a: Hippowdon
|-damage|p1a: Hippowdon|0 fnt
|faint|p1a: Hippowdon
|
|-weather|Sandstorm|[upkeep]
|
|switch|p1a: Scizor|Scizor, F|50\/343
|turn|79
|
|move|p1a: Scizor|U-turn|p2a: Clefable
|-resisted|p2a: Clefable
|-damage|p2a: Clefable|287\/394
|
|switch|p1a: Sylveon|Sylveon, M|29\/393
|move|p2a: Clefable|Moonblast|p1a: Sylveon
|-damage|p1a: Sylveon|0 fnt
|faint|p1a: Sylveon
|
|-weather|Sandstorm|[upkeep]
|-heal|p2a: Clefable|311\/394|[from] item: Leftovers
|
|switch|p1a: Scizor|Scizor, F|50\/343
|turn|80
|
|move|p1a: Scizor|Bullet Punch|p2a: Clefable
|-supereffective|p2a: Clefable
|-damage|p2a: Clefable|0 fnt
|faint|p2a: Clefable
|
|-weather|Sandstorm|[upkeep]
|
|switch|p2a: Bisharp|Bisharp, M|271\/271
|turn|81
|
|move|p1a: Scizor|Bullet Punch|p2a: Bisharp
|-resisted|p2a: Bisharp
|-damage|p2a: Bisharp|177\/271
|move|p2a: Bisharp|Swords Dance|p2a: Bisharp
|-boost|p2a: Bisharp|atk|2
|
|-weather|none
|turn|82
|
|move|p1a: Scizor|Bullet Punch|p2a: Bisharp
|-resisted|p2a: Bisharp
|-damage|p2a: Bisharp|91\/271
|move|p2a: Bisharp|Swords Dance|p2a: Bisharp
|-boost|p2a: Bisharp|atk|2
|
|turn|83
|
|switch|p1a: Zapdos|Zapdos|334\/383
|-ability|p1a: Zapdos|Pressure
|move|p2a: Bisharp|Sucker Punch|p1a: Zapdos
|-fail|p1a: Zapdos
|
|-heal|p1a: Zapdos|357\/383|[from] item: Leftovers
|turn|84
|
|move|p2a: Bisharp|Sucker Punch|p1a: Zapdos
|-damage|p1a: Zapdos|0 fnt
|-damage|p2a: Bisharp|64\/271|[from] item: Life Orb
|faint|p1a: Zapdos
|
|
|switch|p1a: Scizor|Scizor, F|50\/343
|turn|85
|
|move|p2a: Bisharp|Sucker Punch|p1a: Scizor
|-damage|p1a: Scizor|0 fnt
|-damage|p2a: Bisharp|37\/271|[from] item: Life Orb
|faint|p1a: Scizor
|
|win|FlyingSunray