|join|qwazz
|join|MajesticM
|player|p1|qwazz|2
|player|p2|MajesticM|99
|gametype|singles
|gen|6
|tier|OU
|clearpoke
|poke|p1|Charizard, F
|poke|p1|Jirachi
|poke|p1|Tornadus-Therian, M
|poke|p1|Chesnaught, M
|poke|p1|Starmie
|poke|p1|Granbull, M
|poke|p2|Lopunny, F
|poke|p2|Heatran, M
|poke|p2|Azumarill, M
|poke|p2|Celebi
|poke|p2|Latios, M
|poke|p2|Landorus, M
|rule|Swagger Clause: Swagger is banned
|rule|Baton Pass Clause: Limit one Pokémon knowing Baton Pass
|rule|Sleep Clause Mod: Limit one foe put to sleep
|rule|Species Clause: Limit one of each Pokémon
|rule|OHKO Clause: OHKO moves are banned
|rule|Moody Clause: Moody is banned
|rule|Evasion Moves Clause: Evasion moves are banned
|rule|Endless Battle Clause: Forcing endless battles is banned
|rule|HP Percentage Mod: HP is shown in percentages
|teampreview
|c|★MajesticM|gl hf
|join|Hiye
|
|start
|switch|p1a: Tornadus-Therian|Tornadus-Therian, M|347\/347
|switch|p2a: Heatran|Heatran, M|326\/326
|-item|p2a: Heatran|Air Balloon
|turn|1
|
|move|p1a: Tornadus-Therian|Superpower|p2a: Heatran
|-supereffective|p2a: Heatran
|-damage|p2a: Heatran|134\/326
|-enditem|p2a: Heatran|Air Balloon
|-unboost|p1a: Tornadus-Therian|atk|1
|-unboost|p1a: Tornadus-Therian|def|1
|move|p2a: Heatran|Stealth Rock|p1a: Tornadus-Therian
|-sidestart|p1: qwazz|move: Stealth Rock
|
|turn|2
|
|move|p1a: Tornadus-Therian|U-turn|p2a: Heatran
|-resisted|p2a: Heatran
|-damage|p2a: Heatran|126\/326
|
|switch|p1a: Starmie|Starmie|323\/323
|-damage|p1a: Starmie|283\/323|[from] Stealth Rock
|move|p2a: Heatran|Stone Edge|p1a: Starmie
|-damage|p1a: Starmie|204\/323
|
|-heal|p1a: Starmie|224\/323|[from] item: Leftovers
|turn|3
|
|switch|p2a: Celebi|Celebi|403\/403
|move|p1a: Starmie|Rapid Spin|p2a: Celebi
|-damage|p2a: Celebi|392\/403
|-sideend|p1: qwazz|Stealth Rock|[from] move: Rapid Spin|[of] p1a: Starmie
|
|-heal|p1a: Starmie|244\/323|[from] item: Leftovers
|-heal|p2a: Celebi|403\/403|[from] item: Leftovers
|turn|4
|
|switch|p1a: Tornadus-Therian|Tornadus-Therian, M|347\/347
|move|p2a: Celebi|Baton Pass|p2a: Celebi
|c|★MajesticM|fack
|
|switch|p2a: Lopunny|Lopunny, F|272\/272
|
|turn|5
|c|★MajesticM|regen exists
|
|switch|p1a: Granbull|Granbull, M|384\/384
|-ability|p1a: Granbull|Intimidate|[of] p2a: Lopunny
|-unboost|p2a: Lopunny|atk|1
|detailschange|p2a: Lopunny|Lopunny-Mega, F
|-mega|p2a: Lopunny|Lopunny|Lopunnite
|move|p2a: Lopunny|Fake Out|p1a: Granbull
|-damage|p1a: Granbull|336\/384
|
|-heal|p1a: Granbull|360\/384|[from] item: Leftovers
|turn|6
|c| Hiye|DAMAGE
|
|switch|p2a: Heatran|Heatran, M|126\/326
|switch|p1a: Tornadus-Therian|Tornadus-Therian, M|347\/347
|
|turn|7
|c| Hiye|got.m
|c|★MajesticM|yes, yes he did
|
|move|p1a: Tornadus-Therian|Superpower|p2a: Heatran
|-supereffective|p2a: Heatran
|-damage|p2a: Heatran|0 fnt
|-unboost|p1a: Tornadus-Therian|atk|1
|-unboost|p1a: Tornadus-Therian|def|1
|faint|p2a: Heatran
|
|c| Hiye|this matchup os horrible fo u
|c|★MajesticM|yeah, isee..
|c| Hiye|then again nobody can beat the legendary granbull sqaud
|
|switch|p2a: Lopunny|Lopunny-Mega, F|272\/272
|turn|8
|
|switch|p1a: Granbull|Granbull, M|360\/384
|-ability|p1a: Granbull|Intimidate|[of] p2a: Lopunny
|-unboost|p2a: Lopunny|atk|1
|move|p2a: Lopunny|Fake Out|p1a: Granbull
|-damage|p1a: Granbull|314\/384
|
|-heal|p1a: Granbull|338\/384|[from] item: Leftovers
|turn|9
|c| Hiye|granbull says no
|
|switch|p2a: Celebi|Celebi|403\/403
|switch|p1a: Chesnaught|Chesnaught, M|380\/380
|
|turn|10
|
|move|p2a: Celebi|Nasty Plot|p2a: Celebi
|-boost|p2a: Celebi|spa|2
|move|p1a: Chesnaught|Spikes|p2a: Celebi
|-sidestart|p2: MajesticM|Spikes
|
|turn|11
|c|★MajesticM|i have nothing for this team lol
|c| Hiye|!!!!!!!!!!!!!!!!
|c| Hiye|u may have just won
|
|switch|p1a: Tornadus-Therian|Tornadus-Therian, M|347\/347
|move|p2a: Celebi|Baton Pass|p2a: Celebi
|
|switch|p2a: Landorus|Landorus, M|319\/319
|
|turn|12
|c|★MajesticM|lol nah
|c| Hiye|nvm
|c| Hiye|he eats sludge wave up
|c| Hiye|or psychic
|c| Hiye|75% id say
|
|move|p1a: Tornadus-Therian|Knock Off|p2a: Landorus
|-damage|p2a: Landorus|239\/319
|-enditem|p2a: Landorus|Life Orb|[from] move: Knock Off|[of] p1a: Tornadus-Therian
|move|p2a: Landorus|Psychic|p1a: Tornadus-Therian
|-damage|p1a: Tornadus-Therian|174\/347
|
|turn|13
|c| Hiye|o i was off
|
|move|p1a: Tornadus-Therian|Hurricane|p2a: Landorus
|-damage|p2a: Landorus|58\/319
|move|p2a: Landorus|Rock Polish|p2a: Landorus
|-boost|p2a: Landorus|spe|2
|
|turn|14
|c| Hiye|noo
|c|★MajesticM|hoping that was a low roll lol
|
|switch|p1a: Starmie|Starmie|244\/323
|move|p2a: Landorus|Psychic|p1a: Starmie
|-resisted|p1a: Starmie
|-damage|p1a: Starmie|104\/323
|
|-heal|p1a: Starmie|124\/323|[from] item: Leftovers
|turn|15
|
|move|p2a: Landorus|Psychic|p1a: Starmie
|-resisted|p1a: Starmie
|-damage|p1a: Starmie|0 fnt
|faint|p1a: Starmie
|
|c| Hiye|yess
|c| Hiye|the sweep is here af
|c| Hiye|wait no
|c| Hiye|regen
|
|switch|p1a: Tornadus-Therian|Tornadus-Therian, M|289\/347
|turn|16
|c|★MajesticM|I hate regen so much lol
|c| Hiye|that's annoying af
|c| Hiye|ik
|
|move|p2a: Landorus|Psychic|p1a: Tornadus-Therian
|-damage|p1a: Tornadus-Therian|106\/347
|move|p1a: Tornadus-Therian|Hurricane|p2a: Landorus|[miss]
|-miss|p1a: Tornadus-Therian|p2a: Landorus
|
|turn|17
|c| Hiye|YES
|c| Hiye|YESEESSSSS
|
|switch|p1a: Granbull|Granbull, M|338\/384
|-ability|p1a: Granbull|Intimidate|[of] p2a: Landorus
|-unboost|p2a: Landorus|atk|1
|move|p2a: Landorus|Psychic|p1a: Granbull
|-damage|p1a: Granbull|0 fnt
|faint|p1a: Granbull
|
|c| Hiye|oshit
|c| Hiye|that killed
|
|switch|p1a: Tornadus-Therian|Tornadus-Therian, M|221\/347
|turn|18
|c| Hiye|MISS AGAIN
|c|★MajesticM|plz lol
|
|move|p2a: Landorus|Psychic|p1a: Tornadus-Therian
|-damage|p1a: Tornadus-Therian|40\/347
|move|p1a: Tornadus-Therian|Hurricane|p2a: Landorus
|-damage|p2a: Landorus|0 fnt
|faint|p2a: Landorus
|
|c| Hiye|:(
|
|switch|p2a: Lopunny|Lopunny-Mega, F|272\/272
|-damage|p2a: Lopunny|238\/272|[from] Spikes
|turn|19
|c| Hiye|aye the hjk
|
|switch|p1a: Chesnaught|Chesnaught, M|380\/380
|move|p2a: Lopunny|Fake Out|p1a: Chesnaught
|-damage|p1a: Chesnaught|331\/380
|
|-heal|p1a: Chesnaught|354\/380|[from] item: Leftovers
|turn|20
|c| Hiye|wtf
|c| Hiye|y didn't u hjk
|c| Hiye|or at least return
|c|★MajesticM|cuz..idk if it runs speed man i dont use torn-t
|c| Hiye|um
|
|switch|p2a: Latios|Latios, M|301\/301
|move|p1a: Chesnaught|Spikes|p2a: Latios
|-sidestart|p2: MajesticM|Spikes
|
|-heal|p1a: Chesnaught|377\/380|[from] item: Leftovers
|turn|21
|c| Hiye|torn is like 121
|c| Hiye|lopunny 135
|
|move|p2a: Latios|Hidden Power|p1a: Chesnaught
|-supereffective|p1a: Chesnaught
|-damage|p1a: Chesnaught|133\/380
|-damage|p2a: Latios|271\/301|[from] item: Life Orb
|move|p1a: Chesnaught|Leech Seed|p2a: Latios
|-start|p2a: Latios|move: Leech Seed
|
|-heal|p1a: Chesnaught|156\/380|[from] item: Leftovers
|-damage|p2a: Latios|234\/301|[from] Leech Seed|[of] p1a: Chesnaught
|-heal|p1a: Chesnaught|193\/380|[silent]
|turn|22
|c|★MajesticM|idk I used the speed thing
|
|switch|p2a: Celebi|Celebi|403\/403
|-damage|p2a: Celebi|336\/403|[from] Spikes
|move|p1a: Chesnaught|Spiky Shield|p1a: Chesnaught
|-fail|p1a: Chesnaught
|
|-heal|p2a: Celebi|361\/403|[from] item: Leftovers
|-heal|p1a: Chesnaught|216\/380|[from] item: Leftovers
|turn|23
|c| Hiye|imo hes gona spike
|c| Hiye|predicting the bp
|
|switch|p1a: Charizard|Charizard, F|359\/359
|move|p2a: Celebi|Baton Pass|p2a: Celebi
|c| Hiye|o
|
|switch|p2a: Latios|Latios, M|234\/301
|
|turn|24
|c| Hiye|that jirachi is standing in the way of latios
|
|switch|p1a: Jirachi|Jirachi|404\/404
|move|p2a: Latios|Draco Meteor|p1a: Jirachi
|-resisted|p1a: Jirachi
|-damage|p1a: Jirachi|292\/404
|-unboost|p2a: Latios|spa|2
|-damage|p2a: Latios|204\/301|[from] item: Life Orb
|
|-heal|p1a: Jirachi|317\/404|[from] item: Leftovers
|turn|25
|c| Hiye|looks like azu cleans with a belly drum tho
|c|★MajesticM|that it is
|
|switch|p2a: Celebi|Celebi|361\/403
|-damage|p2a: Celebi|294\/403|[from] Spikes
|move|p1a: Jirachi|Stealth Rock|p2a: Celebi
|-sidestart|p2: MajesticM|move: Stealth Rock
|
|-heal|p2a: Celebi|319\/403|[from] item: Leftovers
|-heal|p1a: Jirachi|342\/404|[from] item: Leftovers
|turn|26
|c|★MajesticM|the jirachi i mean
|
|switch|p1a: Charizard|Charizard, F|359\/359
|move|p2a: Celebi|Baton Pass|p2a: Celebi
|
|switch|p2a: Latios|Latios, M|204\/301
|-damage|p2a: Latios|167\/301|[from] Stealth Rock
|
|turn|27
|
|switch|p1a: Tornadus-Therian|Tornadus-Therian, M|155\/347
|move|p2a: Latios|Defog|p1a: Tornadus-Therian
|-unboost|p1a: Tornadus-Therian|evasion|1
|-sideend|p2: MajesticM|Spikes|[from] move: Defog|[of] p2a: Latios
|-sideend|p2: MajesticM|Stealth Rock|[from] move: Defog|[of] p2a: Latios
|
|turn|28
|c| Hiye|rekt af
|
|move|p1a: Tornadus-Therian|U-turn|p2a: Latios
|-supereffective|p2a: Latios
|-damage|p2a: Latios|45\/301
|
|switch|p1a: Jirachi|Jirachi|342\/404
|move|p2a: Latios|Psyshock|p1a: Jirachi
|-resisted|p1a: Jirachi
|-damage|p1a: Jirachi|295\/404
|-damage|p2a: Latios|15\/301|[from] item: Life Orb
|
|-heal|p1a: Jirachi|320\/404|[from] item: Leftovers
|turn|29
|c| Hiye|lol
|join|dorkman75
|c| Hiye|why did he u turn
|c| dorkman75|hiye hi
|c| Hiye|hi
|
|move|p1a: Jirachi|Protect|p1a: Jirachi
|-singleturn|p1a: Jirachi|Protect
|move|p2a: Latios|Hidden Power|p1a: Jirachi
|-activate|p1a: Jirachi|Protect
|
|-heal|p1a: Jirachi|345\/404|[from] item: Leftovers
|turn|30
|
|move|p2a: Latios|Hidden Power|p1a: Jirachi
|-supereffective|p1a: Jirachi
|-damage|p1a: Jirachi|205\/404
|-damage|p2a: Latios|0 fnt|[from] item: Life Orb
|faint|p2a: Latios
|move|p1a: Jirachi|Stealth Rock|p2: Latios
|-sidestart|p2: MajesticM|move: Stealth Rock
|
|-heal|p1a: Jirachi|230\/404|[from] item: Leftovers
|
|switch|p2a: Azumarill|Azumarill, M|354\/354
|-damage|p2a: Azumarill|310\/354|[from] Stealth Rock
|turn|31
|c| Hiye|ITS TIME
|
|move|p1a: Jirachi|Wish|p1a: Jirachi
|move|p2a: Azumarill|Belly Drum|p2a: Azumarill
|-damage|p2a: Azumarill|133\/354
|-setboost|p2a: Azumarill|atk|6|[from] move: Belly Drum
|-enditem|p2a: Azumarill|Sitrus Berry|[eat]
|-heal|p2a: Azumarill|221\/354|[from] item: Sitrus Berry
|
|-heal|p1a: Jirachi|255\/404|[from] item: Leftovers
|turn|32
|c| Hiye|yay
|c| Hiye|plz tell me ur running speed
|
|move|p1a: Jirachi|Protect|p1a: Jirachi
|-singleturn|p1a: Jirachi|Protect
|move|p2a: Azumarill|Aqua Jet|p1a: Jirachi
|-activate|p1a: Jirachi|Protect
|
|-heal|p1a: Jirachi|404\/404|[from] move: Wish|[wisher] Jirachi
|turn|33
|c| dorkman75|uh oh
|c| dorkman75|someones gonna live a hit
|
|switch|p1a: Tornadus-Therian|Tornadus-Therian, M|270\/347
|move|p2a: Azumarill|Aqua Jet|p1a: Tornadus-Therian
|-damage|p1a: Tornadus-Therian|0 fnt
|faint|p1a: Tornadus-Therian
|
|c| dorkman75|o
|c| Hiye|char does
|
|switch|p1a: Charizard|Charizard, F|359\/359
|turn|34
|c| Hiye|gets a willo off
|
|detailschange|p1a: Charizard|Charizard-Mega-X, F
|-mega|p1a: Charizard|Charizard|Charizardite X
|move|p2a: Azumarill|Aqua Jet|p1a: Charizard
|-damage|p1a: Charizard|100\/359
|move|p1a: Charizard|Will-O-Wisp|p2a: Azumarill
|-status|p2a: Azumarill|brn
|
|-damage|p2a: Azumarill|177\/354 brn|[from] brn
|turn|35
|c| Hiye|aye play ruf here if real
|
|switch|p1a: Jirachi|Jirachi|404\/404
|move|p2a: Azumarill|Play Rough|p1a: Jirachi
|-resisted|p1a: Jirachi
|-damage|p1a: Jirachi|217\/404
|
|-heal|p1a: Jirachi|242\/404|[from] item: Leftovers
|-damage|p2a: Azumarill|133\/354 brn|[from] brn
|turn|36
|c| Hiye|o darn
|c| Hiye|tat still did alot
|
|move|p1a: Jirachi|Protect|p1a: Jirachi
|-singleturn|p1a: Jirachi|Protect
|move|p2a: Azumarill|Knock Off|p1a: Jirachi
|-activate|p1a: Jirachi|Protect
|
|-heal|p1a: Jirachi|267\/404|[from] item: Leftovers
|-damage|p2a: Azumarill|89\/354 brn|[from] brn
|turn|37
|
|move|p2a: Azumarill|Aqua Jet|p1a: Jirachi
|-damage|p1a: Jirachi|90\/404
|move|p1a: Jirachi|Iron Head|p2a: Azumarill
|-damage|p2a: Azumarill|0 fnt
|faint|p2a: Azumarill
|
|-heal|p1a: Jirachi|115\/404|[from] item: Leftovers
|c| Hiye|if he goes to chesnaught im done
|c| Hiye|yay
|
|switch|p2a: Lopunny|Lopunny-Mega, F|238\/272
|-damage|p2a: Lopunny|221\/272|[from] Stealth Rock
|turn|38
|
|move|p2a: Lopunny|Fake Out|p1a: Jirachi
|-resisted|p1a: Jirachi
|-damage|p1a: Jirachi|75\/404
|cant|p1a: Jirachi|flinch
|
|-heal|p1a: Jirachi|100\/404|[from] item: Leftovers
|turn|39
|c| Hiye|...
|c|★MajesticM|lol why not
|
|move|p1a: Jirachi|Protect|p1a: Jirachi
|-singleturn|p1a: Jirachi|Protect
|move|p2a: Lopunny|Return|p1a: Jirachi
|-activate|p1a: Jirachi|Protect
|
|-heal|p1a: Jirachi|125\/404|[from] item: Leftovers
|turn|40
|c| Hiye|bop af
|c| Hiye|jirachi dies now
|c| dorkman75|wtf
|c|★MajesticM|plz no two protect
|
|move|p2a: Lopunny|High Jump Kick|p1a: Jirachi
|-damage|p1a: Jirachi|0 fnt
|faint|p1a: Jirachi
|
|c| dorkman75|im below 1300
|c| dorkman75|lmao
|
|switch|p1a: Chesnaught|Chesnaught, M|216\/380
|turn|41
|c| dorkman75|im making an alt
|c| Hiye|ya
|
|move|p2a: Lopunny|Ice Punch|p1a: Chesnaught
|-supereffective|p1a: Chesnaught
|-damage|p1a: Chesnaught|90\/380
|move|p1a: Chesnaught|Drain Punch|p2a: Lopunny
|-supereffective|p2a: Lopunny
|-damage|p2a: Lopunny|15\/272
|-heal|p1a: Chesnaught|193\/380|[from] drain|[of] p2a: Lopunny
|
|-heal|p1a: Chesnaught|216\/380|[from] item: Leftovers
|turn|42
|c| Hiye|NOOOO
|c|★MajesticM|so freaking bulky man lol
|join|420MLGYOLO420
|c| Hiye|fake out
|c| Hiye|if real
|c| Hiye|wait no
|c| 420MLGYOLO420|there we go
|c| Hiye|that doesn't do anything
|c|★MajesticM|hmm. gonna try something
|c| Hiye|ya that's gg
|
|move|p1a: Chesnaught|Spiky Shield|p1a: Chesnaught
|-singleturn|p1a: Chesnaught|move: Protect
|move|p2a: Lopunny|Fake Out|p1a: Chesnaught
|-activate|p1a: Chesnaught|move: Protect
|-damage|p2a: Lopunny|0 fnt|[from] Spiky Shield|[of] p1a: Chesnaught
|faint|p2a: Lopunny
|
|-heal|p1a: Chesnaught|239\/380|[from] item: Leftovers
|c| Hiye|WTF
|c| Hiye|WHAT
|c| 420MLGYOLO420|what
|c|★MajesticM|lol i knew he'd do it, it didnt matter
|
|switch|p2a: Celebi|Celebi|319\/403
|-damage|p2a: Celebi|269\/403|[from] Stealth Rock
|turn|43
|c| 420MLGYOLO420|psychic?
|c| Hiye|Why does that make contact
|c|★MajesticM|idek smh
|c| Hiye|welp
|c| Hiye|aye reaveal nasty plot max speed earth power
|-message|MajesticM forfeited.
|
|win|qwazz
|c| Hiye|o well
|leave|MajesticM
|leave|Hiye
|player|p2
|leave|420MLGYOLO420