|join|BellyDrumZohan
|join|b4winds
|player|p1|BellyDrumZohan|76
|player|p2|b4winds|102
|gametype|singles
|gen|6
|tier|UU
|rated
|rule|Sleep Clause Mod: Limit one foe put to sleep
|rule|Species Clause: Limit one of each Pokémon
|rule|OHKO Clause: OHKO moves are banned
|rule|Moody Clause: Moody is banned
|rule|Evasion Moves Clause: Evasion moves are banned
|rule|Endless Battle Clause: Forcing endless battles is banned
|rule|HP Percentage Mod: HP is shown in percentages
|clearpoke
|poke|p1|Trevenant, M
|poke|p1|Blissey, F
|poke|p1|Scrafty, F
|poke|p1|Starmie
|poke|p1|Galvantula, M
|poke|p1|Infernape, F
|poke|p2|Porygon-Z
|poke|p2|Magneton
|poke|p2|Manaphy
|poke|p2|Crobat, M
|poke|p2|Krookodile, F
|poke|p2|Ampharos, M
|rule|Swagger Clause: Swagger is banned
|rule|Baton Pass Clause: Limit one Pokémon knowing Baton Pass
|teampreview
|
|start
|switch|p1a: Starmie|Starmie|261\/261
|switch|p2a: Crobat|Crobat, M|373\/373
|turn|1
|
|move|p2a: Crobat|U-turn|p1a: Starmie
|-supereffective|p1a: Starmie
|-damage|p1a: Starmie|141\/261
|
|switch|p2a: Magneton|Magneton|242\/242
|move|p1a: Starmie|Hydro Pump|p2a: Magneton
|-damage|p2a: Magneton|0 fnt
|-damage|p1a: Starmie|115\/261|[from] item: Life Orb
|faint|p2a: Magneton
|
|
|switch|p2a: Crobat|Crobat, M|373\/373
|turn|2
|
|switch|p1a: Scrafty|Scrafty, F|334\/334
|move|p2a: Crobat|Brave Bird|p1a: Scrafty
|-supereffective|p1a: Scrafty
|-damage|p1a: Scrafty|70\/334
|-damage|p2a: Crobat|286\/373|[from] recoil|[of] p1a: Scrafty
|
|-heal|p2a: Crobat|309\/373|[from] item: Black Sludge
|-heal|p1a: Scrafty|90\/334|[from] item: Leftovers
|turn|3
|
|move|p2a: Crobat|Brave Bird|p1a: Scrafty
|-supereffective|p1a: Scrafty
|-damage|p1a: Scrafty|0 fnt
|-damage|p2a: Crobat|279\/373|[from] recoil|[of] p1a: Scrafty
|faint|p1a: Scrafty
|
|-heal|p2a: Crobat|302\/373|[from] item: Black Sludge
|
|switch|p1a: Infernape|Infernape, F|293\/293
|turn|4
|
|switch|p2a: Krookodile|Krookodile, F|332\/332
|-ability|p2a: Krookodile|Intimidate|[of] p1a: Infernape
|-unboost|p1a: Infernape|atk|1
|move|p1a: Infernape|U-turn|p2a: Krookodile
|-supereffective|p2a: Krookodile
|-damage|p2a: Krookodile|218\/332
|
|switch|p1a: Starmie|Starmie|115\/261
|
|turn|5
|
|move|p2a: Krookodile|Knock Off|p1a: Starmie
|-supereffective|p1a: Starmie
|-damage|p1a: Starmie|0 fnt
|-enditem|p1a: Starmie|Life Orb|[from] move: Knock Off|[of] p2a: Krookodile
|faint|p1a: Starmie
|
|
|switch|p1a: Infernape|Infernape, F|293\/293
|turn|6
|
|switch|p2a: Ampharos|Ampharos, M|353\/353
|move|p1a: Infernape|Flare Blitz|p2a: Ampharos
|-damage|p2a: Ampharos|131\/353
|-status|p2a: Ampharos|brn
|-damage|p1a: Infernape|220\/293|[from] recoil|[of] p2a: Ampharos
|
|-damage|p2a: Ampharos|87\/353 brn|[from] brn
|turn|7
|
|detailschange|p2a: Ampharos|Ampharos-Mega, M
|message|Ampharos has Mega Evolved into Mega Ampharos!
|-ability|p2a: Ampharos|Mold Breaker
|move|p1a: Infernape|Flare Blitz|p2a: Ampharos
|-resisted|p2a: Ampharos
|-damage|p2a: Ampharos|0 fnt
|-damage|p1a: Infernape|191\/293|[from] recoil|[of] p2a: Ampharos
|faint|p2a: Ampharos
|
|
|switch|p2a: Krookodile|Krookodile, F|218\/332
|-ability|p2a: Krookodile|Intimidate|[of] p1a: Infernape
|-unboost|p1a: Infernape|atk|1
|turn|8
|
|move|p1a: Infernape|Flare Blitz|p2a: Krookodile
|-damage|p2a: Krookodile|82\/332
|-damage|p1a: Infernape|146\/293|[from] recoil|[of] p2a: Krookodile
|move|p2a: Krookodile|Earthquake|p1a: Infernape
|-supereffective|p1a: Infernape
|-damage|p1a: Infernape|0 fnt
|faint|p1a: Infernape
|
|
|switch|p1a: Trevenant|Trevenant, M|354\/354
|turn|9
|
|switch|p2a: Crobat|Crobat, M|302\/373
|move|p1a: Trevenant|Rock Slide|p2a: Crobat
|-miss|p1a: Trevenant|p2a: Crobat
|
|-heal|p2a: Crobat|325\/373|[from] item: Black Sludge
|turn|10
|
|move|p2a: Crobat|Brave Bird|p1a: Trevenant
|-supereffective|p1a: Trevenant
|-damage|p1a: Trevenant|0 fnt
|-damage|p2a: Crobat|208\/373|[from] recoil|[of] p1a: Trevenant
|faint|p1a: Trevenant
|
|-heal|p2a: Crobat|231\/373|[from] item: Black Sludge
|
|switch|p1a: Galvantula|Galvantula, M|281\/281
|turn|11
|-message|BellyDrumZohan forfeited.
|
|win|b4winds
|raw|Ladder updating...
|leave|BellyDrumZohan
|player|p1
|raw|BellyDrumZohan's rating: 1432 &rarr; <strong>1412<\/strong><br \/>(-20 for losing)
|raw|b4winds's rating: 1432 &rarr; <strong>1452<\/strong><br \/>(+20 for winning)