|join|Sweep
|join|tuRkles
|player|p1|Sweep|213
|player|p2|tuRkles|115
|gametype|singles
|gen|6
|tier|UU
|rated
|rule|Sleep Clause Mod: Limit one foe put to sleep
|rule|Species Clause: Limit one of each Pokémon
|rule|OHKO Clause: OHKO moves are banned
|rule|Moody Clause: Moody is banned
|rule|Evasion Moves Clause: Evasion moves are banned
|rule|Endless Battle Clause: Forcing endless battles is banned
|rule|HP Percentage Mod: HP is shown in percentages
|clearpoke
|poke|p1|Yanmega, F
|poke|p1|Krookodile, M
|poke|p1|Blastoise, M
|poke|p1|Azelf
|poke|p1|Metagross
|poke|p1|Entei, shiny
|poke|p2|Jirachi
|poke|p2|Lucario, F
|poke|p2|Krookodile, M
|poke|p2|Togekiss, F
|poke|p2|Blastoise, M
|poke|p2|Raikou
|rule|Swagger Clause: Swagger is banned
|rule|Baton Pass Clause: Limit one Pokémon knowing Baton Pass
|teampreview
|
|start
|switch|p1a: Entei|Entei, shiny|371\/371
|switch|p2a: Jirachi|Jirachi|341\/341
|-ability|p1a: Entei|Pressure
|turn|1
|
|move|p2a: Jirachi|U-turn|p1a: Entei
|-resisted|p1a: Entei
|-damage|p1a: Entei|332\/371
|
|switch|p2a: Blastoise|Blastoise, M|334\/334
|move|p1a: Entei|Sacred Fire|p2a: Blastoise
|-resisted|p2a: Blastoise
|-damage|p2a: Blastoise|221\/334
|-status|p2a: Blastoise|brn
|
|-damage|p2a: Blastoise|180\/334 brn|[from] brn
|turn|2
|
|switch|p1a: Azelf|Azelf|291\/291
|detailschange|p2a: Blastoise|Blastoise-Mega, M
|message|Blastoise has Mega Evolved into Mega Blastoise!
|move|p2a: Blastoise|Scald|p1a: Azelf
|-damage|p1a: Azelf|66\/291
|-status|p1a: Azelf|brn
|
|-damage|p1a: Azelf|30\/291 brn|[from] brn
|-damage|p2a: Blastoise|139\/334 brn|[from] brn
|turn|3
|
|switch|p1a: Blastoise|Blastoise, M|331\/331
|move|p2a: Blastoise|Rapid Spin|p1a: Blastoise
|-damage|p1a: Blastoise|323\/331
|
|-damage|p2a: Blastoise|98\/334 brn|[from] brn
|turn|4
|
|detailschange|p1a: Blastoise|Blastoise-Mega, M
|message|Blastoise has Mega Evolved into Mega Blastoise!
|move|p1a: Blastoise|Dragon Pulse|p2a: Blastoise
|-damage|p2a: Blastoise|0 fnt
|faint|p2a: Blastoise
|
|
|switch|p2a: Togekiss|Togekiss, F|374\/374
|turn|5
|
|move|p2a: Togekiss|Thunder Wave|p1a: Blastoise
|-status|p1a: Blastoise|par
|cant|p1a: Blastoise|par
|
|turn|6
|c|★Sweep|oh great, togekiss is getting tested again
|
|move|p2a: Togekiss|Nasty Plot|p2a: Togekiss
|-boost|p2a: Togekiss|spa|2
|move|p1a: Blastoise|Ice Beam|p2a: Togekiss
|-supereffective|p2a: Togekiss
|-damage|p2a: Togekiss|156\/374
|-status|p2a: Togekiss|frz
|
|-heal|p2a: Togekiss|179\/374 frz|[from] item: Leftovers
|turn|7
|
|cant|p2a: Togekiss|frz
|move|p1a: Blastoise|Ice Beam|p2a: Togekiss
|-supereffective|p2a: Togekiss
|-damage|p2a: Togekiss|0 fnt
|faint|p2a: Togekiss
|
|c|★Sweep|sry x_x
|
|switch|p2a: Raikou|Raikou|322\/322
|-ability|p2a: Raikou|Pressure
|turn|8
|
|switch|p1a: Krookodile|Krookodile, M|331\/331
|-ability|p1a: Krookodile|Intimidate|[of] p2a: Raikou
|-unboost|p2a: Raikou|atk|1
|move|p2a: Raikou|Thunderbolt|p1a: Krookodile
|-immune|p1a: Krookodile|[msg]
|
|turn|9
|
|switch|p2a: Krookodile|Krookodile, M|331\/331
|-ability|p2a: Krookodile|Intimidate|[of] p1a: Krookodile
|-unboost|p1a: Krookodile|atk|1
|move|p1a: Krookodile|Earthquake|p2a: Krookodile
|-damage|p2a: Krookodile|148\/331
|
|turn|10
|
|move|p1a: Krookodile|Earthquake|p2a: Krookodile
|-damage|p2a: Krookodile|0 fnt
|faint|p2a: Krookodile
|
|
|switch|p2a: Lucario|Lucario, F|281\/281
|turn|11
|c|★tuRkles|missclick
|-message|tuRkles forfeited.
|
|win|Sweep
|raw|Ladder updating...
|leave|tuRkles
|player|p2
|raw|Sweep's rating: 1725 &rarr; <strong>1737<\/strong><br \/>(+12 for winning)
|raw|tuRkles's rating: 1573 &rarr; <strong>1562<\/strong><br \/>(-11 for losing)