|join|tuRkles
|join|Decision Makers
|player|p1|tuRkles|115
|player|p2|Decision Makers|88
|gametype|singles
|gen|6
|tier|UU
|rated
|rule|Sleep Clause Mod: Limit one foe put to sleep
|rule|Species Clause: Limit one of each Pokémon
|rule|OHKO Clause: OHKO moves are banned
|rule|Moody Clause: Moody is banned
|rule|Evasion Moves Clause: Evasion moves are banned
|rule|Endless Battle Clause: Forcing endless battles is banned
|rule|HP Percentage Mod: HP is shown in percentages
|clearpoke
|poke|p1|Jirachi
|poke|p1|Lucario, F
|poke|p1|Krookodile, F
|poke|p1|Togekiss, F
|poke|p1|Blastoise, M
|poke|p1|Raikou
|poke|p2|Meloetta
|poke|p2|Krookodile, M
|poke|p2|Sableye, M
|poke|p2|Crobat, M
|poke|p2|Blissey, F
|poke|p2|Suicune
|rule|Swagger Clause: Swagger is banned
|rule|Baton Pass Clause: Limit one Pokémon knowing Baton Pass
|teampreview
|
|start
|switch|p1a: Blastoise|Blastoise, M|334\/334
|switch|p2a: Krookodile|Krookodile, M|393\/393
|-ability|p2a: Krookodile|Intimidate|[of] p1a: Blastoise
|-unboost|p1a: Blastoise|atk|1
|turn|1
|
|switch|p2a: Suicune|Suicune|403\/403
|-ability|p2a: Suicune|Pressure
|detailschange|p1a: Blastoise|Blastoise-Mega, M
|message|Blastoise has Mega Evolved into Mega Blastoise!
|move|p1a: Blastoise|Scald|p2a: Suicune
|-crit|p2a: Suicune
|-resisted|p2a: Suicune
|-damage|p2a: Suicune|288\/403
|
|-heal|p2a: Suicune|313\/403|[from] item: Leftovers
|turn|2
|
|move|p1a: Blastoise|Dark Pulse|p2a: Suicune
|-damage|p2a: Suicune|174\/403
|move|p2a: Suicune|Scald|p1a: Blastoise
|-resisted|p1a: Blastoise
|-damage|p1a: Blastoise|298\/334
|
|-heal|p2a: Suicune|199\/403|[from] item: Leftovers
|turn|3
|
|switch|p2a: Blissey|Blissey, F|653\/653
|move|p1a: Blastoise|Dark Pulse|p2a: Blissey
|-damage|p2a: Blissey|545\/653
|
|-heal|p2a: Blissey|585\/653|[from] item: Leftovers
|turn|4
|
|switch|p1a: Togekiss|Togekiss, F|374\/374
|move|p2a: Blissey|Wish|p2a: Blissey
|
|-heal|p2a: Blissey|625\/653|[from] item: Leftovers
|turn|5
|
|switch|p2a: Meloetta|Meloetta|404\/404
|move|p1a: Togekiss|Nasty Plot|p1a: Togekiss
|-boost|p1a: Togekiss|spa|2
|
|turn|6
|
|move|p1a: Togekiss|Thunder Wave|p2a: Meloetta
|-status|p2a: Meloetta|par
|move|p2a: Meloetta|Calm Mind|p2a: Meloetta
|-boost|p2a: Meloetta|spa|1
|-boost|p2a: Meloetta|spd|1
|
|turn|7
|
|move|p1a: Togekiss|Air Slash|p2a: Meloetta
|-damage|p2a: Meloetta|275\/404 par
|cant|p2a: Meloetta|par
|
|-heal|p2a: Meloetta|300\/404 par|[from] item: Leftovers
|turn|8
|
|move|p1a: Togekiss|Nasty Plot|p1a: Togekiss
|-boost|p1a: Togekiss|spa|2
|move|p2a: Meloetta|Psyshock|p1a: Togekiss
|-damage|p1a: Togekiss|181\/374
|
|-heal|p1a: Togekiss|204\/374|[from] item: Leftovers
|-heal|p2a: Meloetta|325\/404 par|[from] item: Leftovers
|turn|9
|
|move|p1a: Togekiss|Air Slash|p2a: Meloetta
|-damage|p2a: Meloetta|136\/404 par
|move|p2a: Meloetta|Psyshock|p1a: Togekiss
|-damage|p1a: Togekiss|35\/374
|
|-heal|p1a: Togekiss|58\/374|[from] item: Leftovers
|-heal|p2a: Meloetta|161\/404 par|[from] item: Leftovers
|turn|10
|
|move|p1a: Togekiss|Air Slash|p2a: Meloetta
|-damage|p2a: Meloetta|0 fnt
|faint|p2a: Meloetta
|
|-heal|p1a: Togekiss|81\/374|[from] item: Leftovers
|
|switch|p2a: Crobat|Crobat, M|373\/373
|turn|11
|
|switch|p1a: Jirachi|Jirachi|341\/341
|move|p2a: Crobat|Brave Bird|p1a: Jirachi
|-resisted|p1a: Jirachi
|-damage|p1a: Jirachi|270\/341
|-damage|p2a: Crobat|350\/373|[from] recoil|[of] p1a: Jirachi
|
|-heal|p2a: Crobat|373\/373|[from] item: Black Sludge
|turn|12
|
|move|p1a: Jirachi|Stealth Rock|p2a: Crobat
|-sidestart|p2: Decision Makers|move: Stealth Rock
|move|p2a: Crobat|Brave Bird|p1a: Jirachi
|-crit|p1a: Jirachi
|-resisted|p1a: Jirachi
|-damage|p1a: Jirachi|159\/341
|-damage|p2a: Crobat|336\/373|[from] recoil|[of] p1a: Jirachi
|
|-heal|p2a: Crobat|359\/373|[from] item: Black Sludge
|turn|13
|
|switch|p1a: Krookodile|Krookodile, F|331\/331
|-ability|p1a: Krookodile|Intimidate|[of] p2a: Crobat
|-unboost|p2a: Crobat|atk|1
|move|p2a: Crobat|Defog|p1a: Krookodile
|-unboost|p1a: Krookodile|evasion|1
|-sideend|p2: Decision Makers|Stealth Rock|[from] move: Defog|[of] p2a: Crobat
|
|-heal|p2a: Crobat|373\/373|[from] item: Black Sludge
|turn|14
|
|move|p1a: Krookodile|Pursuit|p2a: Crobat|[from]Pursuit
|-damage|p2a: Crobat|120\/373
|switch|p2a: Krookodile|Krookodile, M|393\/393
|-ability|p2a: Krookodile|Intimidate|[of] p1a: Krookodile
|-unboost|p1a: Krookodile|atk|1
|
|turn|15
|
|switch|p1a: Blastoise|Blastoise-Mega, M|298\/334
|move|p2a: Krookodile|Knock Off|p1a: Blastoise
|-damage|p1a: Blastoise|220\/334
|
|turn|16
|
|switch|p2a: Blissey|Blissey, F|625\/653
|switch|p1a: Lucario|Lucario, F|281\/281
|
|-heal|p2a: Blissey|653\/653|[from] item: Leftovers
|turn|17
|
|switch|p2a: Sableye|Sableye, M|304\/304
|move|p1a: Lucario|Crunch|p2a: Sableye
|-damage|p2a: Sableye|192\/304
|-damage|p1a: Lucario|253\/281|[from] item: Life Orb
|
|-heal|p2a: Sableye|211\/304|[from] item: Leftovers
|turn|18
|
|switch|p1a: Blastoise|Blastoise-Mega, M|220\/334
|move|p2a: Sableye|Will-O-Wisp|p1a: Blastoise
|-status|p1a: Blastoise|brn
|
|-heal|p2a: Sableye|230\/304|[from] item: Leftovers
|-damage|p1a: Blastoise|179\/334 brn|[from] brn
|turn|19
|
|switch|p2a: Suicune|Suicune|199\/403
|-ability|p2a: Suicune|Pressure
|move|p1a: Blastoise|Scald|p2a: Suicune
|-resisted|p2a: Suicune
|-damage|p2a: Suicune|132\/403
|
|-heal|p2a: Suicune|157\/403|[from] item: Leftovers
|-damage|p1a: Blastoise|138\/334 brn|[from] brn
|turn|20
|
|move|p1a: Blastoise|Dark Pulse|p2a: Suicune
|-crit|p2a: Suicune
|-damage|p2a: Suicune|0 fnt
|faint|p2a: Suicune
|
|-damage|p1a: Blastoise|97\/334 brn|[from] brn
|c|★Decision Makers|really lmao
|c|★tuRkles|sorry bro kek
|
|switch|p2a: Crobat|Crobat, M|120\/373
|turn|21
|
|move|p2a: Crobat|Brave Bird|p1a: Blastoise
|-damage|p1a: Blastoise|0 fnt
|-damage|p2a: Crobat|88\/373|[from] recoil|[of] p1a: Blastoise
|faint|p1a: Blastoise
|
|-heal|p2a: Crobat|111\/373|[from] item: Black Sludge
|c|★Decision Makers|now i can't win
|c|★Decision Makers|rofl
|
|switch|p1a: Krookodile|Krookodile, F|331\/331
|-ability|p1a: Krookodile|Intimidate|[of] p2a: Crobat
|-unboost|p2a: Crobat|atk|1
|turn|22
|
|move|p2a: Crobat|Roost|p2a: Crobat
|-heal|p2a: Crobat|298\/373
|move|p1a: Krookodile|Pursuit|p2a: Crobat
|-damage|p2a: Crobat|175\/373
|
|-heal|p2a: Crobat|198\/373|[from] item: Black Sludge
|turn|23
|
|move|p1a: Krookodile|Pursuit|p2a: Crobat|[from]Pursuit
|-damage|p2a: Crobat|0 fnt
|faint|p2a: Crobat
|
|
|switch|p2a: Sableye|Sableye, M|230\/304
|turn|24
|
|switch|p1a: Raikou|Raikou|322\/322
|-ability|p1a: Raikou|Pressure
|move|p2a: Sableye|Will-O-Wisp|p1a: Raikou
|-status|p1a: Raikou|brn
|
|-heal|p2a: Sableye|249\/304|[from] item: Leftovers
|-damage|p1a: Raikou|282\/322 brn|[from] brn
|turn|25
|
|move|p1a: Raikou|Volt Switch|p2a: Sableye
|-damage|p2a: Sableye|23\/304
|
|switch|p1a: Togekiss|Togekiss, F|81\/374
|move|p2a: Sableye|Knock Off|p1a: Togekiss
|-resisted|p1a: Togekiss
|-damage|p1a: Togekiss|42\/374
|-enditem|p1a: Togekiss|Leftovers|[from] move: Knock Off|[of] p2a: Sableye
|
|-heal|p2a: Sableye|42\/304|[from] item: Leftovers
|turn|26
|
|move|p2a: Sableye|Taunt|p1a: Togekiss
|-start|p1a: Togekiss|move: Taunt
|cant|p1a: Togekiss|move: Taunt|Thunder Wave
|
|-heal|p2a: Sableye|61\/304|[from] item: Leftovers
|turn|27
|
|switch|p1a: Raikou|Raikou|282\/322 brn
|-ability|p1a: Raikou|Pressure
|switch|p2a: Blissey|Blissey, F|653\/653
|
|-damage|p1a: Raikou|242\/322 brn|[from] brn
|turn|28
|
|move|p1a: Raikou|Hidden Power|p2a: Blissey
|-damage|p2a: Blissey|594\/653
|move|p2a: Blissey|Seismic Toss|p1a: Raikou
|-damage|p1a: Raikou|142\/322 brn
|
|-heal|p2a: Blissey|634\/653|[from] item: Leftovers
|-damage|p1a: Raikou|102\/322 brn|[from] brn
|turn|29
|
|switch|p1a: Krookodile|Krookodile, F|331\/331
|-ability|p1a: Krookodile|Intimidate|[of] p2a: Blissey
|-unboost|p2a: Blissey|atk|1
|move|p2a: Blissey|Wish|p2a: Blissey
|
|-heal|p2a: Blissey|653\/653|[from] item: Leftovers
|turn|30
|
|switch|p2a: Krookodile|Krookodile, M|393\/393
|-ability|p2a: Krookodile|Intimidate|[of] p1a: Krookodile
|-unboost|p1a: Krookodile|atk|1
|move|p1a: Krookodile|Knock Off|p2a: Krookodile
|-resisted|p2a: Krookodile
|-damage|p2a: Krookodile|327\/393
|-enditem|p2a: Krookodile|Leftovers|[from] move: Knock Off|[of] p1a: Krookodile
|
|-heal|p2a: Krookodile|393\/393|[from] move: Wish|[wisher] Blissey
|turn|31
|
|switch|p1a: Togekiss|Togekiss, F|42\/374
|move|p2a: Krookodile|Stealth Rock|p1a: Togekiss
|-sidestart|p1: tuRkles|move: Stealth Rock
|
|turn|32
|
|move|p1a: Togekiss|Air Slash|p2a: Krookodile
|-damage|p2a: Krookodile|245\/393
|cant|p2a: Krookodile|flinch
|
|turn|33
|
|move|p1a: Togekiss|Air Slash|p2a: Krookodile
|-damage|p2a: Krookodile|89\/393
|cant|p2a: Krookodile|flinch
|
|turn|34
|
|move|p1a: Togekiss|Air Slash|p2a: Krookodile
|-damage|p2a: Krookodile|0 fnt
|faint|p2a: Krookodile
|
|
|switch|p2a: Blissey|Blissey, F|653\/653
|turn|35
|
|move|p1a: Togekiss|Air Slash|p2a: Blissey
|-damage|p2a: Blissey|578\/653
|move|p2a: Blissey|Seismic Toss|p1a: Togekiss
|-damage|p1a: Togekiss|0 fnt
|faint|p1a: Togekiss
|
|-heal|p2a: Blissey|618\/653|[from] item: Leftovers
|
|switch|p1a: Lucario|Lucario, F|253\/281
|-damage|p1a: Lucario|245\/281|[from] Stealth Rock
|turn|36
|
|move|p1a: Lucario|Swords Dance|p1a: Lucario
|-boost|p1a: Lucario|atk|2
|move|p2a: Blissey|Soft-Boiled|p2a: Blissey
|-heal|p2a: Blissey|653\/653
|
|turn|37
|
|move|p1a: Lucario|Crunch|p2a: Blissey
|-damage|p2a: Blissey|195\/653
|-damage|p1a: Lucario|217\/281|[from] item: Life Orb
|move|p2a: Blissey|Seismic Toss|p1a: Lucario
|-damage|p1a: Lucario|117\/281
|
|-heal|p2a: Blissey|235\/653|[from] item: Leftovers
|turn|38
|
|move|p1a: Lucario|Crunch|p2a: Blissey
|-damage|p2a: Blissey|0 fnt
|-damage|p1a: Lucario|89\/281|[from] item: Life Orb
|faint|p2a: Blissey
|
|
|switch|p2a: Sableye|Sableye, M|61\/304
|turn|39
|
|move|p2a: Sableye|Recover|p2a: Sableye
|-heal|p2a: Sableye|213\/304
|move|p1a: Lucario|Crunch|p2a: Sableye
|-damage|p2a: Sableye|14\/304
|-damage|p1a: Lucario|61\/281|[from] item: Life Orb
|
|-heal|p2a: Sableye|33\/304|[from] item: Leftovers
|turn|40
|c|★Decision Makers|pezzente
|
|move|p2a: Sableye|Will-O-Wisp|p1a: Lucario
|-status|p1a: Lucario|brn
|move|p1a: Lucario|Crunch|p2a: Sableye
|-damage|p2a: Sableye|0 fnt
|-damage|p1a: Lucario|33\/281 brn|[from] item: Life Orb
|faint|p2a: Sableye
|
|win|tuRkles
|raw|Ladder updating...
|raw|tuRkles's rating: 1663 &rarr; <strong>1684<\/strong><br \/>(+21 for winning)
|raw|Decision Makers's rating: 1666 &rarr; <strong>1646<\/strong><br \/>(-20 for losing)