|join|SirVictini
|join|sbb wont get gud
|player|p1|SirVictini|177
|player|p2|sbb wont get gud|171
|gametype|singles
|gen|6
|tier|UU
|rated
|rule|Sleep Clause Mod: Limit one foe put to sleep
|rule|Species Clause: Limit one of each Pokémon
|rule|OHKO Clause: OHKO moves are banned
|rule|Moody Clause: Moody is banned
|rule|Evasion Moves Clause: Evasion moves are banned
|rule|Endless Battle Clause: Forcing endless battles is banned
|rule|HP Percentage Mod: HP is shown in percentages
|clearpoke
|poke|p1|Alakazam, F
|poke|p1|Raikou, shiny
|poke|p1|Mienshao, M
|poke|p1|Zygarde
|poke|p1|Swampert, M
|poke|p1|Florges, F
|poke|p2|Mienshao, F
|poke|p2|Empoleon, M
|poke|p2|Pidgeot, M
|poke|p2|Krookodile, M
|poke|p2|Florges, F
|poke|p2|Zygarde
|rule|Swagger Clause: Swagger is banned
|rule|Baton Pass Clause: Limit one Pokémon knowing Baton Pass
|teampreview
|c|★SirVictini|gl hf
|c|★sbb wont get gud|hav fun
|
|start
|switch|p1a: Mienshao|Mienshao, M|272\/272
|switch|p2a: Empoleon|Empoleon, M|361\/361
|turn|1
|
|switch|p2a: Florges|Florges, F|357\/357
|move|p1a: Mienshao|High Jump Kick|p2a: Florges
|-resisted|p2a: Florges
|-damage|p2a: Florges|223\/357
|
|-heal|p2a: Florges|245\/357|[from] item: Leftovers
|turn|2
|
|switch|p1a: Florges|Florges, F|360\/360
|switch|p2a: Empoleon|Empoleon, M|361\/361
|
|turn|3
|
|switch|p1a: Raikou|Raikou, shiny|322\/322
|-ability|p1a: Raikou|Pressure
|move|p2a: Empoleon|Stealth Rock|p1a: Raikou
|-sidestart|p1: SirVictini|move: Stealth Rock
|
|turn|4
|
|switch|p2a: Krookodile|Krookodile, M|331\/331
|-ability|p2a: Krookodile|Intimidate|[of] p1a: Raikou
|-unboost|p1a: Raikou|atk|1
|move|p1a: Raikou|Aura Sphere|p2a: Krookodile
|-supereffective|p2a: Krookodile
|-damage|p2a: Krookodile|0 fnt
|faint|p2a: Krookodile
|
|
|switch|p2a: Florges|Florges, F|245\/357
|turn|5
|
|switch|p1a: Florges|Florges, F|360\/360
|-damage|p1a: Florges|315\/360|[from] Stealth Rock
|move|p2a: Florges|Moonblast|p1a: Florges
|-damage|p1a: Florges|249\/360
|
|-heal|p2a: Florges|267\/357|[from] item: Leftovers
|-heal|p1a: Florges|271\/360|[from] item: Leftovers
|turn|6
|
|switch|p2a: Empoleon|Empoleon, M|361\/361
|move|p1a: Florges|Wish|p1a: Florges
|
|-heal|p1a: Florges|293\/360|[from] item: Leftovers
|turn|7
|
|switch|p1a: Raikou|Raikou, shiny|322\/322
|-damage|p1a: Raikou|282\/322|[from] Stealth Rock
|-ability|p1a: Raikou|Pressure
|move|p2a: Empoleon|Hydro Pump|p1a: Raikou|[miss]
|-miss|p2a: Empoleon|p1a: Raikou
|
|-heal|p1a: Raikou|322\/322|[from] move: Wish|[wisher] Florges
|turn|8
|
|switch|p2a: Zygarde|Zygarde|357\/357
|-ability|p2a: Zygarde|Aura Break
|move|p1a: Raikou|Volt Switch|p2a: Zygarde
|-immune|p2a: Zygarde|[msg]
|
|turn|9
|
|switch|p1a: Swampert|Swampert, M|401\/401
|-damage|p1a: Swampert|376\/401|[from] Stealth Rock
|switch|p2a: Florges|Florges, F|267\/357
|
|-heal|p2a: Florges|289\/357|[from] item: Leftovers
|-heal|p1a: Swampert|401\/401|[from] item: Leftovers
|turn|10
|
|switch|p2a: Empoleon|Empoleon, M|361\/361
|move|p1a: Swampert|Stealth Rock|p2a: Empoleon
|-sidestart|p2: sbb wont get gud|move: Stealth Rock
|
|turn|11
|
|move|p2a: Empoleon|Grass Knot|p1a: Swampert
|-supereffective|p1a: Swampert
|-damage|p1a: Swampert|0 fnt
|faint|p1a: Swampert
|
|
|switch|p1a: Alakazam|Alakazam, F|259\/259
|turn|12
|
|detailschange|p1a: Alakazam|Alakazam-Mega, F
|message|Alakazam has Mega Evolved into Mega Alakazam!
|-ability|p1a: Alakazam|Torrent|[from] ability: Trace|[of] p2a: Empoleon
|move|p1a: Alakazam|Focus Blast|p2a: Empoleon
|-supereffective|p2a: Empoleon
|-damage|p2a: Empoleon|5\/361
|move|p2a: Empoleon|Hydro Pump|p1a: Alakazam
|-damage|p1a: Alakazam|0 fnt
|faint|p1a: Alakazam
|
|-heal|p2a: Empoleon|27\/361|[from] item: Leftovers
|
|switch|p1a: Mienshao|Mienshao, M|272\/272
|-damage|p1a: Mienshao|255\/272|[from] Stealth Rock
|turn|13
|
|move|p1a: Mienshao|Knock Off|p2a: Empoleon
|-damage|p2a: Empoleon|0 fnt
|-enditem|p2a: Empoleon|Leftovers|[from] move: Knock Off|[of] p1a: Mienshao
|faint|p2a: Empoleon
|
|
|switch|p2a: Florges|Florges, F|289\/357
|-damage|p2a: Florges|245\/357|[from] Stealth Rock
|turn|14
|
|switch|p1a: Florges|Florges, F|293\/360
|-damage|p1a: Florges|248\/360|[from] Stealth Rock
|move|p2a: Florges|Calm Mind|p2a: Florges
|-boost|p2a: Florges|spa|1
|-boost|p2a: Florges|spd|1
|
|-heal|p2a: Florges|267\/357|[from] item: Leftovers
|-heal|p1a: Florges|270\/360|[from] item: Leftovers
|turn|15
|
|move|p2a: Florges|Calm Mind|p2a: Florges
|-boost|p2a: Florges|spa|1
|-boost|p2a: Florges|spd|1
|move|p1a: Florges|Wish|p1a: Florges
|
|-heal|p2a: Florges|289\/357|[from] item: Leftovers
|-heal|p1a: Florges|292\/360|[from] item: Leftovers
|turn|16
|
|move|p2a: Florges|Calm Mind|p2a: Florges
|-boost|p2a: Florges|spa|1
|-boost|p2a: Florges|spd|1
|move|p1a: Florges|Moonblast|p2a: Florges
|-damage|p2a: Florges|253\/357
|
|-heal|p1a: Florges|360\/360|[from] move: Wish|[wisher] Florges
|-heal|p2a: Florges|275\/357|[from] item: Leftovers
|turn|17
|
|move|p2a: Florges|Moonblast|p1a: Florges
|-damage|p1a: Florges|191\/360
|move|p1a: Florges|Moonblast|p2a: Florges
|-damage|p2a: Florges|241\/357
|-unboost|p2a: Florges|spa|1
|
|-heal|p2a: Florges|263\/357|[from] item: Leftovers
|-heal|p1a: Florges|213\/360|[from] item: Leftovers
|turn|18
|
|move|p1a: Florges|Protect|p1a: Florges
|-singleturn|p1a: Florges|Protect
|move|p2a: Florges|Calm Mind|p2a: Florges
|-boost|p2a: Florges|spa|1
|-boost|p2a: Florges|spd|1
|
|-heal|p2a: Florges|285\/357|[from] item: Leftovers
|-heal|p1a: Florges|235\/360|[from] item: Leftovers
|turn|19
|
|move|p2a: Florges|Moonblast|p1a: Florges
|-crit|p1a: Florges
|-damage|p1a: Florges|0 fnt
|faint|p1a: Florges
|
|-heal|p2a: Florges|307\/357|[from] item: Leftovers
|
|switch|p1a: Zygarde|Zygarde|358\/358
|-damage|p1a: Zygarde|336\/358|[from] Stealth Rock
|-ability|p1a: Zygarde|Aura Break
|turn|20
|
|move|p1a: Zygarde|Earthquake|p2a: Florges
|-damage|p2a: Florges|111\/357
|-damage|p1a: Zygarde|301\/358|[from] item: Life Orb
|move|p2a: Florges|Moonblast|p1a: Zygarde
|-supereffective|p1a: Zygarde
|-damage|p1a: Zygarde|0 fnt
|faint|p1a: Zygarde
|
|-heal|p2a: Florges|133\/357|[from] item: Leftovers
|
|switch|p1a: Mienshao|Mienshao, M|255\/272
|-damage|p1a: Mienshao|238\/272|[from] Stealth Rock
|turn|21
|
|move|p1a: Mienshao|High Jump Kick|p2a: Florges
|-resisted|p2a: Florges
|-damage|p2a: Florges|6\/357
|move|p2a: Florges|Synthesis|p2a: Florges
|-heal|p2a: Florges|184\/357
|
|-heal|p2a: Florges|206\/357|[from] item: Leftovers
|turn|22
|
|move|p1a: Mienshao|High Jump Kick|p2a: Florges
|-resisted|p2a: Florges
|-damage|p2a: Florges|92\/357
|move|p2a: Florges|Synthesis|p2a: Florges
|-heal|p2a: Florges|270\/357
|
|-heal|p2a: Florges|292\/357|[from] item: Leftovers
|turn|23
|
|switch|p1a: Raikou|Raikou, shiny|322\/322
|-damage|p1a: Raikou|282\/322|[from] Stealth Rock
|-ability|p1a: Raikou|Pressure
|move|p2a: Florges|Moonblast|p1a: Raikou
|-damage|p1a: Raikou|0 fnt
|faint|p1a: Raikou
|
|-heal|p2a: Florges|314\/357|[from] item: Leftovers
|
|switch|p1a: Mienshao|Mienshao, M|238\/272
|-damage|p1a: Mienshao|221\/272|[from] Stealth Rock
|turn|24
|
|move|p1a: Mienshao|Stone Edge|p2a: Florges
|-damage|p2a: Florges|214\/357
|move|p2a: Florges|Moonblast|p1a: Mienshao
|-supereffective|p1a: Mienshao
|-damage|p1a: Mienshao|0 fnt
|faint|p1a: Mienshao
|
|win|sbb wont get gud
|raw|Ladder updating...
|c|★sbb wont get gud|gg
|raw|SirVictini's rating: 1449 &rarr; <strong>1424<\/strong><br \/>(-25 for losing)
|raw|sbb wont get gud's rating: 1373 &rarr; <strong>1397<\/strong><br \/>(+24 for winning)