|join|sbb wont get gud
|join|arroyofran2
|player|p1|sbb wont get gud|171
|player|p2|arroyofran2|99
|gametype|singles
|gen|6
|tier|UU
|rated
|rule|Sleep Clause Mod: Limit one foe put to sleep
|rule|Species Clause: Limit one of each Pokémon
|rule|OHKO Clause: OHKO moves are banned
|rule|Moody Clause: Moody is banned
|rule|Evasion Moves Clause: Evasion moves are banned
|rule|Endless Battle Clause: Forcing endless battles is banned
|rule|HP Percentage Mod: HP is shown in percentages
|clearpoke
|poke|p1|Mienshao, M
|poke|p1|Empoleon, F
|poke|p1|Pidgeot, F
|poke|p1|Krookodile, M
|poke|p1|Florges, F
|poke|p1|Zygarde
|poke|p2|Noivern, F
|poke|p2|Blastoise, M
|poke|p2|Steelix, M
|poke|p2|Galvantula, M
|poke|p2|Hitmontop, M
|poke|p2|Trevenant, M
|rule|Swagger Clause: Swagger is banned
|rule|Baton Pass Clause: Limit one Pokémon knowing Baton Pass
|teampreview
|
|start
|switch|p1a: Florges|Florges, F|357\/357
|switch|p2a: Galvantula|Galvantula, M|281\/281
|turn|1
|
|move|p2a: Galvantula|Sticky Web|p1a: Florges
|-sidestart|p1: sbb wont get gud|move: Sticky Web
|move|p1a: Florges|Moonblast|p2a: Galvantula
|-damage|p2a: Galvantula|91\/281
|-unboost|p2a: Galvantula|spa|1
|
|turn|2
|
|switch|p2a: Trevenant|Trevenant, M|332\/332
|move|p1a: Florges|Moonblast|p2a: Trevenant
|-damage|p2a: Trevenant|212\/332
|-unboost|p2a: Trevenant|spa|1
|
|turn|3
|
|move|p1a: Florges|Calm Mind|p1a: Florges
|-boost|p1a: Florges|spa|1
|-boost|p1a: Florges|spd|1
|move|p2a: Trevenant|Will-O-Wisp|p1a: Florges
|-status|p1a: Florges|brn
|
|-damage|p1a: Florges|313\/357 brn|[from] brn
|turn|4
|
|move|p1a: Florges|Moonblast|p2a: Trevenant
|-damage|p2a: Trevenant|26\/332
|-enditem|p2a: Trevenant|Sitrus Berry|[eat]
|-heal|p2a: Trevenant|109\/332|[from] item: Sitrus Berry
|move|p2a: Trevenant|Horn Leech|p1a: Florges
|-damage|p1a: Florges|220\/357 brn
|-heal|p2a: Trevenant|156\/332|[from] drain|[of] p1a: Florges
|
|-heal|p1a: Florges|242\/357 brn|[from] item: Leftovers
|-damage|p1a: Florges|198\/357 brn|[from] brn
|-item|p2a: Trevenant|Sitrus Berry|[from] ability: Harvest
|-enditem|p2a: Trevenant|Sitrus Berry|[eat]
|-heal|p2a: Trevenant|239\/332|[from] item: Sitrus Berry
|turn|5
|
|switch|p1a: Krookodile|Krookodile, M|331\/331
|-activate|p1a: Krookodile|move: Sticky Web
|-unboost|p1a: Krookodile|spe|1
|-ability|p1a: Krookodile|Intimidate|[of] p2a: Trevenant
|-unboost|p2a: Trevenant|atk|1
|switch|p2a: Steelix|Steelix, M|354\/354
|
|turn|6
|
|move|p1a: Krookodile|Taunt|p2a: Steelix
|-start|p2a: Steelix|move: Taunt
|move|p2a: Steelix|Earthquake|p1a: Krookodile
|-damage|p1a: Krookodile|201\/331
|
|turn|7
|
|move|p1a: Krookodile|Earthquake|p2a: Steelix
|-supereffective|p2a: Steelix
|-damage|p2a: Steelix|216\/354
|move|p2a: Steelix|Dragon Tail|p1a: Krookodile
|-damage|p1a: Krookodile|152\/331
|drag|p1a: Empoleon|Empoleon, F|361\/361
|-activate|p1a: Empoleon|move: Sticky Web
|-unboost|p1a: Empoleon|spe|1
|
|-heal|p2a: Steelix|238\/354|[from] item: Leftovers
|turn|8
|
|switch|p2a: Blastoise|Blastoise, M|361\/361
|move|p1a: Empoleon|Hydro Pump|p2a: Blastoise
|-resisted|p2a: Blastoise
|-damage|p2a: Blastoise|275\/361
|
|turn|9
|
|detailschange|p2a: Blastoise|Blastoise-Mega, M
|-mega|p2a: Blastoise|Blastoise|Blastoisinite
|move|p2a: Blastoise|Scald|p1a: Empoleon
|-resisted|p1a: Empoleon
|-damage|p1a: Empoleon|282\/361
|-status|p1a: Empoleon|brn
|move|p1a: Empoleon|Grass Knot|p2a: Blastoise
|-supereffective|p2a: Blastoise
|-damage|p2a: Blastoise|57\/361
|
|-heal|p1a: Empoleon|304\/361 brn|[from] item: Leftovers
|-damage|p1a: Empoleon|259\/361 brn|[from] brn
|turn|10
|
|move|p2a: Blastoise|Aura Sphere|p1a: Empoleon
|-supereffective|p1a: Empoleon
|-damage|p1a: Empoleon|0 fnt
|faint|p1a: Empoleon
|
|
|switch|p1a: Pidgeot|Pidgeot, F|307\/307
|turn|11
|
|detailschange|p1a: Pidgeot|Pidgeot-Mega, F
|-mega|p1a: Pidgeot|Pidgeot|Pidgeotite
|move|p1a: Pidgeot|Hurricane|p2a: Blastoise
|-damage|p2a: Blastoise|0 fnt
|faint|p2a: Blastoise
|
|
|switch|p2a: Noivern|Noivern, F|311\/311
|turn|12
|join|a yung thirst trap
|
|switch|p1a: Krookodile|Krookodile, M|152\/331
|-activate|p1a: Krookodile|move: Sticky Web
|-unboost|p1a: Krookodile|spe|1
|-ability|p1a: Krookodile|Intimidate|[of] p2a: Noivern
|-unboost|p2a: Noivern|atk|1
|move|p2a: Noivern|Draco Meteor|p1a: Krookodile
|-damage|p1a: Krookodile|0 fnt
|-unboost|p2a: Noivern|spa|2
|faint|p1a: Krookodile
|
|
|switch|p1a: Pidgeot|Pidgeot-Mega, F|307\/307
|turn|13
|
|switch|p2a: Galvantula|Galvantula, M|91\/281
|move|p1a: Pidgeot|Hurricane|p2a: Galvantula
|-damage|p2a: Galvantula|0 fnt
|faint|p2a: Galvantula
|
|
|switch|p2a: Hitmontop|Hitmontop, M|304\/304
|turn|14
|
|move|p2a: Hitmontop|Fake Out|p1a: Pidgeot
|-damage|p1a: Pidgeot|234\/307
|cant|p1a: Pidgeot|flinch
|
|turn|15
|
|move|p2a: Hitmontop|Mach Punch|p1a: Pidgeot
|-damage|p1a: Pidgeot|126\/307
|move|p1a: Pidgeot|Substitute|p1a: Pidgeot
|-start|p1a: Pidgeot|Substitute
|-damage|p1a: Pidgeot|50\/307
|
|turn|16
|
|move|p2a: Hitmontop|Mach Punch|p1a: Pidgeot
|-end|p1a: Pidgeot|Substitute
|move|p1a: Pidgeot|Hurricane|p2a: Hitmontop
|-supereffective|p2a: Hitmontop
|-damage|p2a: Hitmontop|0 fnt
|faint|p2a: Hitmontop
|
|
|switch|p2a: Noivern|Noivern, F|311\/311
|turn|17
|
|switch|p1a: Mienshao|Mienshao, M|271\/271
|-activate|p1a: Mienshao|move: Sticky Web
|-unboost|p1a: Mienshao|spe|1
|move|p2a: Noivern|U-turn|p1a: Mienshao
|-resisted|p1a: Mienshao
|-damage|p1a: Mienshao|242\/271
|
|switch|p2a: Steelix|Steelix, M|238\/354
|
|-heal|p2a: Steelix|260\/354|[from] item: Leftovers
|turn|18
|
|switch|p2a: Trevenant|Trevenant, M|239\/332
|move|p1a: Mienshao|Knock Off|p2a: Trevenant
|-supereffective|p2a: Trevenant
|-damage|p2a: Trevenant|73\/332
|
|turn|19
|
|move|p1a: Mienshao|Knock Off|p2a: Trevenant
|-supereffective|p2a: Trevenant
|-damage|p2a: Trevenant|0 fnt
|faint|p2a: Trevenant
|
|
|switch|p2a: Steelix|Steelix, M|260\/354
|turn|20
|
|move|p1a: Mienshao|Knock Off|p2a: Steelix
|-damage|p2a: Steelix|210\/354
|-enditem|p2a: Steelix|Leftovers|[from] move: Knock Off|[of] p1a: Mienshao
|move|p2a: Steelix|Iron Head|p1a: Mienshao
|-damage|p1a: Mienshao|128\/271
|
|turn|21
|
|move|p1a: Mienshao|Knock Off|p2a: Steelix
|-damage|p2a: Steelix|179\/354
|move|p2a: Steelix|Stealth Rock|p1a: Mienshao
|-sidestart|p1: sbb wont get gud|move: Stealth Rock
|
|turn|22
|
|move|p1a: Mienshao|Knock Off|p2a: Steelix
|-damage|p2a: Steelix|145\/354
|move|p2a: Steelix|Iron Head|p1a: Mienshao
|-damage|p1a: Mienshao|0 fnt
|faint|p1a: Mienshao
|
|
|switch|p1a: Zygarde|Zygarde|357\/357
|-activate|p1a: Zygarde|move: Sticky Web
|-unboost|p1a: Zygarde|spe|1
|-damage|p1a: Zygarde|335\/357|[from] Stealth Rock
|-ability|p1a: Zygarde|Aura Break
|turn|23
|
|move|p1a: Zygarde|Earthquake|p2a: Steelix
|-supereffective|p2a: Steelix
|-damage|p2a: Steelix|0 fnt
|-damage|p1a: Zygarde|300\/357|[from] item: Life Orb
|faint|p2a: Steelix
|
|
|switch|p2a: Noivern|Noivern, F|311\/311
|turn|24
|
|switch|p1a: Pidgeot|Pidgeot-Mega, F|50\/307
|-damage|p1a: Pidgeot|0 fnt|[from] Stealth Rock
|faint|p1a: Pidgeot
|move|p2a: Noivern|Air Slash|p1: Pidgeot|[notarget]
|-notarget
|
|
|switch|p1a: Florges|Florges, F|198\/357 brn
|-activate|p1a: Florges|move: Sticky Web
|-unboost|p1a: Florges|spe|1
|-damage|p1a: Florges|154\/357 brn|[from] Stealth Rock
|turn|25
|
|move|p2a: Noivern|Air Slash|p1a: Florges
|-damage|p1a: Florges|79\/357 brn
|cant|p1a: Florges|flinch
|
|-heal|p1a: Florges|101\/357 brn|[from] item: Leftovers
|-damage|p1a: Florges|57\/357 brn|[from] brn
|turn|26
|
|move|p2a: Noivern|Air Slash|p1a: Florges
|-damage|p1a: Florges|0 fnt
|faint|p1a: Florges
|
|
|switch|p1a: Zygarde|Zygarde|300\/357
|-activate|p1a: Zygarde|move: Sticky Web
|-unboost|p1a: Zygarde|spe|1
|-damage|p1a: Zygarde|278\/357|[from] Stealth Rock
|-ability|p1a: Zygarde|Aura Break
|turn|27
|
|move|p2a: Noivern|Air Slash|p1a: Zygarde
|-damage|p1a: Zygarde|163\/357
|cant|p1a: Zygarde|flinch
|
|turn|28
|
|move|p2a: Noivern|Air Slash|p1a: Zygarde
|-damage|p1a: Zygarde|45\/357
|move|p1a: Zygarde|Outrage|p2a: Noivern
|-supereffective|p2a: Noivern
|-damage|p2a: Noivern|0 fnt
|-damage|p1a: Zygarde|10\/357|[from] item: Life Orb
|faint|p2a: Noivern
|
|win|sbb wont get gud
|raw|Ladder updating...