|join|JohnxYiu
|join|Mistaken
|player|p1|JohnxYiu|20
|player|p2|Mistaken|1
|gametype|singles
|gen|6
|tier|OU
|clearpoke
|poke|p1|Togekiss, M
|poke|p1|Ferrothorn, F
|poke|p1|Heracross, F
|poke|p1|Landorus-Therian, M
|poke|p1|Talonflame, F
|poke|p1|Azumarill, F
|poke|p2|Zapdos, shiny
|poke|p2|Chansey, F
|poke|p2|Gliscor, F
|poke|p2|Clefable, M
|poke|p2|Slowbro, M, shiny
|poke|p2|Scizor, M
|rule|Swagger Clause: Swagger is banned
|rule|Baton Pass Clause: Limit one Pokémon knowing Baton Pass
|rule|Sleep Clause Mod: Limit one foe put to sleep
|rule|Species Clause: Limit one of each Pokémon
|rule|OHKO Clause: OHKO moves are banned
|rule|Moody Clause: Moody is banned
|rule|Evasion Moves Clause: Evasion moves are banned
|rule|Endless Battle Clause: Forcing endless battles is banned
|rule|HP Percentage Mod: HP is shown in percentages
|teampreview
|c|★Mistaken|yeah this team shits vs ladder
|c|★Mistaken|lol
|c|★JohnxYiu|lol
|
|start
|switch|p1a: Heracross|Heracross, F|301\/301
|switch|p2a: Zapdos|Zapdos, shiny|384\/384
|-ability|p2a: Zapdos|Pressure
|turn|1
|
|switch|p2a: Scizor|Scizor, M|343\/343
|detailschange|p1a: Heracross|Heracross-Mega, F
|-mega|p1a: Heracross|Heracross|Heracronite
|move|p1a: Heracross|Rock Blast|p2a: Scizor
|-damage|p2a: Scizor|309\/343
|-damage|p2a: Scizor|277\/343
|-damage|p2a: Scizor|244\/343
|-damage|p2a: Scizor|209\/343
|-damage|p2a: Scizor|173\/343
|-hitcount|p2a: Scizor|5
|
|turn|2
|c|★Mistaken|mega hera
|c|★Mistaken|is alive?
|c|★JohnxYiu|lol
|c|★Mistaken|thought it was extinct
|
|switch|p2a: Clefable|Clefable, M|394\/394
|move|p1a: Heracross|Rock Blast|p2a: Clefable
|-damage|p2a: Clefable|357\/394
|-damage|p2a: Clefable|316\/394
|-damage|p2a: Clefable|276\/394
|-damage|p2a: Clefable|236\/394
|-damage|p2a: Clefable|200\/394
|-hitcount|p2a: Clefable|5
|
|-heal|p2a: Clefable|224\/394|[from] item: Leftovers
|turn|3
|
|switch|p1a: Talonflame|Talonflame, F|359\/359
|move|p2a: Clefable|Protect|p2a: Clefable
|-fail|p2a: Clefable
|
|-heal|p2a: Clefable|248\/394|[from] item: Leftovers
|turn|4
|
|switch|p2a: Zapdos|Zapdos, shiny|384\/384
|-ability|p2a: Zapdos|Pressure
|move|p1a: Talonflame|Swords Dance|p1a: Talonflame
|-boost|p1a: Talonflame|atk|2
|
|turn|5
|c|★Mistaken|stop making plays
|c|★Mistaken|this is all ur fault
|c|★JohnxYiu|haha
|
|move|p1a: Talonflame|Flare Blitz|p2a: Zapdos
|-damage|p2a: Zapdos|83\/384
|-damage|p1a: Talonflame|260\/359|[from] recoil|[of] p2a: Zapdos
|move|p2a: Zapdos|Volt Switch|p1a: Talonflame
|-supereffective|p1a: Talonflame
|-damage|p1a: Talonflame|0 fnt
|faint|p1a: Talonflame
|
|switch|p2a: Gliscor|Gliscor, F|353\/353
|
|-status|p2a: Gliscor|tox|[from] item: Toxic Orb
|
|switch|p1a: Azumarill|Azumarill, F|364\/364
|turn|6
|
|move|p2a: Gliscor|Taunt|p1a: Azumarill
|-start|p1a: Azumarill|move: Taunt
|move|p1a: Azumarill|Waterfall|p2a: Gliscor
|-supereffective|p2a: Gliscor
|-damage|p2a: Gliscor|0 fnt
|faint|p2a: Gliscor
|
|c|★Mistaken|always gets worse
|
|switch|p2a: Scizor|Scizor, M|173\/343
|turn|7
|c|★Mistaken|bd azu gives me nightmares
|
|detailschange|p2a: Scizor|Scizor-Mega, M
|-mega|p2a: Scizor|Scizor|Scizorite
|move|p2a: Scizor|Roost|p2a: Scizor
|-heal|p2a: Scizor|343\/343
|move|p1a: Azumarill|Waterfall|p2a: Scizor
|-damage|p2a: Scizor|189\/343
|
|turn|8
|
|move|p2a: Scizor|Swords Dance|p2a: Scizor
|-boost|p2a: Scizor|atk|2
|move|p1a: Azumarill|Waterfall|p2a: Scizor
|-damage|p2a: Scizor|26\/343
|
|-end|p1a: Azumarill|move: Taunt
|turn|9
|c|★Mistaken|I'm like 80% thats banded
|c|★Mistaken|or its on steroids
|c|★JohnxYiu|not enough
|c|★JohnxYiu|:(
|
|move|p2a: Scizor|Roost|p2a: Scizor
|-heal|p2a: Scizor|198\/343
|move|p1a: Azumarill|Waterfall|p2a: Scizor
|-damage|p2a: Scizor|35\/343
|
|turn|10
|c|★Mistaken|so pretty zor weak
|c|★Mistaken|i say as u crit me
|
|move|p2a: Scizor|Roost|p2a: Scizor
|-heal|p2a: Scizor|207\/343
|move|p1a: Azumarill|Waterfall|p2a: Scizor
|-damage|p2a: Scizor|50\/343
|
|turn|11
|
|move|p2a: Scizor|Roost|p2a: Scizor
|-heal|p2a: Scizor|222\/343
|move|p1a: Azumarill|Waterfall|p2a: Scizor
|-damage|p2a: Scizor|62\/343
|
|turn|12
|c|★JohnxYiu|its about to happen
|c|★Mistaken|what is my play
|
|move|p2a: Scizor|Roost|p2a: Scizor
|-heal|p2a: Scizor|234\/343
|move|p1a: Azumarill|Waterfall|p2a: Scizor
|-damage|p2a: Scizor|87\/343
|
|turn|13
|c|★Mistaken|!waterfall
|
|move|p2a: Scizor|Roost|p2a: Scizor
|-heal|p2a: Scizor|259\/343
|move|p1a: Azumarill|Waterfall|p2a: Scizor
|-damage|p2a: Scizor|115\/343
|
|turn|14
|c|★Mistaken|!dt waterfall
|c|~|\/data-move Waterfall
|raw|<font size="1"><font color=#585858>Priority:<\/font> 0&nbsp;|&ThickSpace;<font color=#585858><font color=black>&#10003; Secondary effect<\/font><\/font>&nbsp;|&ThickSpace;<font color=#585858><font color=black>&#10003; Contact<\/font><\/font>&nbsp;|&ThickSpace;<font color=#585858><font color=black>&#10003; Blocked by Protect<\/font><\/font>&nbsp;|&ThickSpace;<font color=#585858>Target:<\/font> One Adjacent Pokemon<\/font>
|
|move|p2a: Scizor|Roost|p2a: Scizor
|-heal|p2a: Scizor|287\/343
|move|p1a: Azumarill|Waterfall|p2a: Scizor
|-damage|p2a: Scizor|136\/343
|
|turn|15
|
|move|p2a: Scizor|Roost|p2a: Scizor
|-heal|p2a: Scizor|308\/343
|move|p1a: Azumarill|Waterfall|p2a: Scizor
|-damage|p2a: Scizor|163\/343
|
|turn|16
|c|★Mistaken|does it kill at +4
|
|move|p2a: Scizor|Roost|p2a: Scizor
|-heal|p2a: Scizor|335\/343
|move|p1a: Azumarill|Waterfall|p2a: Scizor
|-damage|p2a: Scizor|170\/343
|
|turn|17
|
|move|p2a: Scizor|Swords Dance|p2a: Scizor
|-boost|p2a: Scizor|atk|2
|move|p1a: Azumarill|Waterfall|p2a: Scizor
|-damage|p2a: Scizor|8\/343
|
|turn|18
|c|★JohnxYiu|idk
|
|move|p2a: Scizor|Roost|p2a: Scizor
|-heal|p2a: Scizor|180\/343
|move|p1a: Azumarill|Waterfall|p2a: Scizor
|-damage|p2a: Scizor|12\/343
|
|turn|19
|c|★Mistaken|damn game
|c|★Mistaken|lmfao
|
|move|p2a: Scizor|Roost|p2a: Scizor
|-heal|p2a: Scizor|184\/343
|move|p1a: Azumarill|Waterfall|p2a: Scizor
|-damage|p2a: Scizor|28\/343
|
|turn|20
|c|★JohnxYiu|lol
|
|move|p2a: Scizor|Bullet Punch|p1a: Azumarill
|-damage|p1a: Azumarill|0 fnt
|faint|p1a: Azumarill
|
|
|switch|p1a: Heracross|Heracross-Mega, F|301\/301
|turn|21
|c|★Mistaken|YES
|
|move|p1a: Heracross|Close Combat|p2a: Scizor
|-damage|p2a: Scizor|0 fnt
|-unboost|p1a: Heracross|def|1
|-unboost|p1a: Heracross|spd|1
|faint|p2a: Scizor
|
|c|★Mistaken|im a choke machine
|c|★Mistaken|fuck
|c|★Mistaken|fuck
|c|★Mistaken|fuck
|
|switch|p2a: Clefable|Clefable, M|248\/394
|turn|22
|c|★Mistaken|all i had to do was bp a ferro
|
|switch|p1a: Togekiss|Togekiss, M|351\/351
|move|p2a: Clefable|Wish|p2a: Clefable
|
|-heal|p2a: Clefable|272\/394|[from] item: Leftovers
|turn|23
|
|switch|p1a: Heracross|Heracross-Mega, F|301\/301
|move|p2a: Clefable|Calm Mind|p2a: Clefable
|-boost|p2a: Clefable|spa|1
|-boost|p2a: Clefable|spd|1
|
|-heal|p2a: Clefable|394\/394|[from] move: Wish|[wisher] Clefable
|turn|24
|
|switch|p1a: Ferrothorn|Ferrothorn, F|352\/352
|move|p2a: Clefable|Moonblast|p1a: Ferrothorn
|-resisted|p1a: Ferrothorn
|-damage|p1a: Ferrothorn|288\/352
|
|turn|25
|
|switch|p2a: Zapdos|Zapdos, shiny|83\/384
|-ability|p2a: Zapdos|Pressure
|move|p1a: Ferrothorn|Leech Seed|p2a: Zapdos
|-start|p2a: Zapdos|move: Leech Seed
|
|-heal|p2a: Zapdos|107\/384|[from] item: Leftovers
|-damage|p2a: Zapdos|59\/384|[from] Leech Seed|[of] p1a: Ferrothorn
|-heal|p1a: Ferrothorn|336\/352|[silent]
|turn|26
|
|move|p2a: Zapdos|Roost|p2a: Zapdos
|-heal|p2a: Zapdos|251\/384
|move|p1a: Ferrothorn|Stealth Rock|p2a: Zapdos
|-sidestart|p2: Mistaken|move: Stealth Rock
|
|-heal|p2a: Zapdos|275\/384|[from] item: Leftovers
|-damage|p2a: Zapdos|227\/384|[from] Leech Seed|[of] p1a: Ferrothorn
|-heal|p1a: Ferrothorn|352\/352|[silent]
|turn|27
|
|switch|p1a: Heracross|Heracross-Mega, F|301\/301
|move|p2a: Zapdos|Roost|p2a: Zapdos
|-heal|p2a: Zapdos|384\/384
|
|-damage|p2a: Zapdos|336\/384|[from] Leech Seed|[of] p1a: Heracross
|turn|28
|
|switch|p2a: Slowbro'ed|Slowbro, M, shiny|394\/394
|-damage|p2a: Slowbro'ed|345\/394|[from] Stealth Rock
|move|p1a: Heracross|Rock Blast|p2a: Slowbro'ed
|-damage|p2a: Slowbro'ed|318\/394
|-damage|p2a: Slowbro'ed|289\/394
|-damage|p2a: Slowbro'ed|262\/394
|-damage|p2a: Slowbro'ed|230\/394
|-damage|p2a: Slowbro'ed|203\/394
|-hitcount|p2a: Slowbro'ed|5
|
|-heal|p2a: Slowbro'ed|227\/394|[from] item: Leftovers
|turn|29
|
|move|p1a: Heracross|Pin Missile|p2a: Slowbro'ed
|-supereffective|p2a: Slowbro'ed
|-damage|p2a: Slowbro'ed|135\/394
|-supereffective|p2a: Slowbro'ed
|-damage|p2a: Slowbro'ed|45\/394
|-supereffective|p2a: Slowbro'ed
|-damage|p2a: Slowbro'ed|0 fnt
|-hitcount|p2a: Slowbro'ed|3
|faint|p2a: Slowbro'ed
|
|
|switch|p2a: Clefable|Clefable, M|394\/394
|-damage|p2a: Clefable|345\/394|[from] Stealth Rock
|turn|30
|
|switch|p1a: Ferrothorn|Ferrothorn, F|352\/352
|move|p2a: Clefable|Moonblast|p1a: Ferrothorn
|-resisted|p1a: Ferrothorn
|-damage|p1a: Ferrothorn|307\/352
|
|-heal|p2a: Clefable|369\/394|[from] item: Leftovers
|turn|31
|
|switch|p2a: Zapdos|Zapdos, shiny|336\/384
|-damage|p2a: Zapdos|240\/384|[from] Stealth Rock
|-ability|p2a: Zapdos|Pressure
|move|p1a: Ferrothorn|Leech Seed|p2a: Zapdos
|-start|p2a: Zapdos|move: Leech Seed
|
|-heal|p2a: Zapdos|264\/384|[from] item: Leftovers
|-damage|p2a: Zapdos|216\/384|[from] Leech Seed|[of] p1a: Ferrothorn
|-heal|p1a: Ferrothorn|352\/352|[silent]
|turn|32
|
|switch|p1a: Heracross|Heracross-Mega, F|301\/301
|move|p2a: Zapdos|Heat Wave|p1a: Heracross
|-supereffective|p1a: Heracross
|-damage|p1a: Heracross|107\/301
|-status|p1a: Heracross|brn
|
|-heal|p2a: Zapdos|240\/384|[from] item: Leftovers
|-damage|p2a: Zapdos|192\/384|[from] Leech Seed|[of] p1a: Heracross
|-heal|p1a: Heracross|155\/301 brn|[silent]
|-damage|p1a: Heracross|118\/301 brn|[from] brn
|turn|33
|c|★Mistaken|predictions
|c|★Mistaken|are so boring
|c|★Mistaken|tho
|c|★Mistaken|LMFAo
|c|★JohnxYiu|this sucks
|c|★Mistaken|u deserved that
|
|switch|p2a: Clefable|Clefable, M|369\/394
|-damage|p2a: Clefable|320\/394|[from] Stealth Rock
|move|p1a: Heracross|Rock Blast|p2a: Clefable
|-damage|p2a: Clefable|302\/394
|-damage|p2a: Clefable|283\/394
|-damage|p2a: Clefable|265\/394
|-damage|p2a: Clefable|246\/394
|-damage|p2a: Clefable|227\/394
|-hitcount|p2a: Clefable|5
|
|-heal|p2a: Clefable|251\/394|[from] item: Leftovers
|-damage|p1a: Heracross|81\/301 brn|[from] brn
|turn|34
|c|★Mistaken|for using mega cross
|c|★Mistaken|in oras
|c|★JohnxYiu|zzzz
|
|move|p1a: Heracross|Rock Blast|p2a: Clefable
|-damage|p2a: Clefable|233\/394
|-damage|p2a: Clefable|213\/394
|-damage|p2a: Clefable|192\/394
|-damage|p2a: Clefable|175\/394
|-damage|p2a: Clefable|154\/394
|-hitcount|p2a: Clefable|5
|move|p2a: Clefable|Wish|p2a: Clefable
|
|-heal|p2a: Clefable|178\/394|[from] item: Leftovers
|-damage|p1a: Heracross|44\/301 brn|[from] brn
|turn|35
|
|move|p1a: Heracross|Rock Blast|p2a: Clefable
|-damage|p2a: Clefable|159\/394
|-damage|p2a: Clefable|139\/394
|-damage|p2a: Clefable|121\/394
|-damage|p2a: Clefable|102\/394
|-damage|p2a: Clefable|82\/394
|-hitcount|p2a: Clefable|5
|move|p2a: Clefable|Moonblast|p1a: Heracross
|-crit|p1a: Heracross
|-supereffective|p1a: Heracross
|-damage|p1a: Heracross|0 fnt
|faint|p1a: Heracross
|
|-heal|p2a: Clefable|279\/394|[from] move: Wish|[wisher] Clefable
|-heal|p2a: Clefable|303\/394|[from] item: Leftovers
|c|★Mistaken|reveal nasty plot air slash
|
|switch|p1a: Landorus-Therian|Landorus-Therian, M|325\/325
|-ability|p1a: Landorus-Therian|Intimidate|[of] p2a: Clefable
|-unboost|p2a: Clefable|atk|1
|turn|36
|c|★Mistaken|i almost got 6-0'd by sub bulk up lando t
|
|move|p1a: Landorus-Therian|Knock Off|p2a: Clefable
|-resisted|p2a: Clefable
|-damage|p2a: Clefable|251\/394
|-enditem|p2a: Clefable|Leftovers|[from] move: Knock Off|[of] p1a: Landorus-Therian
|move|p2a: Clefable|Wish|p2a: Clefable
|
|turn|37
|
|move|p2a: Clefable|Protect|p2a: Clefable
|-singleturn|p2a: Clefable|Protect
|move|p1a: Landorus-Therian|Knock Off|p2a: Clefable
|-activate|p2a: Clefable|Protect
|
|-heal|p2a: Clefable|394\/394|[from] move: Wish|[wisher] Clefable
|turn|38
|
|switch|p1a: Ferrothorn|Ferrothorn, F|352\/352
|move|p2a: Clefable|Wish|p2a: Clefable
|
|turn|39
|c|★JohnxYiu|stupid burn
|c|★Mistaken|yeah that helped
|c|★Mistaken|out
|
|switch|p2a: Zapdos|Zapdos, shiny|192\/384
|-damage|p2a: Zapdos|96\/384|[from] Stealth Rock
|-ability|p2a: Zapdos|Pressure
|move|p1a: Ferrothorn|Power Whip|p2a: Zapdos
|-resisted|p2a: Zapdos
|-damage|p2a: Zapdos|36\/384
|
|-heal|p2a: Zapdos|233\/384|[from] move: Wish|[wisher] Clefable
|-heal|p2a: Zapdos|257\/384|[from] item: Leftovers
|turn|40
|
|move|p2a: Zapdos|Heat Wave|p1a: Ferrothorn
|-supereffective|p1a: Ferrothorn
|-damage|p1a: Ferrothorn|72\/352
|move|p1a: Ferrothorn|Leech Seed|p2a: Zapdos
|-start|p2a: Zapdos|move: Leech Seed
|
|-heal|p2a: Zapdos|281\/384|[from] item: Leftovers
|-damage|p2a: Zapdos|233\/384|[from] Leech Seed|[of] p1a: Ferrothorn
|-heal|p1a: Ferrothorn|120\/352|[silent]
|turn|41
|c|★Mistaken|!DT heat wave
|c|~|\/data-move Heat Wave
|raw|<font size="1"><font color=#585858>Priority:<\/font> 0&nbsp;|&ThickSpace;<font color=#585858><font color=black>&#10003; Secondary effect<\/font><\/font>&nbsp;|&ThickSpace;<font color=#585858><font color=black>&#10003; Blocked by Protect<\/font><\/font>&nbsp;|&ThickSpace;<font color=#585858>Target:<\/font> All Adjacent Opponents<\/font>
|
|move|p1a: Ferrothorn|Protect|p1a: Ferrothorn
|-singleturn|p1a: Ferrothorn|Protect
|move|p2a: Zapdos|Heat Wave|p1a: Ferrothorn
|-activate|p1a: Ferrothorn|Protect
|
|-heal|p2a: Zapdos|257\/384|[from] item: Leftovers
|-damage|p2a: Zapdos|209\/384|[from] Leech Seed|[of] p1a: Ferrothorn
|-heal|p1a: Ferrothorn|168\/352|[silent]
|turn|42
|join|lil manaphy
|
|switch|p1a: Togekiss|Togekiss, M|351\/351
|move|p2a: Zapdos|Roost|p2a: Zapdos
|-heal|p2a: Zapdos|384\/384
|
|-damage|p2a: Zapdos|336\/384|[from] Leech Seed|[of] p1a: Togekiss
|turn|43
|
|move|p2a: Zapdos|Volt Switch|p1a: Togekiss
|-supereffective|p1a: Togekiss
|-damage|p1a: Togekiss|219\/351
|c|★JohnxYiu|really stupid
|
|switch|p2a: Clefable|Clefable, M|394\/394
|-damage|p2a: Clefable|345\/394|[from] Stealth Rock
|move|p1a: Togekiss|Air Slash|p2a: Clefable
|-damage|p2a: Clefable|242\/394
|
|-heal|p1a: Togekiss|240\/351|[from] item: Leftovers
|turn|44
|join|Jefo
|c|★JohnxYiu|that burn
|join|Prankster
|
|move|p1a: Togekiss|Thunder Wave|p2a: Clefable
|-status|p2a: Clefable|par
|move|p2a: Clefable|Wish|p2a: Clefable
|
|-heal|p1a: Togekiss|261\/351|[from] item: Leftovers
|turn|45
|c|★Mistaken|just flinch me to death
|
|cant|p2a: Clefable|par
|move|p1a: Togekiss|Air Slash|p2a: Clefable
|-damage|p2a: Clefable|137\/394 par
|
|-heal|p2a: Clefable|334\/394 par|[from] move: Wish|[wisher] Clefable
|-heal|p1a: Togekiss|282\/351|[from] item: Leftovers
|turn|46
|
|switch|p2a: Chansey|Chansey, F|704\/704
|-damage|p2a: Chansey|616\/704|[from] Stealth Rock
|move|p1a: Togekiss|Air Slash|p2a: Chansey
|-damage|p2a: Chansey|552\/704
|
|-heal|p1a: Togekiss|303\/351|[from] item: Leftovers
|turn|47
|
|switch|p1a: Landorus-Therian|Landorus-Therian, M|325\/325
|-ability|p1a: Landorus-Therian|Intimidate|[of] p2a: Chansey
|-unboost|p2a: Chansey|atk|1
|move|p2a: Chansey|Seismic Toss|p1a: Landorus-Therian
|-damage|p1a: Landorus-Therian|225\/325
|
|turn|48
|
|switch|p2a: Clefable|Clefable, M|334\/394 par
|-damage|p2a: Clefable|285\/394 par|[from] Stealth Rock
|move|p1a: Landorus-Therian|U-turn|p2a: Clefable
|-resisted|p2a: Clefable
|-damage|p2a: Clefable|243\/394 par
|
|switch|p1a: Togekiss|Togekiss, M|303\/351
|
|-heal|p1a: Togekiss|324\/351|[from] item: Leftovers
|turn|49
|
|move|p1a: Togekiss|Air Slash|p2a: Clefable
|-damage|p2a: Clefable|132\/394 par
|cant|p2a: Clefable|par
|
|-heal|p1a: Togekiss|345\/351|[from] item: Leftovers
|turn|50
|join|MoB Barley
|
|move|p1a: Togekiss|Air Slash|p2a: Clefable
|-damage|p2a: Clefable|21\/394 par
|cant|p2a: Clefable|flinch
|
|-heal|p1a: Togekiss|351\/351|[from] item: Leftovers
|turn|51
|
|move|p2a: Clefable|Protect|p2a: Clefable
|-singleturn|p2a: Clefable|Protect
|move|p1a: Togekiss|Air Slash|p2a: Clefable
|-activate|p2a: Clefable|Protect
|
|turn|52
|leave|MoB Barley
|
|cant|p2a: Clefable|par
|move|p1a: Togekiss|Air Slash|p2a: Clefable
|-damage|p2a: Clefable|0 fnt
|faint|p2a: Clefable
|
|
|switch|p2a: Zapdos|Zapdos, shiny|336\/384
|-damage|p2a: Zapdos|240\/384|[from] Stealth Rock
|-ability|p2a: Zapdos|Pressure
|turn|53
|
|move|p2a: Zapdos|Roost|p2a: Zapdos
|-heal|p2a: Zapdos|384\/384
|move|p1a: Togekiss|Air Slash|p2a: Zapdos
|-resisted|p2a: Zapdos
|-damage|p2a: Zapdos|327\/384
|
|-heal|p2a: Zapdos|351\/384|[from] item: Leftovers
|turn|54
|
|switch|p1a: Landorus-Therian|Landorus-Therian, M|225\/325
|-ability|p1a: Landorus-Therian|Intimidate|[of] p2a: Zapdos
|-unboost|p2a: Zapdos|atk|1
|move|p2a: Zapdos|Defog|p1a: Landorus-Therian
|-unboost|p1a: Landorus-Therian|evasion|1
|-sideend|p2: Mistaken|Stealth Rock|[from] move: Defog|[of] p2a: Zapdos
|
|-heal|p2a: Zapdos|375\/384|[from] item: Leftovers
|turn|55
|
|move|p1a: Landorus-Therian|Knock Off|p2a: Zapdos
|-damage|p2a: Zapdos|266\/384
|-enditem|p2a: Zapdos|Leftovers|[from] move: Knock Off|[of] p1a: Landorus-Therian
|move|p2a: Zapdos|Heat Wave|p1a: Landorus-Therian
|-damage|p1a: Landorus-Therian|102\/325
|
|turn|56
|join|daftmau5
|
|switch|p1a: Togekiss|Togekiss, M|351\/351
|move|p2a: Zapdos|Heat Wave|p1a: Togekiss
|-damage|p1a: Togekiss|292\/351
|
|-heal|p1a: Togekiss|313\/351|[from] item: Leftovers
|turn|57
|
|move|p2a: Zapdos|Roost|p2a: Zapdos
|-heal|p2a: Zapdos|384\/384
|move|p1a: Togekiss|Air Slash|p2a: Zapdos
|-resisted|p2a: Zapdos
|-damage|p2a: Zapdos|333\/384
|
|-heal|p1a: Togekiss|334\/351|[from] item: Leftovers
|turn|58
|
|switch|p1a: Ferrothorn|Ferrothorn, F|168\/352
|move|p2a: Zapdos|Heat Wave|p1a: Ferrothorn
|-supereffective|p1a: Ferrothorn
|-damage|p1a: Ferrothorn|0 fnt
|faint|p1a: Ferrothorn
|
|
|switch|p1a: Togekiss|Togekiss, M|334\/351
|turn|59
|c|★JohnxYiu|are u
|c|★JohnxYiu|trying to burn me again
|c|★JohnxYiu|lol
|
|move|p2a: Zapdos|Volt Switch|p1a: Togekiss
|-supereffective|p1a: Togekiss
|-damage|p1a: Togekiss|194\/351
|c|★Mistaken|mebe
|
|switch|p2a: Chansey|Chansey, F|552\/704
|move|p1a: Togekiss|Air Slash|p2a: Chansey
|-damage|p2a: Chansey|491\/704
|
|-heal|p1a: Togekiss|215\/351|[from] item: Leftovers
|turn|60
|
|move|p1a: Togekiss|Thunder Wave|p2a: Chansey
|-status|p2a: Chansey|par
|move|p2a: Chansey|Seismic Toss|p1a: Togekiss
|-damage|p1a: Togekiss|115\/351
|
|-heal|p1a: Togekiss|136\/351|[from] item: Leftovers
|turn|61
|c| lil manaphy|reveal nasty plot togeiss with gleam
|c|★Mistaken|that damage
|
|switch|p2a: Zapdos|Zapdos, shiny|333\/384
|-ability|p2a: Zapdos|Pressure
|move|p1a: Togekiss|Roost|p1a: Togekiss
|-heal|p1a: Togekiss|312\/351
|
|-heal|p1a: Togekiss|333\/351|[from] item: Leftovers
|turn|62
|c|★JohnxYiu|nah
|c|★Mistaken|ugh
|
|move|p2a: Zapdos|Heat Wave|p1a: Togekiss
|-damage|p1a: Togekiss|268\/351
|move|p1a: Togekiss|Air Slash|p2a: Zapdos
|-resisted|p2a: Zapdos
|-damage|p2a: Zapdos|275\/384
|
|-heal|p1a: Togekiss|289\/351|[from] item: Leftovers
|turn|63
|c|★Mistaken|ill just burn]
|c| daftmau5|what's with everyone using toge recently?
|
|move|p2a: Zapdos|Heat Wave|p1a: Togekiss
|-damage|p1a: Togekiss|224\/351
|move|p1a: Togekiss|Air Slash|p2a: Zapdos|[miss]
|-miss|p1a: Togekiss|p2a: Zapdos
|
|-heal|p1a: Togekiss|245\/351|[from] item: Leftovers
|turn|64
|c| daftmau5|.-.
|
|move|p2a: Zapdos|Heat Wave|p1a: Togekiss
|-damage|p1a: Togekiss|182\/351
|move|p1a: Togekiss|Thunder Wave|p2a: Zapdos
|-fail|p2a: Zapdos
|
|-heal|p1a: Togekiss|203\/351|[from] item: Leftovers
|turn|65
|
|move|p2a: Zapdos|Heat Wave|p1a: Togekiss
|-damage|p1a: Togekiss|146\/351
|move|p1a: Togekiss|Roost|p1a: Togekiss
|-heal|p1a: Togekiss|322\/351
|
|-heal|p1a: Togekiss|343\/351|[from] item: Leftovers
|turn|66
|c|★JohnxYiu|dont burn
|
|move|p2a: Zapdos|Heat Wave|p1a: Togekiss
|-damage|p1a: Togekiss|281\/351
|move|p1a: Togekiss|Air Slash|p2a: Zapdos
|-resisted|p2a: Zapdos
|-damage|p2a: Zapdos|221\/384
|
|-heal|p1a: Togekiss|302\/351|[from] item: Leftovers
|turn|67
|c|★Mistaken|common
|c|★Mistaken|its his birdday
|c|★JohnxYiu|nvm
|c|★JohnxYiu|im losing lol
|c|★JohnxYiu|cus that freaking burn on hera
|
|move|p2a: Zapdos|Roost|p2a: Zapdos
|-heal|p2a: Zapdos|384\/384
|move|p1a: Togekiss|Air Slash|p2a: Zapdos
|-resisted|p2a: Zapdos
|-damage|p2a: Zapdos|329\/384
|
|-heal|p1a: Togekiss|323\/351|[from] item: Leftovers
|turn|68
|c|★Mistaken|ok
|
|move|p2a: Zapdos|Heat Wave|p1a: Togekiss
|-damage|p1a: Togekiss|262\/351
|move|p1a: Togekiss|Air Slash|p2a: Zapdos
|-resisted|p2a: Zapdos
|-damage|p2a: Zapdos|269\/384
|
|-heal|p1a: Togekiss|283\/351|[from] item: Leftovers
|turn|69
|c|★Mistaken|i feel a burn
|
|move|p2a: Zapdos|Heat Wave|p1a: Togekiss
|-crit|p1a: Togekiss
|-damage|p1a: Togekiss|193\/351
|move|p1a: Togekiss|Air Slash|p2a: Zapdos
|-resisted|p2a: Zapdos
|-damage|p2a: Zapdos|217\/384
|
|-heal|p1a: Togekiss|214\/351|[from] item: Leftovers
|turn|70
|
|switch|p1a: Landorus-Therian|Landorus-Therian, M|102\/325
|-ability|p1a: Landorus-Therian|Intimidate|[of] p2a: Zapdos
|-unboost|p2a: Zapdos|atk|1
|move|p2a: Zapdos|Roost|p2a: Zapdos
|-heal|p2a: Zapdos|384\/384
|
|turn|71
|join|Erzkrieger
|
|move|p1a: Landorus-Therian|Stone Edge|p2a: Zapdos
|-supereffective|p2a: Zapdos
|-damage|p2a: Zapdos|146\/384
|move|p2a: Zapdos|Roost|p2a: Zapdos
|-heal|p2a: Zapdos|338\/384
|
|turn|72
|leave|Jefo
|
|switch|p2a: Chansey|Chansey, F|491\/704
|move|p1a: Landorus-Therian|Stone Edge|p2a: Chansey
|-damage|p2a: Chansey|314\/704
|
|turn|73
|c|★JohnxYiu|crit now
|
|move|p1a: Landorus-Therian|Stone Edge|p2a: Chansey
|-damage|p2a: Chansey|137\/704
|move|p2a: Chansey|Soft-Boiled|p2a: Chansey
|-heal|p2a: Chansey|489\/704
|
|turn|74
|
|switch|p1a: Togekiss|Togekiss, M|214\/351
|move|p2a: Chansey|Stealth Rock|p1a: Togekiss
|-sidestart|p1: JohnxYiu|move: Stealth Rock
|
|-heal|p1a: Togekiss|235\/351|[from] item: Leftovers
|turn|75
|
|move|p1a: Togekiss|Defog|p2a: Chansey
|-unboost|p2a: Chansey|evasion|1
|-sideend|p1: JohnxYiu|Stealth Rock|[from] move: Defog|[of] p1a: Togekiss
|move|p2a: Chansey|Seismic Toss|p1a: Togekiss
|-damage|p1a: Togekiss|135\/351
|
|-heal|p1a: Togekiss|156\/351|[from] item: Leftovers
|turn|76
|
|switch|p1a: Landorus-Therian|Landorus-Therian, M|102\/325
|-ability|p1a: Landorus-Therian|Intimidate|[of] p2a: Chansey
|-unboost|p2a: Chansey|atk|1
|move|p2a: Chansey|Stealth Rock|p1a: Landorus-Therian
|-sidestart|p1: JohnxYiu|move: Stealth Rock
|
|turn|77
|
|move|p1a: Landorus-Therian|Stone Edge|p2a: Chansey
|-damage|p2a: Chansey|325\/704
|move|p2a: Chansey|Seismic Toss|p1a: Landorus-Therian
|-damage|p1a: Landorus-Therian|2\/325
|
|turn|78
|c|★JohnxYiu|shoot
|leave|Erzkrieger
|c|★JohnxYiu|give up lel
|
|switch|p1a: Togekiss|Togekiss, M|156\/351
|-damage|p1a: Togekiss|69\/351|[from] Stealth Rock
|move|p2a: Chansey|Heal Bell|p2a: Chansey
|-cureteam|p2a: Chansey|[from] move: HealBell
|
|-heal|p1a: Togekiss|90\/351|[from] item: Leftovers
|turn|79
|
|move|p1a: Togekiss|Defog|p2a: Chansey
|-unboost|p2a: Chansey|evasion|1
|-sideend|p1: JohnxYiu|Stealth Rock|[from] move: Defog|[of] p1a: Togekiss
|move|p2a: Chansey|Seismic Toss|p1a: Togekiss
|-damage|p1a: Togekiss|0 fnt
|faint|p1a: Togekiss
|
|c|★Mistaken|lol
|
|switch|p1a: Landorus-Therian|Landorus-Therian, M|2\/325
|-ability|p1a: Landorus-Therian|Intimidate|[of] p2a: Chansey
|-unboost|p2a: Chansey|atk|1
|turn|80
|c|★Mistaken|oh no u got defog
|
|move|p1a: Landorus-Therian|Stone Edge|p2a: Chansey
|-damage|p2a: Chansey|168\/704
|move|p2a: Chansey|Stealth Rock|p1a: Landorus-Therian
|-sidestart|p1: JohnxYiu|move: Stealth Rock
|
|turn|81
|c|★JohnxYiu|STUPID BURN
|c|★Mistaken|get double crit
|c|★Mistaken|plz
|
|move|p1a: Landorus-Therian|Stone Edge|p2a: Chansey
|-crit|p2a: Chansey
|-damage|p2a: Chansey|0 fnt
|faint|p2a: Chansey
|
|c|★JohnxYiu|1st
|
|switch|p2a: Zapdos|Zapdos, shiny|338\/384
|-ability|p2a: Zapdos|Pressure
|turn|82
|
|move|p1a: Landorus-Therian|Stone Edge|p2a: Zapdos
|-supereffective|p2a: Zapdos
|-damage|p2a: Zapdos|98\/384
|move|p2a: Zapdos|Roost|p2a: Zapdos
|-heal|p2a: Zapdos|290\/384
|
|turn|83
|
|move|p1a: Landorus-Therian|Struggle|p2a: Zapdos
|-damage|p2a: Zapdos|231\/384
|-damage|p1a: Landorus-Therian|0 fnt
|faint|p1a: Landorus-Therian
|
|win|Mistaken
|c|★Mistaken|lol
|c|★Mistaken|gg
|c|★JohnxYiu|T_T
|leave|Mistaken
|player|p2
|leave|JohnxYiu
|player|p1