|join|Riful the Zangoose
|join|Mistaken
|player|p1|Riful the Zangoose|279
|player|p2|Mistaken|264
|gametype|singles
|gen|6
|tier|OU
|clearpoke
|poke|p1|Aerodactyl, F
|poke|p1|Azumarill, F
|poke|p1|Klefki, M
|poke|p1|Hippowdon, M
|poke|p1|Excadrill, F, shiny
|poke|p1|Celebi
|poke|p2|Garchomp, M
|poke|p2|Thundurus, M
|poke|p2|Azumarill, M
|poke|p2|Landorus-Therian, M
|poke|p2|Bisharp, F
|poke|p2|Metagross, shiny
|rule|Swagger Clause: Swagger is banned
|rule|Baton Pass Clause: Limit one Pokémon knowing Baton Pass
|rule|Sleep Clause Mod: Limit one foe put to sleep
|rule|Species Clause: Limit one of each Pokémon
|rule|OHKO Clause: OHKO moves are banned
|rule|Moody Clause: Moody is banned
|rule|Evasion Moves Clause: Evasion moves are banned
|rule|Endless Battle Clause: Forcing endless battles is banned
|rule|HP Percentage Mod: HP is shown in percentages
|teampreview
|join|Jon Greene
|join|XperimentTeams
|join|ernieeromero
|join|hi im hunter
|join|Menceex
|join|Boikachu
|join|AtomicBallsack
|join|bforrester16
|c| ernieeromero|so who plays fu here? :p
|c| hi im hunter|thats a specs hp ice lando
|
|start
|switch|p1a: Hippowdon|Hippowdon, M|420\/420
|switch|p2a: Azula|Azumarill, M|350\/350
|-weather|Sandstorm
|turn|1
|c|★Riful the Zangoose|i have never been so far
|join|fsadf
|c| ernieeromero|lol^^
|join|Baboosh327
|join|Based Cannon
|join|JDynasty
|leave|Baboosh327
|join|Tjp-X
|
|move|p2a: Azula|Play Rough|p1a: Hippowdon
|-crit|p1a: Hippowdon
|-damage|p1a: Hippowdon|161\/420
|move|p1a: Hippowdon|Toxic|p2a: Azula
|-status|p2a: Azula|tox
|
|-weather|Sandstorm|[upkeep]
|-damage|p2a: Azula|329\/350 tox|[from] sandstorm
|-damage|p2a: Azula|308\/350 tox|[from] psn
|turn|2
|c|★Mistaken|great you keep hippo in on azu
|c|★Mistaken|lmfao
|join|Oouska Wizard
|c| hi im hunter|obvious switch why not
|c| bforrester16|hes real
|c| ernieeromero|^
|c|★Riful the Zangoose|yup i thought the switch was to obvious
|c|★Riful the Zangoose|im in yolo mode
|c| Jon Greene|yolo mode?
|
|move|p2a: Azula|Play Rough|p1a: Hippowdon|[miss]
|-miss|p2a: Azula|p1a: Hippowdon
|move|p1a: Hippowdon|Slack Off|p1a: Hippowdon
|-heal|p1a: Hippowdon|371\/420
|
|-weather|Sandstorm|[upkeep]
|-damage|p2a: Azula|287\/350 tox|[from] sandstorm
|-damage|p2a: Azula|245\/350 tox|[from] psn
|turn|3
|c| hi im hunter|savage
|c|★Mistaken|well
|c|★Riful the Zangoose|lool
|c|★Mistaken|that would of killed
|c|★Mistaken|but i did crit
|c| bforrester16|so real
|c| bforrester16|predicted the miss and stayed in again
|c| Boikachu|protesticles
|
|switch|p2a: Roughing It|Garchomp, M|357\/357
|switch|p1a: Celebi|Celebi|404\/404
|
|-weather|Sandstorm|[upkeep]
|-damage|p1a: Celebi|379\/404|[from] sandstorm
|-heal|p1a: Celebi|404\/404|[from] item: Leftovers
|turn|4
|c| hi im hunter|nigga missed why hippo sitting still
|c| ernieeromero|^
|
|move|p2a: Roughing It|Swords Dance|p2a: Roughing It
|-boost|p2a: Roughing It|atk|2
|move|p1a: Celebi|Baton Pass|p1a: Celebi
|c| ernieeromero|swords dance he is real lol
|
|switch|p1a: Klefki|Klefki, M|317\/317
|
|-weather|Sandstorm|[upkeep]
|turn|5
|c|★Mistaken|magnet rise
|c|★Mistaken|and ur a god
|
|move|p1a: Klefki|Magnet Rise|p1a: Klefki
|-start|p1a: Klefki|Magnet Rise
|move|p2a: Roughing It|Earthquake|p1a: Klefki
|-immune|p1a: Klefki|[msg]
|
|-weather|Sandstorm|[upkeep]
|turn|6
|c| ernieeromero|^
|c| ernieeromero|lol!
|c|★Riful the Zangoose|yup
|c|★Riful the Zangoose|hahaha
|
|switch|p2a: Zeus|Thundurus, M|299\/299
|move|p1a: Klefki|Spikes|p2a: Zeus
|-sidestart|p2: Mistaken|Spikes
|
|-weather|Sandstorm|[upkeep]
|-damage|p2a: Zeus|281\/299|[from] sandstorm
|turn|7
|c| ernieeromero|inb4 joeys keys set..
|
|switch|p1a: Excadrill|Excadrill, F, shiny|361\/361
|move|p2a: Zeus|Focus Blast|p1a: Excadrill
|-supereffective|p1a: Excadrill
|-damage|p1a: Excadrill|0 fnt
|-damage|p2a: Zeus|252\/299|[from] item: Life Orb
|faint|p1a: Excadrill
|
|-weather|Sandstorm|[upkeep]
|-damage|p2a: Zeus|234\/299|[from] sandstorm
|c| Menceex|keys coming through
|join|m4rc08oo
|c| ernieeromero|focus miss coming through
|c|★Riful the Zangoose|i though you would set up
|join|bouffalant12345
|leave|fsadf
|
|switch|p1a: Aerodactyl|Aerodactyl, F|306\/306
|-ability|p1a: Aerodactyl|Pressure
|turn|8
|c| Boikachu|dont think!
|c| Boikachu|feel!
|c| ernieeromero|^
|
|switch|p2a: Roughing It|Garchomp, M|357\/357
|-damage|p2a: Roughing It|313\/357|[from] Spikes
|detailschange|p1a: Aerodactyl|Aerodactyl-Mega, F
|-mega|p1a: Aerodactyl|Aerodactyl|Aerodactylite
|move|p1a: Aerodactyl|Stone Edge|p2a: Roughing It
|-crit|p2a: Roughing It
|-resisted|p2a: Roughing It
|-damage|p2a: Roughing It|175\/357
|
|-weather|none
|turn|9
|c|★Riful the Zangoose|that is what im doin now
|c| Menceex|nice and crit
|c| ernieeromero|lol I just got that roughing it name lol....
|
|move|p1a: Aerodactyl|Aerial Ace|p2a: Roughing It
|-damage|p2a: Roughing It|16\/357
|-damage|p1a: Aerodactyl|268\/306|[from] ability: Rough Skin|[of] p2a: Roughing It
|-damage|p1a: Aerodactyl|217\/306|[from] item: Rocky Helmet|[of] p2a: Roughing It
|move|p2a: Roughing It|Stealth Rock|p1a: Aerodactyl
|-sidestart|p1: Riful the Zangoose|move: Stealth Rock
|
|turn|10
|leave|Based Cannon
|join|Burakkurzu
|c| Jon Greene|go for stone miss
|c| ernieeromero|^
|
|move|p1a: Aerodactyl|Fire Fang|p2a: Roughing It
|-resisted|p2a: Roughing It
|-damage|p2a: Roughing It|0 fnt
|-damage|p1a: Aerodactyl|179\/306|[from] ability: Rough Skin|[of] p2a: Roughing It
|-damage|p1a: Aerodactyl|128\/306|[from] item: Rocky Helmet|[of] p2a: Roughing It
|faint|p2a: Roughing It
|
|c|★Mistaken|im gonna eq
|c|★Riful the Zangoose|nah i want to be real
|c| ernieeromero|lol
|c|★Mistaken|what was that for ?
|c| ernieeromero|^
|c| Jon Greene|<
|c| ernieeromero|why no eq
|c| ernieeromero|>
|
|switch|p2a: Son of a Bish|Bisharp, F|271\/271
|-damage|p2a: Son of a Bish|238\/271|[from] Spikes
|turn|11
|c| ernieeromero|v
|c|★Riful the Zangoose|metagross :^)
|c|★Mistaken|hippo in
|c|★Mistaken|obv
|
|switch|p1a: Hippowdon|Hippowdon, M|371\/420
|-damage|p1a: Hippowdon|345\/420|[from] Stealth Rock
|-weather|Sandstorm
|move|p2a: Son of a Bish|Sucker Punch|p1a: Hippowdon
|-fail|p1a: Hippowdon
|
|-weather|Sandstorm|[upkeep]
|turn|12
|c|★Riful the Zangoose|yup
|leave|Jon Greene
|c|★Mistaken|i should listen to myself
|c|★Riful the Zangoose|nah
|
|switch|p2a: Dogs Out|Landorus-Therian, M|325\/325
|-ability|p2a: Dogs Out|Intimidate|[of] p1a: Hippowdon
|-unboost|p1a: Hippowdon|atk|1
|move|p1a: Hippowdon|Stealth Rock|p2a: Dogs Out
|-sidestart|p2: Mistaken|move: Stealth Rock
|
|-weather|Sandstorm|[upkeep]
|turn|13
|c| ernieeromero|lol
|
|move|p2a: Dogs Out|U-turn|p1a: Hippowdon
|-crit|p1a: Hippowdon
|-damage|p1a: Hippowdon|252\/420
|c|★Mistaken|whirlwind
|c|★Mistaken|y\/n
|c| Menceex|y
|c|★Riful the Zangoose|explosion
|c| Menceex|tf
|c| hi im hunter|lol
|
|switch|p2a: Son of a Bish|Bisharp, F|238\/271
|-damage|p2a: Son of a Bish|222\/271|[from] Stealth Rock
|-damage|p2a: Son of a Bish|189\/271|[from] Spikes
|move|p1a: Hippowdon|Toxic|p2a: Son of a Bish
|-fail|p2a: Son of a Bish
|
|-weather|Sandstorm|[upkeep]
|turn|14
|leave|m4rc08oo
|c|★Riful the Zangoose|jk
|c|★Riful the Zangoose|xD
|
|switch|p2a: Azula|Azumarill, M|245\/350 tox
|-damage|p2a: Azula|202\/350 tox|[from] Stealth Rock
|-damage|p2a: Azula|159\/350 tox|[from] Spikes
|move|p1a: Hippowdon|Earthquake|p2a: Azula
|-damage|p2a: Azula|71\/350 tox
|
|-weather|Sandstorm|[upkeep]
|-damage|p2a: Azula|50\/350 tox|[from] sandstorm
|-damage|p2a: Azula|29\/350 tox|[from] psn
|turn|15
|c|★Mistaken|this thing should be dead
|c|★Mistaken|turn 2
|c| ernieeromero|^
|c|★Riful the Zangoose|respect the hippo
|
|switch|p1a: Celebi|Celebi|404\/404
|-damage|p1a: Celebi|354\/404|[from] Stealth Rock
|move|p2a: Azula|Play Rough|p1a: Celebi
|-damage|p1a: Celebi|51\/404
|
|-weather|Sandstorm|[upkeep]
|-damage|p1a: Celebi|26\/404|[from] sandstorm
|-damage|p2a: Azula|8\/350 tox|[from] sandstorm
|-heal|p1a: Celebi|51\/404|[from] item: Leftovers
|-damage|p2a: Azula|0 fnt|[from] psn
|faint|p2a: Azula
|
|switch|p2a: Dogs Out|Landorus-Therian, M|325\/325
|-damage|p2a: Dogs Out|285\/325|[from] Stealth Rock
|-ability|p2a: Dogs Out|Intimidate|[of] p1a: Celebi
|-unboost|p1a: Celebi|atk|1
|turn|16
|
|move|p2a: Dogs Out|U-turn|p1a: Celebi
|-supereffective|p1a: Celebi
|-damage|p1a: Celebi|0 fnt
|faint|p1a: Celebi
|c| hi im hunter|tell me what you have for the hippo now
|
|switch|p2a: Hit the X. DUH|Metagross, shiny|301\/301
|-damage|p2a: Hit the X. DUH|264\/301|[from] Spikes
|-damage|p2a: Hit the X. DUH|246\/301|[from] Stealth Rock
|
|-weather|Sandstorm|[upkeep]
|c|★Mistaken|gk
|c| Boikachu|sighsighsighsighsigh
|c| bouffalant12345|(grass knot)
|
|switch|p1a: Klefki|Klefki, M|317\/317
|-damage|p1a: Klefki|298\/317|[from] Stealth Rock
|turn|17
|c| Menceex|magnet rise metagross ? kappa
|c| Menceex|new meta
|c|★Riful the Zangoose|op
|
|switch|p2a: Zeus|Thundurus, M|234\/299
|-damage|p2a: Zeus|160\/299|[from] Stealth Rock
|move|p1a: Klefki|Foul Play|p2a: Zeus
|-damage|p2a: Zeus|67\/299
|
|-weather|Sandstorm|[upkeep]
|-damage|p2a: Zeus|49\/299|[from] sandstorm
|-heal|p1a: Klefki|317\/317|[from] item: Leftovers
|turn|18
|c| ernieeromero|lol
|c| hi im hunter|nah he aint real enough for gk
|
|move|p2a: Zeus|Thunderbolt|p1a: Klefki
|-damage|p1a: Klefki|165\/317
|-damage|p2a: Zeus|20\/299|[from] item: Life Orb
|move|p1a: Klefki|Foul Play|p2a: Zeus
|-damage|p2a: Zeus|0 fnt
|faint|p2a: Zeus
|
|-weather|none
|-heal|p1a: Klefki|184\/317|[from] item: Leftovers
|c| bouffalant12345|changing account to mega dingus
|join|Snickered
|
|switch|p2a: Hit the X. DUH|Metagross, shiny|246\/301
|-damage|p2a: Hit the X. DUH|228\/301|[from] Stealth Rock
|-damage|p2a: Hit the X. DUH|191\/301|[from] Spikes
|turn|19
|join|mega dingus
|c| mega dingus|lol
|join|Australiano
|
|detailschange|p2a: Hit the X. DUH|Metagross-Mega, shiny
|-mega|p2a: Hit the X. DUH|Metagross|Metagrossite
|move|p1a: Klefki|Thunder Wave|p2a: Hit the X. DUH
|-status|p2a: Hit the X. DUH|par
|move|p2a: Hit the X. DUH|Meteor Mash|p1a: Klefki
|-damage|p1a: Klefki|0 fnt
|faint|p1a: Klefki
|
|c| hi im hunter|savage
|leave|Australiano
|
|switch|p1a: Hippowdon|Hippowdon, M|252\/420
|-damage|p1a: Hippowdon|226\/420|[from] Stealth Rock
|-weather|Sandstorm
|turn|20
|c| ernieeromero|late azumarill sweep?
|c| hi im hunter|slack off if u real
|
|move|p1a: Hippowdon|Earthquake|p2a: Hit the X. DUH
|-supereffective|p2a: Hit the X. DUH
|-damage|p2a: Hit the X. DUH|23\/301 par
|cant|p2a: Hit the X. DUH|par
|
|-weather|Sandstorm|[upkeep]
|turn|21
|c| ernieeromero|hax!
|c|★Mistaken|...
|c| Snickered|that's game
|c| Menceex|rip
|c| hi im hunter|slack off big dog
|
|move|p1a: Hippowdon|Earthquake|p2a: Hit the X. DUH
|-supereffective|p2a: Hit the X. DUH
|-damage|p2a: Hit the X. DUH|0 fnt
|faint|p2a: Hit the X. DUH
|
|-weather|Sandstorm|[upkeep]
|c|★Riful the Zangoose|the hippooooooo!!
|c| mega dingus|its a hippo
|c| Snickered|he has like no reason to lol
|c|★Riful the Zangoose|lord haxer
|
|switch|p2a: Dogs Out|Landorus-Therian, M|285\/325
|-damage|p2a: Dogs Out|245\/325|[from] Stealth Rock
|-ability|p2a: Dogs Out|Intimidate|[of] p1a: Hippowdon
|-unboost|p1a: Hippowdon|atk|1
|turn|22
|c| Menceex|hippo mvp for hax
|join|SnorlaxForOU
|c|★Mistaken|look at turn 2
|c| hi im hunter|specs hp ice
|c|★Mistaken|i rest my case
|c| hi im hunter|reveal
|
|move|p2a: Dogs Out|Earthquake|p1a: Hippowdon
|-damage|p1a: Hippowdon|102\/420
|move|p1a: Hippowdon|Slack Off|p1a: Hippowdon
|-heal|p1a: Hippowdon|312\/420
|
|-weather|Sandstorm|[upkeep]
|turn|23
|c| Snickered|unless this is bulky double dance
|c| hi im hunter|all that hp back
|c|★Riful the Zangoose|it is scarf
|
|move|p2a: Dogs Out|Earthquake|p1a: Hippowdon
|-damage|p1a: Hippowdon|180\/420
|move|p1a: Hippowdon|Slack Off|p1a: Hippowdon
|-heal|p1a: Hippowdon|390\/420
|
|-weather|Sandstorm|[upkeep]
|turn|24
|
|move|p2a: Dogs Out|Earthquake|p1a: Hippowdon
|-damage|p1a: Hippowdon|273\/420
|move|p1a: Hippowdon|Toxic|p2a: Dogs Out
|-status|p2a: Dogs Out|tox
|
|-weather|Sandstorm|[upkeep]
|-damage|p2a: Dogs Out|225\/325 tox|[from] psn
|turn|25
|c| hi im hunter|hippo is so much better than t tar
|c| Boikachu|pursuit selling point
|
|switch|p2a: Son of a Bish|Bisharp, F|189\/271
|-damage|p2a: Son of a Bish|173\/271|[from] Stealth Rock
|-damage|p2a: Son of a Bish|140\/271|[from] Spikes
|move|p1a: Hippowdon|Slack Off|p1a: Hippowdon
|-heal|p1a: Hippowdon|420\/420
|
|-weather|Sandstorm|[upkeep]
|turn|26
|c| hi im hunter|for stall
|c| Boikachu|^true
|
|move|p2a: Son of a Bish|Iron Head|p1a: Hippowdon
|-damage|p1a: Hippowdon|299\/420
|-damage|p2a: Son of a Bish|113\/271|[from] item: Life Orb
|move|p1a: Hippowdon|Earthquake|p2a: Son of a Bish
|-supereffective|p2a: Son of a Bish
|-damage|p2a: Son of a Bish|0 fnt
|faint|p2a: Son of a Bish
|
|-weather|Sandstorm|[upkeep]
|leave|Mistaken
|join|Mistaken
|
|switch|p2a: Dogs Out|Landorus-Therian, M|225\/325 tox
|-damage|p2a: Dogs Out|185\/325 tox|[from] Stealth Rock
|-ability|p2a: Dogs Out|Intimidate|[of] p1a: Hippowdon
|-unboost|p1a: Hippowdon|atk|1
|turn|27
|player|p2
|c| Boikachu|azu for funz
|c|★Riful the Zangoose|gg
|c| hi im hunter|slack off wins
|c| Boikachu|aww
|c| Menceex|gg
|leave|Menceex
|player|p2|Mistaken|264
|-message|Mistaken forfeited.
|leave|Mistaken
|c| hi im hunter|gg
|
|win|Riful the Zangoose
|c| Boikachu|kk
|player|p2
|leave|JDynasty
|c| Boikachu|no assery
|c| hi im hunter|im so happy
|leave|XperimentTeams
|leave|Boikachu
|c| hi im hunter|im glad zangoose won
|c|★Riful the Zangoose|thanks n.n
|c|★Riful the Zangoose|now the semis
|c|★Riful the Zangoose|no need to sleep
|leave|mega dingus
|c| hi im hunter|now i dont look like a scrub for getting knocked out round 2
|leave|ernieeromero
|c| hi im hunter|xD
|c|★Riful the Zangoose|you almost won me
|leave|Riful the Zangoose
|player|p1
|leave|hi im hunter
|leave|Burakkurzu
|leave|Oouska Wizard