|join|MartinSousRace
|join|cortisone
|player|p1|MartinSousRace|264
|player|p2|cortisone|21
|gametype|singles
|gen|6
|tier|OU
|rated
|clearpoke
|poke|p1|Celebi
|poke|p1|Bisharp, F
|poke|p1|Landorus-Therian, M
|poke|p1|Gardevoir, F
|poke|p1|Thundurus, M
|poke|p1|Azumarill, M
|poke|p2|Ferrothorn, M
|poke|p2|Gyarados, F
|poke|p2|Heatran, M
|poke|p2|Landorus, M
|poke|p2|Raikou
|poke|p2|Greninja, F
|rule|Swagger Clause: Swagger is banned
|rule|Baton Pass Clause: Limit one Pokémon knowing Baton Pass
|rule|Sleep Clause Mod: Limit one foe put to sleep
|rule|Species Clause: Limit one of each Pokémon
|rule|OHKO Clause: OHKO moves are banned
|rule|Moody Clause: Moody is banned
|rule|Evasion Moves Clause: Evasion moves are banned
|rule|Endless Battle Clause: Forcing endless battles is banned
|rule|HP Percentage Mod: HP is shown in percentages
|teampreview
|
|start
|switch|p1a: Azumarill|Azumarill, M|349\/349
|switch|p2a: Ferrothorn|Ferrothorn, M|352\/352
|turn|1
|
|move|p1a: Azumarill|Brick Break|p2a: Ferrothorn
|-supereffective|p2a: Ferrothorn
|-damage|p2a: Ferrothorn|106\/352
|-damage|p1a: Azumarill|306\/349|[from] ability: Iron Barbs|[of] p2a: Ferrothorn
|move|p2a: Ferrothorn|Spikes|p1a: Azumarill
|-sidestart|p1: MartinSousRace|Spikes
|
|turn|2
|
|switch|p1a: Thundurus|Thundurus, M|299\/299
|switch|p2a: Gyarados|Gyarados, F|332\/332
|-ability|p2a: Gyarados|Intimidate|[of] p1a: Thundurus
|-unboost|p1a: Thundurus|atk|1
|
|turn|3
|
|switch|p1a: Gardevoir|Gardevoir, F|301\/301
|-damage|p1a: Gardevoir|264\/301|[from] Spikes
|switch|p2a: Raikou|Raikou|322\/322
|-ability|p2a: Raikou|Pressure
|
|turn|4
|
|detailschange|p1a: Gardevoir|Gardevoir-Mega, F
|message|Gardevoir has Mega Evolved into Mega Gardevoir!
|move|p2a: Raikou|Shadow Ball|p1a: Gardevoir
|-supereffective|p1a: Gardevoir
|-damage|p1a: Gardevoir|50\/301
|move|p1a: Gardevoir|Psyshock|p2a: Raikou
|-damage|p2a: Raikou|91\/322
|
|turn|5
|
|switch|p1a: Azumarill|Azumarill, M|306\/349
|-damage|p1a: Azumarill|263\/349|[from] Spikes
|move|p2a: Raikou|Shadow Ball|p1a: Azumarill
|-damage|p1a: Azumarill|117\/349
|-unboost|p1a: Azumarill|spd|1
|
|turn|6
|
|switch|p2a: Ferrothorn|Ferrothorn, M|106\/352
|move|p1a: Azumarill|Aqua Jet|p2a: Ferrothorn
|-resisted|p2a: Ferrothorn
|-damage|p2a: Ferrothorn|61\/352
|-damage|p1a: Azumarill|74\/349|[from] ability: Iron Barbs|[of] p2a: Ferrothorn
|
|turn|7
|
|switch|p1a: Bisharp|Bisharp, F|272\/272
|-damage|p1a: Bisharp|238\/272|[from] Spikes
|move|p2a: Ferrothorn|Spikes|p1a: Bisharp
|-sidestart|p1: MartinSousRace|Spikes
|
|turn|8
|
|move|p1a: Bisharp|Knock Off|p2a: Ferrothorn
|-damage|p2a: Ferrothorn|0 fnt
|-damage|p1a: Bisharp|204\/272|[from] ability: Iron Barbs|[of] p2a: Ferrothorn
|-enditem|p2a: Ferrothorn|Shed Shell|[from] move: Knock Off|[of] p1a: Bisharp
|-damage|p1a: Bisharp|177\/272|[from] item: Life Orb
|faint|p2a: Ferrothorn
|
|
|switch|p2a: Greninja|Greninja, F|286\/286
|turn|9
|
|switch|p1a: Gardevoir|Gardevoir-Mega, F|50\/301
|-damage|p1a: Gardevoir|0 fnt|[from] Spikes
|faint|p1a: Gardevoir
|move|p2a: Greninja|U-turn|p1: Gardevoir|[notarget]
|-notarget
|
|
|switch|p1a: Thundurus|Thundurus, M|299\/299
|turn|10
|
|switch|p2a: Raikou|Raikou|91\/322
|-ability|p2a: Raikou|Pressure
|move|p1a: Thundurus|Thunder Wave|p2a: Raikou
|-fail|p2a: Raikou
|
|turn|11
|
|move|p2a: Raikou|Volt Switch|p1a: Thundurus
|-damage|p1a: Thundurus|101\/299
|
|switch|p2a: Heatran|Heatran, M|385\/385
|move|p1a: Thundurus|Psychic|p2a: Heatran
|-resisted|p2a: Heatran
|-damage|p2a: Heatran|347\/385
|
|-heal|p1a: Thundurus|119\/299|[from] item: Leftovers
|-heal|p2a: Heatran|371\/385|[from] item: Leftovers
|turn|12
|
|switch|p2a: Raikou|Raikou|91\/322
|-ability|p2a: Raikou|Pressure
|move|p1a: Thundurus|Thunderbolt|p2a: Raikou
|-resisted|p2a: Raikou
|-damage|p2a: Raikou|7\/322
|
|-heal|p1a: Thundurus|137\/299|[from] item: Leftovers
|turn|13
|
|switch|p1a: Celebi|Celebi|404\/404
|-damage|p1a: Celebi|337\/404|[from] Spikes
|move|p2a: Raikou|Hidden Power|p1a: Celebi
|-supereffective|p1a: Celebi
|-damage|p1a: Celebi|153\/404
|
|-heal|p1a: Celebi|178\/404|[from] item: Leftovers
|turn|14
|
|move|p2a: Raikou|Hidden Power|p1a: Celebi
|-supereffective|p1a: Celebi
|-damage|p1a: Celebi|0 fnt
|faint|p1a: Celebi
|
|
|switch|p1a: Bisharp|Bisharp, F|177\/272
|-damage|p1a: Bisharp|132\/272|[from] Spikes
|turn|15
|
|move|p1a: Bisharp|Sucker Punch|p2a: Raikou
|-damage|p2a: Raikou|0 fnt
|-damage|p1a: Bisharp|105\/272|[from] item: Life Orb
|faint|p2a: Raikou
|
|
|switch|p2a: Heatran|Heatran, M|371\/385
|turn|16
|
|switch|p1a: Landorus-Therian|Landorus-Therian, M|381\/381
|-ability|p1a: Landorus-Therian|Intimidate|[of] p2a: Heatran
|-unboost|p2a: Heatran|atk|1
|move|p2a: Heatran|Lava Plume|p1a: Landorus-Therian
|-damage|p1a: Landorus-Therian|243\/381
|
|-heal|p2a: Heatran|385\/385|[from] item: Leftovers
|turn|17
|
|move|p1a: Landorus-Therian|Earthquake|p2a: Heatran
|-supereffective|p2a: Heatran
|-damage|p2a: Heatran|0 fnt
|faint|p2a: Heatran
|
|
|switch|p2a: Gyarados|Gyarados, F|332\/332
|-ability|p2a: Gyarados|Intimidate|[of] p1a: Landorus-Therian
|-unboost|p1a: Landorus-Therian|atk|1
|turn|18
|
|move|p2a: Gyarados|Waterfall|p1a: Landorus-Therian
|-supereffective|p1a: Landorus-Therian
|-damage|p1a: Landorus-Therian|9\/381
|-damage|p2a: Gyarados|277\/332|[from] item: Rocky Helmet|[of] p1a: Landorus-Therian
|move|p1a: Landorus-Therian|U-turn|p2a: Gyarados
|-resisted|p2a: Gyarados
|-damage|p2a: Gyarados|245\/332
|
|switch|p1a: Thundurus|Thundurus, M|137\/299
|
|-heal|p1a: Thundurus|155\/299|[from] item: Leftovers
|turn|19
|
|switch|p2a: Landorus|Landorus, M|319\/319
|move|p1a: Thundurus|Hidden Power|p2a: Landorus
|-supereffective|p2a: Landorus
|-damage|p2a: Landorus|0 fnt
|faint|p2a: Landorus
|
|-heal|p1a: Thundurus|173\/299|[from] item: Leftovers
|
|switch|p2a: Greninja|Greninja, F|286\/286
|turn|20
|
|move|p1a: Thundurus|Thunder Wave|p2a: Greninja
|-status|p2a: Greninja|par
|move|p2a: Greninja|Ice Punch|p1a: Thundurus
|-start|p2a: Greninja|typechange|Ice|[from] Protean
|-supereffective|p1a: Thundurus
|-damage|p1a: Thundurus|0 fnt
|-damage|p2a: Greninja|258\/286 par|[from] item: Life Orb
|faint|p1a: Thundurus
|
|
|switch|p1a: Landorus-Therian|Landorus-Therian, M|9\/381
|-ability|p1a: Landorus-Therian|Intimidate|[of] p2a: Greninja
|-unboost|p2a: Greninja|atk|1
|turn|21
|
|move|p1a: Landorus-Therian|Stealth Rock|p2a: Greninja
|-sidestart|p2: cortisone|move: Stealth Rock
|move|p2a: Greninja|Ice Punch|p1a: Landorus-Therian
|-supereffective|p1a: Landorus-Therian
|-damage|p1a: Landorus-Therian|0 fnt
|-damage|p2a: Greninja|211\/286 par|[from] item: Rocky Helmet|[of] p1a: Landorus-Therian
|-damage|p2a: Greninja|183\/286 par|[from] item: Life Orb
|faint|p1a: Landorus-Therian
|
|
|switch|p1a: Azumarill|Azumarill, M|74\/349
|-damage|p1a: Azumarill|16\/349|[from] Spikes
|turn|22
|
|move|p1a: Azumarill|Aqua Jet|p2a: Greninja
|-damage|p2a: Greninja|2\/286 par
|move|p2a: Greninja|U-turn|p1a: Azumarill
|-start|p2a: Greninja|typechange|Bug|[from] Protean
|-resisted|p1a: Azumarill
|-damage|p1a: Azumarill|0 fnt
|-damage|p2a: Greninja|0 fnt|[from] item: Life Orb
|faint|p1a: Azumarill
|faint|p2a: Greninja
|
|
|switch|p1a: Bisharp|Bisharp, F|105\/272
|switch|p2a: Gyarados|Gyarados, F|245\/332
|-damage|p1a: Bisharp|60\/272|[from] Spikes
|-damage|p2a: Gyarados|162\/332|[from] Stealth Rock
|-ability|p2a: Gyarados|Intimidate|[of] p1a: Bisharp
|-unboost|p1a: Bisharp|atk|1
|-boost|p1a: Bisharp|atk|2|[from] ability: Defiant
|turn|23
|c|★MartinSousRace|this 1% man
|
|detailschange|p2a: Gyarados|Gyarados-Mega, F
|message|Gyarados has Mega Evolved into Mega Gyarados!
|-ability|p2a: Gyarados|Mold Breaker
|move|p1a: Bisharp|Sucker Punch|p2a: Gyarados
|-resisted|p2a: Gyarados
|-damage|p2a: Gyarados|45\/332
|-damage|p1a: Bisharp|33\/272|[from] item: Life Orb
|move|p2a: Gyarados|Waterfall|p1a: Bisharp
|-damage|p1a: Bisharp|0 fnt
|faint|p1a: Bisharp
|
|win|cortisone
|raw|Ladder updating...
|raw|MartinSousRace's rating: 1537 &rarr; <strong>1516<\/strong><br \/>(-21 for losing)
|raw|cortisone's rating: 1521 &rarr; <strong>1542<\/strong><br \/>(+21 for winning)
|c|★cortisone|m-gyara bulk is just inasne lol