|join|MartinSousRace
|join|fuckyoo im asian
|player|p1|MartinSousRace|138
|player|p2|fuckyoo im asian|169
|gametype|singles
|gen|6
|tier|OU
|rated
|clearpoke
|poke|p1|Slowbro, F
|poke|p1|Ferrothorn, F
|poke|p1|Charizard, F
|poke|p1|Latios, M
|poke|p1|Thundurus, M
|poke|p1|Clefable, M
|poke|p2|Staraptor, F
|poke|p2|Pidgeot, M
|poke|p2|Latias, F
|poke|p2|Excadrill, M
|poke|p2|Landorus-Therian, M
|poke|p2|Rotom-Wash
|rule|Swagger Clause: Swagger is banned
|rule|Baton Pass Clause: Limit one Pokémon knowing Baton Pass
|rule|Sleep Clause Mod: Limit one foe put to sleep
|rule|Species Clause: Limit one of each Pokémon
|rule|OHKO Clause: OHKO moves are banned
|rule|Moody Clause: Moody is banned
|rule|Evasion Moves Clause: Evasion moves are banned
|rule|Endless Battle Clause: Forcing endless battles is banned
|rule|HP Percentage Mod: HP is shown in percentages
|teampreview
|
|start
|switch|p1a: Slowbro|Slowbro, F|393\/393
|switch|p2a: Rotom-Wash|Rotom-Wash|304\/304
|turn|1
|
|move|p2a: Rotom-Wash|Volt Switch|p1a: Slowbro
|-supereffective|p1a: Slowbro
|-damage|p1a: Slowbro|207\/393
|
|switch|p2a: Latias|Latias, F|319\/319
|move|p1a: Slowbro|Toxic|p2a: Latias
|-status|p2a: Latias|tox
|
|-heal|p1a: Slowbro|231\/393|[from] item: Leftovers
|-damage|p2a: Latias|300\/319 tox|[from] psn
|turn|2
|
|switch|p2a: Pidgeot|Pidgeot, M|307\/307
|switch|p1a: Ferrothorn|Ferrothorn, F|352\/352
|
|turn|3
|
|switch|p1a: Clefable|Clefable, M|394\/394
|detailschange|p2a: Pidgeot|Pidgeot-Mega, M
|-mega|p2a: Pidgeot|Pidgeot|Pidgeotite
|move|p2a: Pidgeot|Heat Wave|p1a: Clefable
|-crit|p1a: Clefable
|-damage|p1a: Clefable|236\/394
|
|-heal|p1a: Clefable|260\/394|[from] item: Leftovers
|turn|4
|
|move|p2a: Pidgeot|Hurricane|p1a: Clefable
|-damage|p1a: Clefable|88\/394
|-start|p1a: Clefable|confusion
|-activate|p1a: Clefable|confusion
|-damage|p1a: Clefable|65\/394|[from] confusion
|
|-heal|p1a: Clefable|89\/394|[from] item: Leftovers
|turn|5
|c|★fuckyoo im asian|sorry
|
|move|p2a: Pidgeot|Hurricane|p1a: Clefable
|-damage|p1a: Clefable|0 fnt
|faint|p1a: Clefable
|
|
|switch|p1a: Thundurus|Thundurus, M|299\/299
|turn|6
|
|switch|p2a: Rotom-Wash|Rotom-Wash|304\/304
|move|p1a: Thundurus|Hidden Power|p2a: Rotom-Wash
|-resisted|p2a: Rotom-Wash
|-damage|p2a: Rotom-Wash|270\/304
|
|-heal|p2a: Rotom-Wash|289\/304|[from] item: Leftovers
|turn|7
|
|move|p1a: Thundurus|Knock Off|p2a: Rotom-Wash
|-damage|p2a: Rotom-Wash|225\/304
|-enditem|p2a: Rotom-Wash|Leftovers|[from] move: Knock Off|[of] p1a: Thundurus
|move|p2a: Rotom-Wash|Volt Switch|p1a: Thundurus
|-damage|p1a: Thundurus|188\/299
|
|switch|p2a: Excadrill|Excadrill, M|377\/377
|-ability|p2a: Excadrill|Mold Breaker
|
|-heal|p1a: Thundurus|206\/299|[from] item: Leftovers
|turn|8
|
|move|p2a: Excadrill|Rock Slide|p1a: Thundurus
|-supereffective|p1a: Thundurus
|-damage|p1a: Thundurus|0 fnt
|faint|p1a: Thundurus
|
|
|switch|p1a: Ferrothorn|Ferrothorn, F|352\/352
|turn|9
|c|★fuckyoo im asian|what did you predict?
|
|switch|p2a: Landorus-Therian|Landorus-Therian, M|341\/341
|-ability|p2a: Landorus-Therian|Intimidate|[of] p1a: Ferrothorn
|-unboost|p1a: Ferrothorn|atk|1
|move|p1a: Ferrothorn|Stealth Rock|p2a: Landorus-Therian
|-sidestart|p2: fuckyoo im asian|move: Stealth Rock
|
|turn|10
|
|move|p2a: Landorus-Therian|Stealth Rock|p1a: Ferrothorn
|-sidestart|p1: MartinSousRace|move: Stealth Rock
|move|p1a: Ferrothorn|Leech Seed|p2a: Landorus-Therian
|-start|p2a: Landorus-Therian|move: Leech Seed
|
|-damage|p2a: Landorus-Therian|299\/341|[from] Leech Seed|[of] p1a: Ferrothorn
|turn|11
|
|switch|p2a: Rotom-Wash|Rotom-Wash|225\/304
|-damage|p2a: Rotom-Wash|187\/304|[from] Stealth Rock
|move|p1a: Ferrothorn|Leech Seed|p2a: Rotom-Wash|[miss]
|-miss|p1a: Ferrothorn|p2a: Rotom-Wash
|
|turn|12
|
|move|p2a: Rotom-Wash|Will-O-Wisp|p1a: Ferrothorn
|-status|p1a: Ferrothorn|brn
|move|p1a: Ferrothorn|Power Whip|p2a: Rotom-Wash
|-supereffective|p2a: Rotom-Wash
|-damage|p2a: Rotom-Wash|125\/304
|
|-damage|p1a: Ferrothorn|308\/352 brn|[from] brn
|turn|13
|
|move|p2a: Rotom-Wash|Pain Split|p1a: Ferrothorn
|-sethp|p1a: Ferrothorn|216\/352 brn|p2a: Rotom-Wash|216\/304|[from] move: Pain Split
|move|p1a: Ferrothorn|Leech Seed|p2a: Rotom-Wash
|-start|p2a: Rotom-Wash|move: Leech Seed
|
|-heal|p1a: Ferrothorn|238\/352 brn|[from] item: Leftovers
|-damage|p2a: Rotom-Wash|178\/304|[from] Leech Seed|[of] p1a: Ferrothorn
|-heal|p1a: Ferrothorn|276\/352 brn|[silent]
|-damage|p1a: Ferrothorn|232\/352 brn|[from] brn
|turn|14
|
|move|p2a: Rotom-Wash|Volt Switch|p1a: Ferrothorn
|-resisted|p1a: Ferrothorn
|-damage|p1a: Ferrothorn|202\/352 brn
|
|switch|p2a: Excadrill|Excadrill, M|377\/377
|-damage|p2a: Excadrill|366\/377|[from] Stealth Rock
|-ability|p2a: Excadrill|Mold Breaker
|move|p1a: Ferrothorn|Leech Seed|p2a: Excadrill|[miss]
|-miss|p1a: Ferrothorn|p2a: Excadrill
|
|-heal|p1a: Ferrothorn|224\/352 brn|[from] item: Leftovers
|-damage|p1a: Ferrothorn|180\/352 brn|[from] brn
|turn|15
|
|move|p2a: Excadrill|Earthquake|p1a: Ferrothorn
|-damage|p1a: Ferrothorn|33\/352 brn
|move|p1a: Ferrothorn|Leech Seed|p2a: Excadrill
|-start|p2a: Excadrill|move: Leech Seed
|
|-heal|p1a: Ferrothorn|55\/352 brn|[from] item: Leftovers
|-damage|p2a: Excadrill|319\/377|[from] Leech Seed|[of] p1a: Ferrothorn
|-heal|p1a: Ferrothorn|102\/352 brn|[silent]
|-damage|p1a: Ferrothorn|58\/352 brn|[from] brn
|turn|16
|
|switch|p2a: Rotom-Wash|Rotom-Wash|178\/304
|-damage|p2a: Rotom-Wash|140\/304|[from] Stealth Rock
|move|p1a: Ferrothorn|Leech Seed|p2a: Rotom-Wash
|-start|p2a: Rotom-Wash|move: Leech Seed
|
|-heal|p1a: Ferrothorn|80\/352 brn|[from] item: Leftovers
|-damage|p2a: Rotom-Wash|102\/304|[from] Leech Seed|[of] p1a: Ferrothorn
|-heal|p1a: Ferrothorn|118\/352 brn|[silent]
|-damage|p1a: Ferrothorn|74\/352 brn|[from] brn
|turn|17
|
|move|p1a: Ferrothorn|Protect|p1a: Ferrothorn
|-singleturn|p1a: Ferrothorn|Protect
|move|p2a: Rotom-Wash|Volt Switch|p1a: Ferrothorn
|-activate|p1a: Ferrothorn|Protect
|
|-heal|p1a: Ferrothorn|96\/352 brn|[from] item: Leftovers
|-damage|p2a: Rotom-Wash|64\/304|[from] Leech Seed|[of] p1a: Ferrothorn
|-heal|p1a: Ferrothorn|134\/352 brn|[silent]
|-damage|p1a: Ferrothorn|90\/352 brn|[from] brn
|turn|18
|
|move|p2a: Rotom-Wash|Hydro Pump|p1a: Ferrothorn
|-resisted|p1a: Ferrothorn
|-damage|p1a: Ferrothorn|46\/352 brn
|move|p1a: Ferrothorn|Leech Seed|p2a: Rotom-Wash
|-fail|p2a: Rotom-Wash
|
|-heal|p1a: Ferrothorn|68\/352 brn|[from] item: Leftovers
|-damage|p2a: Rotom-Wash|26\/304|[from] Leech Seed|[of] p1a: Ferrothorn
|-heal|p1a: Ferrothorn|106\/352 brn|[silent]
|-damage|p1a: Ferrothorn|62\/352 brn|[from] brn
|turn|19
|
|switch|p2a: Excadrill|Excadrill, M|319\/377
|-damage|p2a: Excadrill|308\/377|[from] Stealth Rock
|-ability|p2a: Excadrill|Mold Breaker
|move|p1a: Ferrothorn|Leech Seed|p2a: Excadrill
|-start|p2a: Excadrill|move: Leech Seed
|
|-heal|p1a: Ferrothorn|84\/352 brn|[from] item: Leftovers
|-damage|p2a: Excadrill|261\/377|[from] Leech Seed|[of] p1a: Ferrothorn
|-heal|p1a: Ferrothorn|131\/352 brn|[silent]
|-damage|p1a: Ferrothorn|87\/352 brn|[from] brn
|turn|20
|
|switch|p2a: Landorus-Therian|Landorus-Therian, M|299\/341
|-damage|p2a: Landorus-Therian|257\/341|[from] Stealth Rock
|-ability|p2a: Landorus-Therian|Intimidate|[of] p1a: Ferrothorn
|-unboost|p1a: Ferrothorn|atk|1
|move|p1a: Ferrothorn|Protect|p1a: Ferrothorn
|-fail|p1a: Ferrothorn
|
|-heal|p1a: Ferrothorn|109\/352 brn|[from] item: Leftovers
|-damage|p1a: Ferrothorn|65\/352 brn|[from] brn
|turn|21
|c|★fuckyoo im asian|a mere annoyance
|
|switch|p1a: Slowbro|Slowbro, F|362\/393
|-damage|p1a: Slowbro|313\/393|[from] Stealth Rock
|move|p2a: Landorus-Therian|Earthquake|p1a: Slowbro
|-damage|p1a: Slowbro|142\/393
|
|-heal|p1a: Slowbro|166\/393|[from] item: Leftovers
|turn|22
|
|switch|p1a: Latios|Latios, M|301\/301
|-damage|p1a: Latios|264\/301|[from] Stealth Rock
|move|p2a: Landorus-Therian|U-turn|p1a: Latios
|-supereffective|p1a: Latios
|-damage|p1a: Latios|40\/301
|
|switch|p2a: Pidgeot|Pidgeot-Mega, M|307\/307
|-damage|p2a: Pidgeot|231\/307|[from] Stealth Rock
|
|turn|23
|
|switch|p1a: Ferrothorn|Ferrothorn, F|65\/352 brn
|-damage|p1a: Ferrothorn|43\/352 brn|[from] Stealth Rock
|move|p2a: Pidgeot|U-turn|p1a: Ferrothorn
|-damage|p1a: Ferrothorn|5\/352 brn
|-damage|p2a: Pidgeot|193\/307|[from] ability: Iron Barbs|[of] p1a: Ferrothorn
|
|switch|p2a: Latias|Latias, F|300\/319 tox
|-damage|p2a: Latias|261\/319 tox|[from] Stealth Rock
|
|-heal|p1a: Ferrothorn|27\/352 brn|[from] item: Leftovers
|-damage|p2a: Latias|242\/319 tox|[from] psn
|-damage|p1a: Ferrothorn|0 fnt|[from] brn
|faint|p1a: Ferrothorn
|
|switch|p1a: Latios|Latios, M|40\/301
|-damage|p1a: Latios|3\/301|[from] Stealth Rock
|turn|24
|
|move|p2a: Latias|Psyshock|p1a: Latios
|-resisted|p1a: Latios
|-damage|p1a: Latios|0 fnt
|-damage|p2a: Latias|211\/319 tox|[from] item: Life Orb
|faint|p1a: Latios
|
|-damage|p2a: Latias|173\/319 tox|[from] psn
|
|switch|p1a: Charizard|Charizard, F|315\/315
|-damage|p1a: Charizard|158\/315|[from] Stealth Rock
|turn|25
|
|move|p2a: Latias|Draco Meteor|p1a: Charizard
|-damage|p1a: Charizard|0 fnt
|-unboost|p2a: Latias|spa|2
|-damage|p2a: Latias|142\/319 tox|[from] item: Life Orb
|faint|p1a: Charizard
|
|-damage|p2a: Latias|85\/319 tox|[from] psn
|c|★fuckyoo im asian|hopefully, i can preserve the 6-0
|c|★MartinSousRace|you can perserve your luck too
|-message|MartinSousRace forfeited.
|
|win|fuckyoo im asian
|raw|Ladder updating...
|leave|MartinSousRace
|player|p1
|raw|MartinSousRace's rating: 1638 &rarr; <strong>1618<\/strong><br \/>(-20 for losing)
|raw|fuckyoo im asian's rating: 1641 &rarr; <strong>1660<\/strong><br \/>(+19 for winning)