|join|RS Swept
|join|Albyness
|player|p1|RS Swept|29
|player|p2|Albyness|101
|gametype|singles
|gen|6
|tier|OU
|rated
|clearpoke
|poke|p1|Gothitelle, F
|poke|p1|Skarmory, F
|poke|p1|Cresselia, F
|poke|p1|Quagsire, M
|poke|p1|Sableye, F
|poke|p1|Chansey, F
|poke|p2|Lopunny, F
|poke|p2|Dragonite, F
|poke|p2|Manaphy
|poke|p2|Weavile, M
|poke|p2|Excadrill, M
|poke|p2|Thundurus, M
|rule|Swagger Clause: Swagger is banned
|rule|Baton Pass Clause: Limit one Pokémon knowing Baton Pass
|rule|Sleep Clause Mod: Limit one foe put to sleep
|rule|Species Clause: Limit one of each Pokémon
|rule|OHKO Clause: OHKO moves are banned
|rule|Moody Clause: Moody is banned
|rule|Evasion Moves Clause: Evasion moves are banned
|rule|Endless Battle Clause: Forcing endless battles is banned
|rule|HP Percentage Mod: HP is shown in percentages
|teampreview
|
|start
|switch|p1a: Gothitelle|Gothitelle, F|301\/301
|switch|p2a: Excadrill|Excadrill, M|361\/361
|-ability|p2a: Excadrill|Mold Breaker
|turn|1
|
|switch|p1a: Skarmory|Skarmory, F|333\/333
|move|p2a: Excadrill|Stealth Rock|p1a: Skarmory
|-sidestart|p1: RS Swept|move: Stealth Rock
|
|turn|2
|
|switch|p2a: Thundurus|Thundurus, M|299\/299
|move|p1a: Skarmory|Defog|p2a: Thundurus
|-unboost|p2a: Thundurus|evasion|1
|-sideend|p1: RS Swept|Stealth Rock|[from] move: Defog|[of] p1a: Skarmory
|
|turn|3
|
|switch|p1a: Cresselia|Cresselia, F|444\/444
|move|p2a: Thundurus|Knock Off|p1a: Cresselia
|-supereffective|p1a: Cresselia
|-damage|p1a: Cresselia|270\/444
|-enditem|p1a: Cresselia|Leftovers|[from] move: Knock Off|[of] p2a: Thundurus
|-damage|p2a: Thundurus|270\/299|[from] item: Life Orb
|
|turn|4
|
|switch|p2a: Excadrill|Excadrill, M|361\/361
|-ability|p2a: Excadrill|Mold Breaker
|move|p1a: Cresselia|Moonlight|p1a: Cresselia
|-heal|p1a: Cresselia|444\/444
|
|turn|5
|
|switch|p1a: Skarmory|Skarmory, F|333\/333
|move|p2a: Excadrill|Stealth Rock|p1a: Skarmory
|-sidestart|p1: RS Swept|move: Stealth Rock
|
|turn|6
|
|move|p2a: Excadrill|Rock Tomb|p1a: Skarmory
|-damage|p1a: Skarmory|288\/333
|-unboost|p1a: Skarmory|spe|1
|move|p1a: Skarmory|Defog|p2a: Excadrill
|-unboost|p2a: Excadrill|evasion|1
|-sideend|p1: RS Swept|Stealth Rock|[from] move: Defog|[of] p1a: Skarmory
|
|turn|7
|
|move|p2a: Excadrill|Stealth Rock|p1a: Skarmory
|-sidestart|p1: RS Swept|move: Stealth Rock
|move|p1a: Skarmory|Brave Bird|p2a: Excadrill
|-resisted|p2a: Excadrill
|-damage|p2a: Excadrill|278\/361
|-damage|p1a: Skarmory|261\/333|[from] recoil|[of] p2a: Excadrill
|
|turn|8
|join|yuy
|
|switch|p2a: Thundurus|Thundurus, M|270\/299
|move|p1a: Skarmory|Defog|p2a: Thundurus
|-unboost|p2a: Thundurus|evasion|1
|-sideend|p1: RS Swept|Stealth Rock|[from] move: Defog|[of] p1a: Skarmory
|
|turn|9
|
|switch|p2a: Weavile|Weavile, M|282\/282
|-ability|p2a: Weavile|Pressure
|switch|p1a: Cresselia|Cresselia, F|444\/444
|
|turn|10
|
|switch|p1a: Skarmory|Skarmory, F|261\/333
|move|p2a: Weavile|Knock Off|p1a: Skarmory
|-damage|p1a: Skarmory|131\/333
|-enditem|p1a: Skarmory|Shed Shell|[from] move: Knock Off|[of] p2a: Weavile
|-damage|p2a: Weavile|254\/282|[from] item: Life Orb
|
|turn|11
|
|move|p2a: Weavile|Icicle Crash|p1a: Skarmory
|-damage|p1a: Skarmory|32\/333
|-damage|p2a: Weavile|226\/282|[from] item: Life Orb
|move|p1a: Skarmory|Roost|p1a: Skarmory
|-heal|p1a: Skarmory|199\/333
|
|turn|12
|
|move|p2a: Weavile|Icicle Crash|p1a: Skarmory
|-damage|p1a: Skarmory|94\/333
|-damage|p2a: Weavile|198\/282|[from] item: Life Orb
|move|p1a: Skarmory|Roost|p1a: Skarmory
|-heal|p1a: Skarmory|261\/333
|
|turn|13
|
|switch|p2a: Manaphy|Manaphy|404\/404
|move|p1a: Skarmory|Roost|p1a: Skarmory
|-heal|p1a: Skarmory|333\/333
|
|turn|14
|
|switch|p2a: Weavile|Weavile, M|198\/282
|-ability|p2a: Weavile|Pressure
|switch|p1a: Gothitelle|Gothitelle, F|301\/301
|
|turn|15
|
|move|p2a: Weavile|Pursuit|p1a: Gothitelle|[from]Pursuit
|-supereffective|p1a: Gothitelle
|-damage|p1a: Gothitelle|0 fnt
|-damage|p2a: Weavile|170\/282|[from] item: Life Orb
|faint|p1a: Gothitelle
|
|
|switch|p1a: Skarmory|Skarmory, F|333\/333
|turn|16
|
|switch|p2a: Manaphy|Manaphy|404\/404
|move|p1a: Skarmory|Spikes|p2a: Manaphy
|-sidestart|p2: Albyness|Spikes
|
|turn|17
|
|switch|p1a: Quagsire|Quagsire, M|394\/394
|move|p2a: Manaphy|Tail Glow|p2a: Manaphy
|-boost|p2a: Manaphy|spa|3
|
|turn|18
|
|move|p2a: Manaphy|Rain Dance|p2a: Manaphy
|-weather|RainDance
|move|p1a: Quagsire|Toxic|p2a: Manaphy
|-status|p2a: Manaphy|tox
|
|-weather|RainDance|[upkeep]
|-curestatus|p2a: Manaphy|tox
|turn|19
|
|switch|p1a: Chansey|Chansey, F|645\/645
|move|p2a: Manaphy|Scald|p1a: Chansey
|-damage|p1a: Chansey|479\/645
|-status|p1a: Chansey|brn
|
|-weather|RainDance|[upkeep]
|-damage|p1a: Chansey|399\/645 brn|[from] brn
|turn|20
|
|move|p2a: Manaphy|Tail Glow|p2a: Manaphy
|-boost|p2a: Manaphy|spa|3
|move|p1a: Chansey|Aromatherapy|p1a: Chansey
|-cureteam|p1a: Chansey|[from] move: Aromatherapy
|
|-weather|RainDance|[upkeep]
|turn|21
|
|move|p2a: Manaphy|Scald|p1a: Chansey
|-damage|p1a: Chansey|86\/645
|move|p1a: Chansey|Soft-Boiled|p1a: Chansey
|-heal|p1a: Chansey|409\/645
|
|-weather|RainDance|[upkeep]
|turn|22
|
|move|p2a: Manaphy|Scald|p1a: Chansey
|-damage|p1a: Chansey|130\/645
|move|p1a: Chansey|Soft-Boiled|p1a: Chansey
|-heal|p1a: Chansey|453\/645
|
|-weather|none
|turn|23
|
|move|p2a: Manaphy|Rain Dance|p2a: Manaphy
|-weather|RainDance
|move|p1a: Chansey|Seismic Toss|p2a: Manaphy
|-damage|p2a: Manaphy|304\/404
|
|-weather|RainDance|[upkeep]
|-heal|p2a: Manaphy|329\/404|[from] item: Leftovers
|turn|24
|
|move|p2a: Manaphy|Scald|p1a: Chansey
|-damage|p1a: Chansey|153\/645
|move|p1a: Chansey|Soft-Boiled|p1a: Chansey
|-heal|p1a: Chansey|476\/645
|
|-weather|RainDance|[upkeep]
|-heal|p2a: Manaphy|354\/404|[from] item: Leftovers
|turn|25
|
|move|p2a: Manaphy|Scald|p1a: Chansey
|-damage|p1a: Chansey|194\/645
|move|p1a: Chansey|Soft-Boiled|p1a: Chansey
|-heal|p1a: Chansey|517\/645
|
|-weather|RainDance|[upkeep]
|-heal|p2a: Manaphy|379\/404|[from] item: Leftovers
|turn|26
|
|move|p2a: Manaphy|Scald|p1a: Chansey
|-damage|p1a: Chansey|229\/645
|-status|p1a: Chansey|brn
|move|p1a: Chansey|Soft-Boiled|p1a: Chansey
|-heal|p1a: Chansey|552\/645 brn
|
|-weather|RainDance|[upkeep]
|-heal|p2a: Manaphy|404\/404|[from] item: Leftovers
|-damage|p1a: Chansey|472\/645 brn|[from] brn
|turn|27
|
|move|p2a: Manaphy|Scald|p1a: Chansey
|-damage|p1a: Chansey|181\/645 brn
|move|p1a: Chansey|Soft-Boiled|p1a: Chansey
|-heal|p1a: Chansey|504\/645 brn
|
|-weather|none
|-damage|p1a: Chansey|424\/645 brn|[from] brn
|turn|28
|
|move|p2a: Manaphy|Scald|p1a: Chansey
|-damage|p1a: Chansey|244\/645 brn
|move|p1a: Chansey|Aromatherapy|p1a: Chansey
|-cureteam|p1a: Chansey|[from] move: Aromatherapy
|
|turn|29
|
|move|p2a: Manaphy|Rain Dance|p2a: Manaphy
|-weather|RainDance
|move|p1a: Chansey|Soft-Boiled|p1a: Chansey
|-heal|p1a: Chansey|567\/645
|
|-weather|RainDance|[upkeep]
|turn|30
|
|move|p2a: Manaphy|Scald|p1a: Chansey
|-crit|p1a: Chansey
|-damage|p1a: Chansey|131\/645
|-status|p1a: Chansey|brn
|move|p1a: Chansey|Soft-Boiled|p1a: Chansey
|-heal|p1a: Chansey|454\/645 brn
|
|-weather|RainDance|[upkeep]
|-damage|p1a: Chansey|374\/645 brn|[from] brn
|turn|31
|
|move|p2a: Manaphy|Scald|p1a: Chansey
|-damage|p1a: Chansey|100\/645 brn
|move|p1a: Chansey|Soft-Boiled|p1a: Chansey
|-heal|p1a: Chansey|423\/645 brn
|
|-weather|RainDance|[upkeep]
|-damage|p1a: Chansey|343\/645 brn|[from] brn
|turn|32
|join|Temporaryanonymous
|
|move|p2a: Manaphy|Scald|p1a: Chansey
|-damage|p1a: Chansey|64\/645 brn
|move|p1a: Chansey|Soft-Boiled|p1a: Chansey
|-heal|p1a: Chansey|387\/645 brn
|
|-weather|RainDance|[upkeep]
|-damage|p1a: Chansey|307\/645 brn|[from] brn
|turn|33
|join|Updated Kanto
|join|CeePeeGee
|
|move|p2a: Manaphy|Scald|p1a: Chansey
|-damage|p1a: Chansey|1\/645 brn
|move|p1a: Chansey|Soft-Boiled|p1a: Chansey
|-heal|p1a: Chansey|324\/645 brn
|
|-weather|none
|-damage|p1a: Chansey|244\/645 brn|[from] brn
|turn|34
|
|move|p2a: Manaphy|Rain Dance|p2a: Manaphy
|-weather|RainDance
|move|p1a: Chansey|Soft-Boiled|p1a: Chansey
|-heal|p1a: Chansey|567\/645 brn
|
|-weather|RainDance|[upkeep]
|-damage|p1a: Chansey|487\/645 brn|[from] brn
|turn|35
|join|Jefo
|
|switch|p1a: Cresselia|Cresselia, F|444\/444
|move|p2a: Manaphy|Scald|p1a: Cresselia
|-damage|p1a: Cresselia|66\/444
|-status|p1a: Cresselia|brn
|
|-weather|RainDance|[upkeep]
|-damage|p1a: Cresselia|11\/444 brn|[from] brn
|turn|36
|
|move|p2a: Manaphy|Ice Beam|p1a: Cresselia
|-damage|p1a: Cresselia|0 fnt
|faint|p1a: Cresselia
|
|-weather|RainDance|[upkeep]
|
|switch|p1a: Chansey|Chansey, F|487\/645
|turn|37
|
|move|p2a: Manaphy|Scald|p1a: Chansey
|-damage|p1a: Chansey|213\/645
|-status|p1a: Chansey|brn
|move|p1a: Chansey|Soft-Boiled|p1a: Chansey
|-heal|p1a: Chansey|536\/645 brn
|
|-weather|RainDance|[upkeep]
|-damage|p1a: Chansey|456\/645 brn|[from] brn
|turn|38
|
|move|p2a: Manaphy|Scald|p1a: Chansey
|-damage|p1a: Chansey|153\/645 brn
|move|p1a: Chansey|Soft-Boiled|p1a: Chansey
|-heal|p1a: Chansey|476\/645 brn
|
|-weather|none
|-damage|p1a: Chansey|396\/645 brn|[from] brn
|turn|39
|join|Silver Ray
|
|move|p2a: Manaphy|Rain Dance|p2a: Manaphy
|-weather|RainDance
|move|p1a: Chansey|Aromatherapy|p1a: Chansey
|-cureteam|p1a: Chansey|[from] move: Aromatherapy
|
|-weather|RainDance|[upkeep]
|turn|40
|
|move|p2a: Manaphy|Scald|p1a: Chansey
|-damage|p1a: Chansey|105\/645
|-status|p1a: Chansey|brn
|move|p1a: Chansey|Soft-Boiled|p1a: Chansey
|-heal|p1a: Chansey|428\/645 brn
|
|-weather|RainDance|[upkeep]
|-damage|p1a: Chansey|348\/645 brn|[from] brn
|turn|41
|
|move|p2a: Manaphy|Scald|p1a: Chansey
|-damage|p1a: Chansey|42\/645 brn
|move|p1a: Chansey|Soft-Boiled|p1a: Chansey
|-heal|p1a: Chansey|365\/645 brn
|
|-weather|RainDance|[upkeep]
|-damage|p1a: Chansey|285\/645 brn|[from] brn
|turn|42
|
|move|p2a: Manaphy|Scald|p1a: Chansey
|-damage|p1a: Chansey|6\/645 brn
|move|p1a: Chansey|Seismic Toss|p2a: Manaphy
|-damage|p2a: Manaphy|304\/404
|
|-weather|RainDance|[upkeep]
|-heal|p2a: Manaphy|329\/404|[from] item: Leftovers
|-damage|p1a: Chansey|0 fnt|[from] brn
|faint|p1a: Chansey
|
|switch|p1a: Quagsire|Quagsire, M|394\/394
|turn|43
|
|move|p2a: Manaphy|Scald|p1a: Quagsire
|-damage|p1a: Quagsire|175\/394
|move|p1a: Quagsire|Recover|p1a: Quagsire
|-heal|p1a: Quagsire|372\/394
|
|-weather|none
|-heal|p2a: Manaphy|354\/404|[from] item: Leftovers
|-heal|p1a: Quagsire|394\/394|[from] item: Leftovers
|turn|44
|
|move|p2a: Manaphy|Rain Dance|p2a: Manaphy
|-weather|RainDance
|move|p1a: Quagsire|Earthquake|p2a: Manaphy
|-damage|p2a: Manaphy|272\/404
|
|-weather|RainDance|[upkeep]
|-heal|p2a: Manaphy|297\/404|[from] item: Leftovers
|turn|45
|
|move|p2a: Manaphy|Scald|p1a: Quagsire
|-damage|p1a: Quagsire|159\/394
|-status|p1a: Quagsire|brn
|move|p1a: Quagsire|Recover|p1a: Quagsire
|-heal|p1a: Quagsire|356\/394 brn
|
|-weather|RainDance|[upkeep]
|-heal|p2a: Manaphy|322\/404|[from] item: Leftovers
|-heal|p1a: Quagsire|380\/394 brn|[from] item: Leftovers
|-damage|p1a: Quagsire|331\/394 brn|[from] brn
|turn|46
|
|move|p2a: Manaphy|Ice Beam|p1a: Quagsire
|-damage|p1a: Quagsire|212\/394 brn
|move|p1a: Quagsire|Recover|p1a: Quagsire
|-heal|p1a: Quagsire|394\/394 brn
|
|-weather|RainDance|[upkeep]
|-heal|p2a: Manaphy|347\/404|[from] item: Leftovers
|-damage|p1a: Quagsire|345\/394 brn|[from] brn
|turn|47
|
|move|p2a: Manaphy|Ice Beam|p1a: Quagsire
|-damage|p1a: Quagsire|231\/394 brn
|move|p1a: Quagsire|Recover|p1a: Quagsire
|-heal|p1a: Quagsire|394\/394 brn
|
|-weather|RainDance|[upkeep]
|-heal|p2a: Manaphy|372\/404|[from] item: Leftovers
|-damage|p1a: Quagsire|345\/394 brn|[from] brn
|turn|48
|c| yuy|never seen so many burns in my lyfe
|
|move|p2a: Manaphy|Ice Beam|p1a: Quagsire
|-damage|p1a: Quagsire|228\/394 brn
|move|p1a: Quagsire|Recover|p1a: Quagsire
|-heal|p1a: Quagsire|394\/394 brn
|
|-weather|none
|-heal|p2a: Manaphy|397\/404|[from] item: Leftovers
|-damage|p1a: Quagsire|345\/394 brn|[from] brn
|turn|49
|
|move|p2a: Manaphy|Ice Beam|p1a: Quagsire
|-damage|p1a: Quagsire|233\/394 brn
|move|p1a: Quagsire|Earthquake|p2a: Manaphy
|-damage|p2a: Manaphy|357\/404
|
|-heal|p2a: Manaphy|382\/404|[from] item: Leftovers
|-heal|p1a: Quagsire|257\/394 brn|[from] item: Leftovers
|-damage|p1a: Quagsire|208\/394 brn|[from] brn
|turn|50
|
|move|p2a: Manaphy|Ice Beam|p1a: Quagsire
|-damage|p1a: Quagsire|103\/394 brn
|move|p1a: Quagsire|Recover|p1a: Quagsire
|-heal|p1a: Quagsire|300\/394 brn
|
|-heal|p2a: Manaphy|404\/404|[from] item: Leftovers
|-heal|p1a: Quagsire|324\/394 brn|[from] item: Leftovers
|-damage|p1a: Quagsire|275\/394 brn|[from] brn
|turn|51
|
|move|p2a: Manaphy|Ice Beam|p1a: Quagsire
|-damage|p1a: Quagsire|168\/394 brn
|move|p1a: Quagsire|Recover|p1a: Quagsire
|-heal|p1a: Quagsire|365\/394 brn
|
|-heal|p1a: Quagsire|389\/394 brn|[from] item: Leftovers
|-damage|p1a: Quagsire|340\/394 brn|[from] brn
|turn|52
|
|move|p2a: Manaphy|Ice Beam|p1a: Quagsire
|-damage|p1a: Quagsire|228\/394 brn
|move|p1a: Quagsire|Toxic|p2a: Manaphy
|-status|p2a: Manaphy|tox
|
|-heal|p1a: Quagsire|252\/394 brn|[from] item: Leftovers
|-damage|p2a: Manaphy|379\/404 tox|[from] psn
|-damage|p1a: Quagsire|203\/394 brn|[from] brn
|turn|53
|
|move|p2a: Manaphy|Rain Dance|p2a: Manaphy
|-weather|RainDance
|move|p1a: Quagsire|Recover|p1a: Quagsire
|-heal|p1a: Quagsire|394\/394 brn
|
|-weather|RainDance|[upkeep]
|-curestatus|p2a: Manaphy|tox
|-heal|p2a: Manaphy|404\/404|[from] item: Leftovers
|-damage|p1a: Quagsire|345\/394 brn|[from] brn
|turn|54
|
|move|p2a: Manaphy|Scald|p1a: Quagsire
|-damage|p1a: Quagsire|138\/394 brn
|move|p1a: Quagsire|Recover|p1a: Quagsire
|-heal|p1a: Quagsire|335\/394 brn
|
|-weather|RainDance|[upkeep]
|-heal|p1a: Quagsire|359\/394 brn|[from] item: Leftovers
|-damage|p1a: Quagsire|310\/394 brn|[from] brn
|turn|55
|
|move|p2a: Manaphy|Scald|p1a: Quagsire
|-crit|p1a: Quagsire
|-damage|p1a: Quagsire|0 fnt
|faint|p1a: Quagsire
|
|-weather|RainDance|[upkeep]
|leave|Temporaryanonymous
|c|★RS Swept|well i got fucked
|c|★Albyness|soz
|-message|RS Swept forfeited.
|
|win|Albyness
|raw|Ladder updating...
|leave|RS Swept
|player|p1
|raw|RS Swept's rating: 1772 &rarr; <strong>1751<\/strong><br \/>(-21 for losing)
|raw|Albyness's rating: 1756 &rarr; <strong>1777<\/strong><br \/>(+21 for winning)
|leave|Silver Ray