|join|DoughBoy
|join|Albyness
|player|p1|DoughBoy|129
|player|p2|Albyness|44
|gametype|singles
|gen|6
|tier|OU
|clearpoke
|poke|p1|Charizard, M
|poke|p1|Terrakion
|poke|p1|Ferrothorn, M
|poke|p1|Tornadus-Therian, M
|poke|p1|Starmie
|poke|p1|Landorus-Therian, M
|poke|p2|Scizor, F
|poke|p2|Thundurus, M
|poke|p2|Hippowdon, F
|poke|p2|Manaphy
|poke|p2|Bisharp, M
|poke|p2|Latios, M
|rule|Swagger Clause: Swagger is banned
|rule|Baton Pass Clause: Limit one Pokémon knowing Baton Pass
|rule|Sleep Clause Mod: Limit one foe put to sleep
|rule|Species Clause: Limit one of each Pokémon
|rule|OHKO Clause: OHKO moves are banned
|rule|Moody Clause: Moody is banned
|rule|Evasion Moves Clause: Evasion moves are banned
|rule|Endless Battle Clause: Forcing endless battles is banned
|rule|HP Percentage Mod: HP is shown in percentages
|teampreview
|c|★DoughBoy|hi
|c|★DoughBoy|are you there?
|c|★Albyness|yea
|c|★Albyness|i clicked
|c|★DoughBoy|oh ok lol
|
|start
|switch|p1a: Tornadus-Therian|Tornadus-Therian, M|299\/299
|switch|p2a: Thundurus|Thundurus, M|299\/299
|turn|1
|
|switch|p1a: Ferrothorn|Ferrothorn, M|352\/352
|move|p2a: Thundurus|Thunder Wave|p1a: Ferrothorn
|-status|p1a: Ferrothorn|par
|
|turn|2
|
|switch|p2a: Hippowdon|Hippowdon, F|420\/420
|-weather|Sandstorm
|cant|p1a: Ferrothorn|par
|
|-weather|Sandstorm|[upkeep]
|turn|3
|
|move|p2a: Hippowdon|Stealth Rock|p1a: Ferrothorn
|-sidestart|p1: DoughBoy|move: Stealth Rock
|cant|p1a: Ferrothorn|par
|
|-weather|Sandstorm|[upkeep]
|turn|4
|
|switch|p2a: Bisharp|Bisharp, M|271\/271
|move|p1a: Ferrothorn|Stealth Rock|p2a: Bisharp
|-sidestart|p2: Albyness|move: Stealth Rock
|
|-weather|Sandstorm|[upkeep]
|turn|5
|
|move|p2a: Bisharp|Knock Off|p1a: Ferrothorn
|-damage|p1a: Ferrothorn|217\/352 par
|-damage|p2a: Bisharp|238\/271|[from] ability: Iron Barbs|[of] p1a: Ferrothorn
|-enditem|p1a: Ferrothorn|Chesto Berry|[from] move: Knock Off|[of] p2a: Bisharp
|move|p1a: Ferrothorn|Gyro Ball|p2a: Bisharp
|-crit|p2a: Bisharp
|-resisted|p2a: Bisharp
|-damage|p2a: Bisharp|122\/271
|
|-weather|Sandstorm|[upkeep]
|turn|6
|
|move|p2a: Bisharp|Taunt|p1a: Ferrothorn
|-start|p1a: Ferrothorn|move: Taunt
|move|p1a: Ferrothorn|Gyro Ball|p2a: Bisharp
|-resisted|p2a: Bisharp
|-damage|p2a: Bisharp|44\/271
|
|-weather|none
|turn|7
|
|move|p2a: Bisharp|Knock Off|p1a: Ferrothorn
|-damage|p1a: Ferrothorn|135\/352 par
|-damage|p2a: Bisharp|11\/271|[from] ability: Iron Barbs|[of] p1a: Ferrothorn
|move|p1a: Ferrothorn|Gyro Ball|p2a: Bisharp
|-crit|p2a: Bisharp
|-resisted|p2a: Bisharp
|-damage|p2a: Bisharp|0 fnt
|faint|p2a: Bisharp
|
|
|switch|p2a: Manaphy|Manaphy|404\/404
|-damage|p2a: Manaphy|354\/404|[from] Stealth Rock
|turn|8
|
|move|p2a: Manaphy|Tail Glow|p2a: Manaphy
|-boost|p2a: Manaphy|spa|3
|cant|p1a: Ferrothorn|par
|
|-heal|p2a: Manaphy|379\/404|[from] item: Leftovers
|-end|p1a: Ferrothorn|move: Taunt
|turn|9
|
|move|p2a: Manaphy|Scald|p1a: Ferrothorn
|-resisted|p1a: Ferrothorn
|-damage|p1a: Ferrothorn|48\/352 par
|move|p1a: Ferrothorn|Power Whip|p2a: Manaphy
|-supereffective|p2a: Manaphy
|-damage|p2a: Manaphy|167\/404
|
|-heal|p2a: Manaphy|192\/404|[from] item: Leftovers
|turn|10
|
|move|p2a: Manaphy|Scald|p1a: Ferrothorn
|-resisted|p1a: Ferrothorn
|-damage|p1a: Ferrothorn|0 fnt
|faint|p1a: Ferrothorn
|
|-heal|p2a: Manaphy|217\/404|[from] item: Leftovers
|
|switch|p1a: Terrakion|Terrakion|323\/323
|-damage|p1a: Terrakion|303\/323|[from] Stealth Rock
|turn|11
|
|move|p1a: Terrakion|Close Combat|p2a: Manaphy
|-damage|p2a: Manaphy|0 fnt
|-unboost|p1a: Terrakion|def|1
|-unboost|p1a: Terrakion|spd|1
|faint|p2a: Manaphy
|
|
|switch|p2a: Thundurus|Thundurus, M|299\/299
|-damage|p2a: Thundurus|225\/299|[from] Stealth Rock
|turn|12
|
|switch|p1a: Starmie|Starmie|323\/323
|-damage|p1a: Starmie|283\/323|[from] Stealth Rock
|move|p2a: Thundurus|Substitute|p2a: Thundurus
|-start|p2a: Thundurus|Substitute
|-damage|p2a: Thundurus|151\/299
|
|-heal|p1a: Starmie|303\/323|[from] item: Leftovers
|-heal|p2a: Thundurus|169\/299|[from] item: Leftovers
|turn|13
|
|move|p1a: Starmie|Reflect Type|p2a: Thundurus
|-start|p1a: Starmie|typechange|[from] move: Reflect Type|[of] p2a: Thundurus
|move|p2a: Thundurus|Thunderbolt|p1a: Starmie
|-damage|p1a: Starmie|119\/323
|
|-heal|p1a: Starmie|139\/323|[from] item: Leftovers
|-heal|p2a: Thundurus|187\/299|[from] item: Leftovers
|turn|14
|
|move|p1a: Starmie|Rapid Spin|p2a: Thundurus
|-activate|p2a: Thundurus|Substitute|[damage]
|-sideend|p1: DoughBoy|Stealth Rock|[from] move: Rapid Spin|[of] p1a: Starmie
|move|p2a: Thundurus|Thunderbolt|p1a: Starmie
|-damage|p1a: Starmie|0 fnt
|faint|p1a: Starmie
|
|-heal|p2a: Thundurus|205\/299|[from] item: Leftovers
|
|switch|p1a: Charizard|Charizard, M|333\/333
|turn|15
|
|detailschange|p1a: Charizard|Charizard-Mega-X, M
|-mega|p1a: Charizard|Charizard|Charizardite X
|move|p2a: Thundurus|Thunder Wave|p1a: Charizard
|-status|p1a: Charizard|par
|move|p1a: Charizard|Dragon Claw|p2a: Thundurus
|-end|p2a: Thundurus|Substitute
|
|-heal|p2a: Thundurus|223\/299|[from] item: Leftovers
|turn|16
|
|switch|p2a: Hippowdon|Hippowdon, F|420\/420
|-damage|p2a: Hippowdon|394\/420|[from] Stealth Rock
|-weather|Sandstorm
|switch|p1a: Tornadus-Therian|Tornadus-Therian, M|299\/299
|
|-weather|Sandstorm|[upkeep]
|-damage|p1a: Tornadus-Therian|281\/299|[from] sandstorm
|-heal|p2a: Hippowdon|420\/420|[from] item: Leftovers
|turn|17
|
|move|p1a: Tornadus-Therian|Taunt|p2a: Hippowdon
|-start|p2a: Hippowdon|move: Taunt
|move|p2a: Hippowdon|Ice Fang|p1a: Tornadus-Therian
|-supereffective|p1a: Tornadus-Therian
|-damage|p1a: Tornadus-Therian|149\/299
|
|-weather|Sandstorm|[upkeep]
|-damage|p1a: Tornadus-Therian|131\/299|[from] sandstorm
|turn|18
|
|switch|p1a: Terrakion|Terrakion|303\/323
|move|p2a: Hippowdon|Ice Fang|p1a: Terrakion
|-damage|p1a: Terrakion|247\/323
|-status|p1a: Terrakion|frz
|
|-weather|Sandstorm|[upkeep]
|turn|19
|c|★DoughBoy|great
|c|★Albyness|sry
|c|★Albyness|i hope u thaw
|
|cant|p1a: Terrakion|frz
|move|p2a: Hippowdon|Earthquake|p1a: Terrakion
|-supereffective|p1a: Terrakion
|-damage|p1a: Terrakion|0 fnt
|faint|p1a: Terrakion
|
|-weather|Sandstorm|[upkeep]
|-end|p2a: Hippowdon|move: Taunt
|c|★Albyness|damn really sorry
|
|switch|p1a: Tornadus-Therian|Tornadus-Therian, M|230\/299
|turn|20
|
|move|p1a: Tornadus-Therian|Hurricane|p2a: Hippowdon
|-damage|p2a: Hippowdon|194\/420
|-damage|p1a: Tornadus-Therian|201\/299|[from] item: Life Orb
|move|p2a: Hippowdon|Ice Fang|p1a: Tornadus-Therian
|-supereffective|p1a: Tornadus-Therian
|-damage|p1a: Tornadus-Therian|77\/299
|
|-weather|none
|-heal|p2a: Hippowdon|220\/420|[from] item: Leftovers
|turn|21
|
|move|p1a: Tornadus-Therian|Hurricane|p2a: Hippowdon
|-damage|p2a: Hippowdon|12\/420
|-damage|p1a: Tornadus-Therian|48\/299|[from] item: Life Orb
|move|p2a: Hippowdon|Ice Fang|p1a: Tornadus-Therian
|-supereffective|p1a: Tornadus-Therian
|-damage|p1a: Tornadus-Therian|0 fnt
|faint|p1a: Tornadus-Therian
|
|-heal|p2a: Hippowdon|38\/420|[from] item: Leftovers
|
|switch|p1a: Landorus-Therian|Landorus-Therian, M|319\/319
|-ability|p1a: Landorus-Therian|Intimidate|[of] p2a: Hippowdon
|-unboost|p2a: Hippowdon|atk|1
|turn|22
|
|move|p1a: Landorus-Therian|U-turn|p2a: Hippowdon
|-damage|p2a: Hippowdon|0 fnt
|faint|p2a: Hippowdon
|
|switch|p1a: Charizard|Charizard-Mega-X, M|333\/333 par
|
|
|switch|p2a: Latios|Latios, M|301\/301
|-damage|p2a: Latios|264\/301|[from] Stealth Rock
|turn|23
|
|move|p2a: Latios|Draco Meteor|p1a: Charizard|[miss]
|-miss|p2a: Latios|p1a: Charizard
|move|p1a: Charizard|Dragon Claw|p2a: Latios
|-supereffective|p2a: Latios
|-damage|p2a: Latios|0 fnt
|faint|p2a: Latios
|
|c|★Albyness|ouch
|c|★DoughBoy|lol this game
|
|switch|p2a: Scizor|Scizor, F|307\/307
|-damage|p2a: Scizor|269\/307|[from] Stealth Rock
|turn|24
|
|detailschange|p2a: Scizor|Scizor-Mega, F
|-mega|p2a: Scizor|Scizor|Scizorite
|move|p2a: Scizor|Swords Dance|p2a: Scizor
|-boost|p2a: Scizor|atk|2
|move|p1a: Charizard|Flare Blitz|p2a: Scizor
|-supereffective|p2a: Scizor
|-damage|p2a: Scizor|0 fnt
|-damage|p1a: Charizard|244\/333 par|[from] recoil|[of] p2a: Scizor
|faint|p2a: Scizor
|
|
|switch|p2a: Thundurus|Thundurus, M|223\/299
|-damage|p2a: Thundurus|149\/299|[from] Stealth Rock
|turn|25
|
|move|p2a: Thundurus|Substitute|p2a: Thundurus
|-start|p2a: Thundurus|Substitute
|-damage|p2a: Thundurus|75\/299
|move|p1a: Charizard|Dragon Claw|p2a: Thundurus
|-end|p2a: Thundurus|Substitute
|
|-heal|p2a: Thundurus|93\/299|[from] item: Leftovers
|turn|26
|
|move|p2a: Thundurus|Substitute|p2a: Thundurus
|-start|p2a: Thundurus|Substitute
|-damage|p2a: Thundurus|19\/299
|move|p1a: Charizard|Dragon Claw|p2a: Thundurus
|-end|p2a: Thundurus|Substitute
|
|-heal|p2a: Thundurus|37\/299|[from] item: Leftovers
|turn|27
|c|★Albyness|!dt draco meteor
|c|~|\/data-move Draco Meteor
|raw|<font size="1"><font color=#585858>Priority:<\/font> 0&nbsp;|&ThickSpace;<font color=#585858><font color=black>&#10003; Blocked by Protect<\/font><\/font>&nbsp;|&ThickSpace;<font color=#585858>Target:<\/font> One Adjacent Pokemon<\/font>
|
|move|p2a: Thundurus|Thunderbolt|p1a: Charizard
|-resisted|p1a: Charizard
|-damage|p1a: Charizard|160\/333 par
|move|p1a: Charizard|Dragon Claw|p2a: Thundurus
|-crit|p2a: Thundurus
|-damage|p2a: Thundurus|0 fnt
|faint|p2a: Thundurus
|
|win|DoughBoy
|c|★Albyness|gg
|c|★DoughBoy|i beleived
|c|★DoughBoy|this was
|c|★DoughBoy|a really bad game lol