|join|In Your Window
|join|Pk54
|player|p1|In Your Window|265
|player|p2|Pk54|167
|gametype|singles
|gen|6
|tier|OU
|rated
|clearpoke
|poke|p1|Latias, F
|poke|p1|Politoed, F
|poke|p1|Swampert, F
|poke|p1|Ferrothorn, M
|poke|p1|Kingdra, M
|poke|p1|Azumarill, F
|poke|p2|Pinsir, M
|poke|p2|Azumarill, M, shiny
|poke|p2|Gengar, F
|poke|p2|Mandibuzz, F
|poke|p2|Heatran, M
|poke|p2|Thundurus, M
|rule|Swagger Clause: Swagger is banned
|rule|Baton Pass Clause: Limit one Pokémon knowing Baton Pass
|rule|Sleep Clause Mod: Limit one foe put to sleep
|rule|Species Clause: Limit one of each Pokémon
|rule|OHKO Clause: OHKO moves are banned
|rule|Moody Clause: Moody is banned
|rule|Evasion Moves Clause: Evasion moves are banned
|rule|Endless Battle Clause: Forcing endless battles is banned
|rule|HP Percentage Mod: HP is shown in percentages
|teampreview
|
|start
|switch|p1a: Politoed|Politoed, F|335\/335
|switch|p2a: Pinsir|Pinsir, M|271\/271
|-weather|RainDance
|turn|1
|
|detailschange|p2a: Pinsir|Pinsir-Mega, M
|message|Pinsir has Mega Evolved into Mega Pinsir!
|move|p2a: Pinsir|Swords Dance|p2a: Pinsir
|-boost|p2a: Pinsir|atk|2
|move|p1a: Politoed|Hydro Pump|p2a: Pinsir|[miss]
|-miss|p1a: Politoed|p2a: Pinsir
|
|-weather|RainDance|[upkeep]
|turn|2
|
|switch|p1a: Ferrothorn|Ferrothorn, M|352\/352
|move|p2a: Pinsir|Return|p1a: Ferrothorn
|-damage|p1a: Ferrothorn|0 fnt
|-damage|p2a: Pinsir|238\/271|[from] ability: Iron Barbs|[of] p1a: Ferrothorn
|faint|p1a: Ferrothorn
|
|-weather|RainDance|[upkeep]
|
|switch|p1a: Kingdra|Kingdra, M|307\/307
|turn|3
|
|move|p1a: Kingdra|Hydro Pump|p2a: Pinsir|[miss]
|-miss|p1a: Kingdra|p2a: Pinsir
|move|p2a: Pinsir|Return|p1a: Kingdra
|-damage|p1a: Kingdra|0 fnt
|faint|p1a: Kingdra
|
|-weather|RainDance|[upkeep]
|
|switch|p1a: Latias|Latias, F|309\/309
|turn|4
|
|switch|p2a: Azumarill|Azumarill, M, shiny|404\/404
|move|p1a: Latias|Thunderbolt|p2a: Azumarill
|-supereffective|p2a: Azumarill
|-damage|p2a: Azumarill|196\/404
|-damage|p1a: Latias|279\/309|[from] item: Life Orb
|
|-weather|RainDance|[upkeep]
|turn|5
|
|move|p1a: Latias|Thunderbolt|p2a: Azumarill
|-supereffective|p2a: Azumarill
|-damage|p2a: Azumarill|0 fnt
|-damage|p1a: Latias|249\/309|[from] item: Life Orb
|faint|p2a: Azumarill
|
|-weather|RainDance|[upkeep]
|
|switch|p2a: Gengar|Gengar, F|262\/262
|turn|6
|
|move|p1a: Latias|Psyshock|p2a: Gengar
|-supereffective|p2a: Gengar
|-enditem|p2a: Gengar|Focus Sash
|-damage|p2a: Gengar|1\/262
|-damage|p1a: Latias|219\/309|[from] item: Life Orb
|move|p2a: Gengar|Shadow Ball|p1a: Latias
|-supereffective|p1a: Latias
|-damage|p1a: Latias|0 fnt
|faint|p1a: Latias
|
|-weather|RainDance|[upkeep]
|
|switch|p1a: Azumarill|Azumarill, F|363\/363
|turn|7
|
|switch|p2a: Mandibuzz|Mandibuzz, F|424\/424
|move|p1a: Azumarill|Aqua Jet|p2a: Mandibuzz
|-damage|p2a: Mandibuzz|298\/424
|
|-weather|RainDance|[upkeep]
|-heal|p2a: Mandibuzz|324\/424|[from] item: Leftovers
|turn|8
|
|move|p1a: Azumarill|Aqua Jet|p2a: Mandibuzz
|-damage|p2a: Mandibuzz|177\/424
|move|p2a: Mandibuzz|Toxic|p1a: Azumarill
|-status|p1a: Azumarill|tox
|
|-weather|none
|-heal|p2a: Mandibuzz|203\/424|[from] item: Leftovers
|-damage|p1a: Azumarill|341\/363 tox|[from] psn
|turn|9
|
|switch|p1a: Politoed|Politoed, F|335\/335
|-weather|RainDance
|move|p2a: Mandibuzz|Roost|p2a: Mandibuzz
|-heal|p2a: Mandibuzz|415\/424
|
|-weather|RainDance|[upkeep]
|-heal|p2a: Mandibuzz|424\/424|[from] item: Leftovers
|turn|10
|
|switch|p2a: Gengar|Gengar, F|1\/262
|move|p1a: Politoed|Ice Beam|p2a: Gengar
|-damage|p2a: Gengar|0 fnt
|faint|p2a: Gengar
|
|-weather|RainDance|[upkeep]
|
|switch|p2a: Thundurus|Thundurus, M|299\/299
|turn|11
|
|switch|p1a: Swampert|Swampert, F|361\/361
|move|p2a: Thundurus|U-turn|p1a: Swampert
|-damage|p1a: Swampert|295\/361
|
|switch|p2a: Mandibuzz|Mandibuzz, F|424\/424
|
|-weather|RainDance|[upkeep]
|turn|12
|
|switch|p1a: Azumarill|Azumarill, F|341\/363 tox
|move|p2a: Mandibuzz|Foul Play|p1a: Azumarill
|-resisted|p1a: Azumarill
|-damage|p1a: Azumarill|284\/363 tox
|
|-weather|RainDance|[upkeep]
|-damage|p1a: Azumarill|262\/363 tox|[from] psn
|turn|13
|
|switch|p2a: Pinsir|Pinsir-Mega, M|238\/271
|move|p1a: Azumarill|Waterfall|p2a: Pinsir
|-damage|p2a: Pinsir|0 fnt
|faint|p2a: Pinsir
|
|-weather|RainDance|[upkeep]
|-damage|p1a: Azumarill|218\/363 tox|[from] psn
|
|switch|p2a: Thundurus|Thundurus, M|299\/299
|turn|14
|
|switch|p1a: Swampert|Swampert, F|295\/361
|move|p2a: Thundurus|Volt Switch|p1a: Swampert
|-immune|p1a: Swampert|[msg]
|
|-weather|RainDance|[upkeep]
|turn|15
|
|switch|p2a: Mandibuzz|Mandibuzz, F|424\/424
|detailschange|p1a: Swampert|Swampert-Mega, F
|message|Swampert has Mega Evolved into Mega Swampert!
|move|p1a: Swampert|Waterfall|p2a: Mandibuzz
|-damage|p2a: Mandibuzz|255\/424
|
|-weather|RainDance|[upkeep]
|-heal|p2a: Mandibuzz|281\/424|[from] item: Leftovers
|turn|16
|
|switch|p1a: Azumarill|Azumarill, F|218\/363 tox
|move|p2a: Mandibuzz|Roost|p2a: Mandibuzz
|-heal|p2a: Mandibuzz|424\/424
|
|-weather|none
|-damage|p1a: Azumarill|196\/363 tox|[from] psn
|turn|17
|
|move|p2a: Mandibuzz|Foul Play|p1a: Azumarill
|-resisted|p1a: Azumarill
|-damage|p1a: Azumarill|138\/363 tox
|move|p1a: Azumarill|Play Rough|p2a: Mandibuzz
|-supereffective|p2a: Mandibuzz
|-damage|p2a: Mandibuzz|0 fnt
|faint|p2a: Mandibuzz
|
|-damage|p1a: Azumarill|94\/363 tox|[from] psn
|
|switch|p2a: Thundurus|Thundurus, M|299\/299
|turn|18
|
|switch|p1a: Politoed|Politoed, F|335\/335
|-weather|RainDance
|move|p2a: Thundurus|Volt Switch|p1a: Politoed
|-supereffective|p1a: Politoed
|-damage|p1a: Politoed|105\/335
|
|switch|p2a: Heatran|Heatran, M|386\/386
|-item|p2a: Heatran|Air Balloon
|
|-weather|RainDance|[upkeep]
|turn|19
|
|move|p1a: Politoed|Hydro Pump|p2a: Heatran|[miss]
|-miss|p1a: Politoed|p2a: Heatran
|move|p2a: Heatran|Earth Power|p1a: Politoed
|-damage|p1a: Politoed|0 fnt
|faint|p1a: Politoed
|
|-weather|RainDance|[upkeep]
|
|switch|p1a: Swampert|Swampert-Mega, F|295\/361
|turn|20
|
|move|p1a: Swampert|Waterfall|p2a: Heatran
|-supereffective|p2a: Heatran
|-damage|p2a: Heatran|0 fnt
|-enditem|p2a: Heatran|Air Balloon
|faint|p2a: Heatran
|
|-weather|RainDance|[upkeep]
|
|switch|p2a: Thundurus|Thundurus, M|299\/299
|turn|21
|
|move|p2a: Thundurus|Hidden Power|p1a: Swampert
|-damage|p1a: Swampert|229\/361
|move|p1a: Swampert|Ice Punch|p2a: Thundurus
|-supereffective|p2a: Thundurus
|-damage|p2a: Thundurus|0 fnt
|faint|p2a: Thundurus
|
|win|In Your Window
|raw|Ladder updating...
|raw|In Your Window's rating: 1428 &rarr; <strong>1445<\/strong><br \/>(+17 for winning)
|raw|Pk54's rating: 1387 &rarr; <strong>1369<\/strong><br \/>(-18 for losing)