|join|In Your Window
|join|MrHiro
|player|p1|In Your Window|101
|player|p2|MrHiro|291
|gametype|singles
|gen|6
|tier|OU
|rated
|clearpoke
|poke|p1|Tentacruel, F
|poke|p1|Landorus-Therian, M
|poke|p1|Lopunny, F
|poke|p1|Greninja, F
|poke|p1|Talonflame, M
|poke|p1|Bisharp, F
|poke|p2|Sceptile, F
|poke|p2|Vaporeon, F
|poke|p2|Excadrill, F
|poke|p2|Sylveon, M
|poke|p2|Gengar, M
|poke|p2|Talonflame, M
|rule|Swagger Clause: Swagger is banned
|rule|Baton Pass Clause: Limit one Pokémon knowing Baton Pass
|rule|Sleep Clause Mod: Limit one foe put to sleep
|rule|Species Clause: Limit one of each Pokémon
|rule|OHKO Clause: OHKO moves are banned
|rule|Moody Clause: Moody is banned
|rule|Evasion Moves Clause: Evasion moves are banned
|rule|Endless Battle Clause: Forcing endless battles is banned
|rule|HP Percentage Mod: HP is shown in percentages
|teampreview
|
|start
|switch|p1a: Landorus-Therian|Landorus-Therian, M|365\/365
|switch|p2a: Vaporeon|Vaporeon, F|464\/464
|-ability|p1a: Landorus-Therian|Intimidate|[of] p2a: Vaporeon
|-unboost|p2a: Vaporeon|atk|1
|turn|1
|
|move|p1a: Landorus-Therian|U-turn|p2a: Vaporeon
|-damage|p2a: Vaporeon|392\/464
|
|switch|p1a: Tentacruel|Tentacruel, F|363\/363
|move|p2a: Vaporeon|Scald|p1a: Tentacruel
|-resisted|p1a: Tentacruel
|-damage|p1a: Tentacruel|327\/363
|-status|p1a: Tentacruel|brn
|
|-heal|p1a: Tentacruel|349\/363 brn|[from] item: Black Sludge
|-heal|p2a: Vaporeon|421\/464|[from] item: Leftovers
|-damage|p1a: Tentacruel|304\/363 brn|[from] brn
|turn|2
|
|move|p2a: Vaporeon|Protect|p2a: Vaporeon
|-singleturn|p2a: Vaporeon|Protect
|move|p1a: Tentacruel|Acid Spray|p2a: Vaporeon
|-activate|p2a: Vaporeon|Protect
|
|-heal|p1a: Tentacruel|326\/363 brn|[from] item: Black Sludge
|-heal|p2a: Vaporeon|450\/464|[from] item: Leftovers
|-damage|p1a: Tentacruel|281\/363 brn|[from] brn
|turn|3
|
|switch|p2a: Excadrill|Excadrill, F|391\/391
|-ability|p2a: Excadrill|Mold Breaker
|move|p1a: Tentacruel|Knock Off|p2a: Excadrill
|-damage|p2a: Excadrill|350\/391
|-enditem|p2a: Excadrill|Assault Vest|[from] move: Knock Off|[of] p1a: Tentacruel
|
|-heal|p1a: Tentacruel|303\/363 brn|[from] item: Black Sludge
|-damage|p1a: Tentacruel|258\/363 brn|[from] brn
|turn|4
|
|switch|p1a: Landorus-Therian|Landorus-Therian, M|365\/365
|-ability|p1a: Landorus-Therian|Intimidate|[of] p2a: Excadrill
|-unboost|p2a: Excadrill|atk|1
|move|p2a: Excadrill|Earthquake|p1a: Landorus-Therian
|-immune|p1a: Landorus-Therian|[msg]
|
|turn|5
|
|switch|p2a: Vaporeon|Vaporeon, F|450\/464
|move|p1a: Landorus-Therian|Stealth Rock|p2a: Vaporeon
|-sidestart|p2: MrHiro|move: Stealth Rock
|
|-heal|p2a: Vaporeon|464\/464|[from] item: Leftovers
|turn|6
|
|move|p1a: Landorus-Therian|U-turn|p2a: Vaporeon
|-damage|p2a: Vaporeon|389\/464
|
|switch|p1a: Tentacruel|Tentacruel, F|258\/363 brn
|move|p2a: Vaporeon|Scald|p1a: Tentacruel
|-resisted|p1a: Tentacruel
|-damage|p1a: Tentacruel|222\/363 brn
|
|-heal|p1a: Tentacruel|244\/363 brn|[from] item: Black Sludge
|-heal|p2a: Vaporeon|418\/464|[from] item: Leftovers
|-damage|p1a: Tentacruel|199\/363 brn|[from] brn
|turn|7
|
|move|p2a: Vaporeon|Protect|p2a: Vaporeon
|-singleturn|p2a: Vaporeon|Protect
|move|p1a: Tentacruel|Scald|p2a: Vaporeon
|-activate|p2a: Vaporeon|Protect
|
|-heal|p1a: Tentacruel|221\/363 brn|[from] item: Black Sludge
|-heal|p2a: Vaporeon|447\/464|[from] item: Leftovers
|-damage|p1a: Tentacruel|176\/363 brn|[from] brn
|turn|8
|
|move|p1a: Tentacruel|Acid Spray|p2a: Vaporeon
|-damage|p2a: Vaporeon|404\/464
|-unboost|p2a: Vaporeon|spd|2
|move|p2a: Vaporeon|Scald|p1a: Tentacruel
|-resisted|p1a: Tentacruel
|-damage|p1a: Tentacruel|144\/363 brn
|
|-heal|p1a: Tentacruel|166\/363 brn|[from] item: Black Sludge
|-heal|p2a: Vaporeon|433\/464|[from] item: Leftovers
|-damage|p1a: Tentacruel|121\/363 brn|[from] brn
|turn|9
|
|switch|p1a: Greninja|Greninja, F|285\/285
|move|p2a: Vaporeon|Scald|p1a: Greninja
|-resisted|p1a: Greninja
|-damage|p1a: Greninja|210\/285
|
|-heal|p2a: Vaporeon|462\/464|[from] item: Leftovers
|turn|10
|
|move|p2a: Vaporeon|Protect|p2a: Vaporeon
|-singleturn|p2a: Vaporeon|Protect
|move|p1a: Greninja|Dark Pulse|p2a: Vaporeon
|-start|p1a: Greninja|typechange|Dark|[from] Protean
|-activate|p2a: Vaporeon|Protect
|
|-heal|p2a: Vaporeon|464\/464|[from] item: Leftovers
|turn|11
|
|switch|p2a: Sylveon|Sylveon, M|392\/392
|-damage|p2a: Sylveon|343\/392|[from] Stealth Rock
|move|p1a: Greninja|Dark Pulse|p2a: Sylveon
|-resisted|p2a: Sylveon
|-damage|p2a: Sylveon|279\/392
|-damage|p1a: Greninja|182\/285|[from] item: Life Orb
|
|-heal|p2a: Sylveon|303\/392|[from] item: Leftovers
|turn|12
|
|move|p1a: Greninja|Gunk Shot|p2a: Sylveon|[miss]
|-start|p1a: Greninja|typechange|Poison|[from] Protean
|-miss|p1a: Greninja|p2a: Sylveon
|move|p2a: Sylveon|Hyper Voice|p1a: Greninja
|-resisted|p1a: Greninja
|-damage|p1a: Greninja|68\/285
|
|-heal|p2a: Sylveon|327\/392|[from] item: Leftovers
|turn|13
|
|switch|p1a: Tentacruel|Tentacruel, F|121\/363 brn
|switch|p2a: Vaporeon|Vaporeon, F|464\/464
|-damage|p2a: Vaporeon|406\/464|[from] Stealth Rock
|
|-heal|p1a: Tentacruel|143\/363 brn|[from] item: Black Sludge
|-heal|p2a: Vaporeon|435\/464|[from] item: Leftovers
|-damage|p1a: Tentacruel|98\/363 brn|[from] brn
|turn|14
|
|move|p1a: Tentacruel|Acid Spray|p2a: Vaporeon
|-damage|p2a: Vaporeon|395\/464
|-unboost|p2a: Vaporeon|spd|2
|move|p2a: Vaporeon|Scald|p1a: Tentacruel
|-resisted|p1a: Tentacruel
|-damage|p1a: Tentacruel|65\/363 brn
|
|-heal|p1a: Tentacruel|87\/363 brn|[from] item: Black Sludge
|-heal|p2a: Vaporeon|424\/464|[from] item: Leftovers
|-damage|p1a: Tentacruel|42\/363 brn|[from] brn
|turn|15
|
|switch|p2a: Sceptile|Sceptile, F|281\/281
|-damage|p2a: Sceptile|246\/281|[from] Stealth Rock
|move|p1a: Tentacruel|Scald|p2a: Sceptile
|-resisted|p2a: Sceptile
|-damage|p2a: Sceptile|204\/281
|
|-heal|p1a: Tentacruel|64\/363 brn|[from] item: Black Sludge
|-damage|p1a: Tentacruel|19\/363 brn|[from] brn
|turn|16
|
|detailschange|p2a: Sceptile|Sceptile-Mega, F
|message|Sceptile has Mega Evolved into Mega Sceptile!
|move|p2a: Sceptile|Substitute|p2a: Sceptile
|-start|p2a: Sceptile|Substitute
|-damage|p2a: Sceptile|134\/281
|move|p1a: Tentacruel|Knock Off|p2a: Sceptile
|-activate|p2a: Sceptile|Substitute|[damage]
|
|-heal|p1a: Tentacruel|41\/363 brn|[from] item: Black Sludge
|-damage|p1a: Tentacruel|0 fnt|[from] brn
|faint|p1a: Tentacruel
|
|switch|p1a: Lopunny|Lopunny, F|271\/271
|turn|17
|
|detailschange|p1a: Lopunny|Lopunny-Mega, F
|message|Lopunny has Mega Evolved into Mega Lopunny!
|move|p1a: Lopunny|Fake Out|p2a: Sceptile
|-end|p2a: Sceptile|Substitute
|move|p2a: Sceptile|Giga Drain|p1a: Lopunny
|-damage|p1a: Lopunny|130\/271
|-heal|p2a: Sceptile|205\/281|[from] drain|[of] p1a: Lopunny
|
|turn|18
|
|move|p2a: Sceptile|Giga Drain|p1a: Lopunny
|-damage|p1a: Lopunny|0 fnt
|-heal|p2a: Sceptile|270\/281|[from] drain|[of] p1a: Lopunny
|faint|p1a: Lopunny
|
|
|switch|p1a: Talonflame|Talonflame, M|321\/321
|turn|19
|
|switch|p2a: Gengar|Gengar, M|261\/261
|-damage|p2a: Gengar|229\/261|[from] Stealth Rock
|move|p1a: Talonflame|Swords Dance|p1a: Talonflame
|-boost|p1a: Talonflame|atk|2
|
|turn|20
|
|move|p1a: Talonflame|Brave Bird|p2a: Gengar
|-damage|p2a: Gengar|0 fnt
|-damage|p1a: Talonflame|245\/321|[from] recoil|[of] p2a: Gengar
|faint|p2a: Gengar
|
|
|switch|p2a: Vaporeon|Vaporeon, F|424\/464
|-damage|p2a: Vaporeon|366\/464|[from] Stealth Rock
|turn|21
|
|move|p2a: Vaporeon|Protect|p2a: Vaporeon
|-singleturn|p2a: Vaporeon|Protect
|move|p1a: Talonflame|Swords Dance|p1a: Talonflame
|-boost|p1a: Talonflame|atk|2
|
|-heal|p2a: Vaporeon|395\/464|[from] item: Leftovers
|turn|22
|
|move|p1a: Talonflame|Brave Bird|p2a: Vaporeon
|-damage|p2a: Vaporeon|0 fnt
|-damage|p1a: Talonflame|115\/321|[from] recoil|[of] p2a: Vaporeon
|faint|p2a: Vaporeon
|
|
|switch|p2a: Talonflame|Talonflame, M|297\/297
|-damage|p2a: Talonflame|149\/297|[from] Stealth Rock
|turn|23
|
|move|p1a: Talonflame|Brave Bird|p2a: Talonflame
|-damage|p2a: Talonflame|0 fnt
|-damage|p1a: Talonflame|66\/321|[from] recoil|[of] p2a: Talonflame
|faint|p2a: Talonflame
|
|
|switch|p2a: Sylveon|Sylveon, M|327\/392
|-damage|p2a: Sylveon|278\/392|[from] Stealth Rock
|turn|24
|
|move|p1a: Talonflame|Roost|p1a: Talonflame
|-heal|p1a: Talonflame|227\/321
|move|p2a: Sylveon|Hyper Voice|p1a: Talonflame
|-crit|p1a: Talonflame
|-resisted|p1a: Talonflame
|-damage|p1a: Talonflame|85\/321
|
|-heal|p2a: Sylveon|302\/392|[from] item: Leftovers
|turn|25
|
|move|p1a: Talonflame|Roost|p1a: Talonflame
|-heal|p1a: Talonflame|246\/321
|move|p2a: Sylveon|Hyper Voice|p1a: Talonflame
|-resisted|p1a: Talonflame
|-damage|p1a: Talonflame|148\/321
|
|-heal|p2a: Sylveon|326\/392|[from] item: Leftovers
|turn|26
|
|move|p1a: Talonflame|Roost|p1a: Talonflame
|-heal|p1a: Talonflame|309\/321
|move|p2a: Sylveon|Calm Mind|p2a: Sylveon
|-boost|p2a: Sylveon|spa|1
|-boost|p2a: Sylveon|spd|1
|
|-heal|p2a: Sylveon|350\/392|[from] item: Leftovers
|turn|27
|
|move|p1a: Talonflame|Brave Bird|p2a: Sylveon
|-damage|p2a: Sylveon|0 fnt
|-damage|p1a: Talonflame|193\/321|[from] recoil|[of] p2a: Sylveon
|faint|p2a: Sylveon
|
|
|switch|p2a: Excadrill|Excadrill, F|350\/391
|-damage|p2a: Excadrill|338\/391|[from] Stealth Rock
|-ability|p2a: Excadrill|Mold Breaker
|turn|28
|
|move|p1a: Talonflame|Flare Blitz|p2a: Excadrill
|-supereffective|p2a: Excadrill
|-damage|p2a: Excadrill|0 fnt
|-damage|p1a: Talonflame|81\/321|[from] recoil|[of] p2a: Excadrill
|faint|p2a: Excadrill
|
|
|switch|p2a: Sceptile|Sceptile-Mega, F|270\/281
|-damage|p2a: Sceptile|235\/281|[from] Stealth Rock
|turn|29
|
|move|p1a: Talonflame|Brave Bird|p2a: Sceptile
|-supereffective|p2a: Sceptile
|-damage|p2a: Sceptile|0 fnt
|-damage|p1a: Talonflame|3\/321|[from] recoil|[of] p2a: Sceptile
|faint|p2a: Sceptile
|
|win|In Your Window
|raw|Ladder updating...
|raw|In Your Window's rating: 1317 &rarr; <strong>1333<\/strong><br \/>(+16 for winning)
|raw|MrHiro's rating: 1241 &rarr; <strong>1221<\/strong><br \/>(-20 for losing)
|c|★MrHiro|gg
|c|★In Your Window|gg
|c|★MrHiro|swords dance + talonflame = wow
|c|★In Your Window|lol man i had to make a ballsy play against vap