|join|Sixxus
|join|RSMessiii
|player|p1|Sixxus|265
|player|p2|RSMessiii|101
|gametype|singles
|gen|6
|tier|OU
|clearpoke
|poke|p1|Charizard, M
|poke|p1|Mew
|poke|p1|Whimsicott, F
|poke|p1|Landorus, M
|poke|p1|Suicune, shiny
|poke|p1|Heatran, M
|poke|p2|Heracross, M
|poke|p2|Landorus, M
|poke|p2|Jirachi
|poke|p2|Zapdos
|poke|p2|Keldeo
|poke|p2|Staraptor, M
|rule|Swagger Clause: Swagger is banned
|rule|Baton Pass Clause: Limit one Pokémon knowing Baton Pass
|rule|Sleep Clause Mod: Limit one foe put to sleep
|rule|Species Clause: Limit one of each Pokémon
|rule|OHKO Clause: OHKO moves are banned
|rule|Moody Clause: Moody is banned
|rule|Evasion Moves Clause: Evasion moves are banned
|rule|Endless Battle Clause: Forcing endless battles is banned
|rule|HP Percentage Mod: HP is shown in percentages
|teampreview
|join|cliffdsixx
|
|start
|switch|p1a: Mew|Mew|404\/404
|switch|p2a: Staraptor|Staraptor, M|312\/312
|turn|1
|
|move|p2a: Staraptor|U-turn|p1a: Mew
|-supereffective|p1a: Mew
|-damage|p1a: Mew|248\/404
|
|switch|p2a: Keldeo|Keldeo|323\/323
|move|p1a: Mew|Will-O-Wisp|p2a: Keldeo
|-status|p2a: Keldeo|brn
|
|-heal|p1a: Mew|273\/404|[from] item: Leftovers
|-damage|p2a: Keldeo|283\/323 brn|[from] brn
|turn|2
|c| cliffdsixx|https:\/\/www.youtube.com\/watch?v=1ZUPJPxwVNg
|
|move|p2a: Keldeo|Scald|p1a: Mew
|-damage|p1a: Mew|113\/404
|move|p1a: Mew|Roost|p1a: Mew
|-heal|p1a: Mew|315\/404
|
|-heal|p1a: Mew|340\/404|[from] item: Leftovers
|-damage|p2a: Keldeo|243\/323 brn|[from] brn
|turn|3
|
|switch|p1a: SuiSui|Suicune, shiny|404\/404
|-ability|p1a: SuiSui|Pressure
|move|p2a: Keldeo|Scald|p1a: SuiSui
|-resisted|p1a: SuiSui
|-damage|p1a: SuiSui|307\/404
|
|-heal|p1a: SuiSui|332\/404|[from] item: Leftovers
|-damage|p2a: Keldeo|203\/323 brn|[from] brn
|turn|4
|
|switch|p2a: Heracross|Heracross, M|307\/307
|move|p1a: SuiSui|Calm Mind|p1a: SuiSui
|-boost|p1a: SuiSui|spa|1
|-boost|p1a: SuiSui|spd|1
|
|-heal|p1a: SuiSui|357\/404|[from] item: Leftovers
|turn|5
|
|detailschange|p2a: Heracross|Heracross-Mega, M
|message|Heracross has Mega Evolved into Mega Heracross!
|move|p2a: Heracross|Pin Missile|p1a: SuiSui
|-damage|p1a: SuiSui|314\/404
|-damage|p1a: SuiSui|268\/404
|-damage|p1a: SuiSui|223\/404
|-damage|p1a: SuiSui|183\/404
|-damage|p1a: SuiSui|143\/404
|-hitcount|p1a: SuiSui|5
|move|p1a: SuiSui|Scald|p2a: Heracross
|-crit|p2a: Heracross
|-damage|p2a: Heracross|108\/307
|
|-heal|p1a: SuiSui|168\/404|[from] item: Leftovers
|turn|6
|
|switch|p1a: Mew|Mew|340\/404
|move|p2a: Heracross|Close Combat|p1a: Mew
|-resisted|p1a: Mew
|-damage|p1a: Mew|192\/404
|-unboost|p2a: Heracross|def|1
|-unboost|p2a: Heracross|spd|1
|
|-heal|p1a: Mew|217\/404|[from] item: Leftovers
|turn|7
|
|move|p2a: Heracross|Pin Missile|p1a: Mew
|-supereffective|p1a: Mew
|-damage|p1a: Mew|97\/404
|-crit|p1a: Mew
|-supereffective|p1a: Mew
|-damage|p1a: Mew|0 fnt
|-hitcount|p1a: Mew|2
|faint|p1a: Mew
|
|
|switch|p1a: Arabian Knight|Landorus, M|320\/320
|turn|8
|
|switch|p2a: Zapdos|Zapdos|383\/383
|-ability|p2a: Zapdos|Pressure
|move|p1a: Arabian Knight|Psychic|p2a: Zapdos
|-damage|p2a: Zapdos|189\/383
|
|-heal|p2a: Zapdos|212\/383|[from] item: Leftovers
|turn|9
|
|switch|p1a: Talonnope|Heatran, M|386\/386
|-item|p1a: Talonnope|Air Balloon
|move|p2a: Zapdos|Roost|p2a: Zapdos
|-heal|p2a: Zapdos|383\/383
|
|turn|10
|
|move|p2a: Zapdos|Volt Switch|p1a: Talonnope
|-damage|p1a: Talonnope|286\/386
|-enditem|p1a: Talonnope|Air Balloon
|
|switch|p2a: Keldeo|Keldeo|203\/323 brn
|move|p1a: Talonnope|Stealth Rock|p2a: Keldeo
|-sidestart|p2: RSMessiii|move: Stealth Rock
|
|-damage|p2a: Keldeo|163\/323 brn|[from] brn
|turn|11
|
|switch|p1a: (insert joke here)|Whimsicott, F|323\/323
|move|p2a: Keldeo|Scald|p1a: (insert joke here)
|-resisted|p1a: (insert joke here)
|-damage|p1a: (insert joke here)|192\/323
|
|-heal|p1a: (insert joke here)|212\/323|[from] item: Leftovers
|-damage|p2a: Keldeo|123\/323 brn|[from] brn
|turn|12
|
|switch|p2a: Zapdos|Zapdos|383\/383
|-damage|p2a: Zapdos|288\/383|[from] Stealth Rock
|-ability|p2a: Zapdos|Pressure
|move|p1a: (insert joke here)|Substitute|p1a: (insert joke here)
|-start|p1a: (insert joke here)|Substitute
|-damage|p1a: (insert joke here)|132\/323
|
|-heal|p1a: (insert joke here)|152\/323|[from] item: Leftovers
|-heal|p2a: Zapdos|311\/383|[from] item: Leftovers
|turn|13
|
|move|p1a: (insert joke here)|Leech Seed|p2a: Zapdos
|-start|p2a: Zapdos|move: Leech Seed
|move|p2a: Zapdos|Heat Wave|p1a: (insert joke here)
|-supereffective|p1a: (insert joke here)
|-end|p1a: (insert joke here)|Substitute
|
|-heal|p1a: (insert joke here)|172\/323|[from] item: Leftovers
|-heal|p2a: Zapdos|334\/383|[from] item: Leftovers
|-damage|p2a: Zapdos|287\/383|[from] Leech Seed|[of] p1a: (insert joke here)
|-heal|p1a: (insert joke here)|219\/323|[silent]
|turn|14
|
|switch|p1a: SuiSui|Suicune, shiny|168\/404
|-ability|p1a: SuiSui|Pressure
|move|p2a: Zapdos|Defog|p1a: SuiSui
|-unboost|p1a: SuiSui|evasion|1
|-sideend|p2: RSMessiii|Stealth Rock|[from] move: Defog|[of] p2a: Zapdos
|
|-heal|p2a: Zapdos|310\/383|[from] item: Leftovers
|-heal|p1a: SuiSui|193\/404|[from] item: Leftovers
|-damage|p2a: Zapdos|263\/383|[from] Leech Seed|[of] p1a: SuiSui
|-heal|p1a: SuiSui|240\/404|[silent]
|turn|15
|
|switch|p1a: Arabian Knight|Landorus, M|320\/320
|move|p2a: Zapdos|Volt Switch|p1a: Arabian Knight
|-immune|p1a: Arabian Knight|[msg]
|
|-heal|p2a: Zapdos|286\/383|[from] item: Leftovers
|-damage|p2a: Zapdos|239\/383|[from] Leech Seed|[of] p1a: Arabian Knight
|turn|16
|
|move|p1a: Arabian Knight|Sludge Wave|p2a: Zapdos
|-damage|p2a: Zapdos|31\/383
|move|p2a: Zapdos|Heat Wave|p1a: Arabian Knight
|-miss|p2a: Zapdos|p1a: Arabian Knight
|
|-heal|p2a: Zapdos|54\/383|[from] item: Leftovers
|-damage|p2a: Zapdos|7\/383|[from] Leech Seed|[of] p1a: Arabian Knight
|turn|17
|c|★Sixxus|O A O I'm so sorry 
|
|move|p1a: Arabian Knight|Psychic|p2a: Zapdos
|-damage|p2a: Zapdos|0 fnt
|faint|p2a: Zapdos
|
|
|switch|p2a: Keldeo|Keldeo|123\/323 brn
|turn|18
|c|★Sixxus|brb real quick
|c|★RSMessiii|np
|c| cliffdsixx|waiting music
|c| cliffdsixx|https:\/\/www.youtube.com\/watch?v=9rqK5uWs9gk
|c|★RSMessiii|xD
|c| cliffdsixx|megaman has music for everything :P
|c|★RSMessiii|i see :P
|c| cliffdsixx|so hows the weather jonas
|c|★RSMessiii|weather is actually pretty good cinsideirng its autumn already :P what about ur weather?
|c|★RSMessiii|:D
|c| cliffdsixx|ehh its gettin cold -_- i hate the cold haha
|c| cliffdsixx|wind was so vicious last night that i swear the house moved haha
|c|★RSMessiii|:D
|c|★RSMessiii|must have been mega rayquaza
|c| cliffdsixx|it must have like shit yo. 
|c|★RSMessiii|:D
|c| cliffdsixx|either that or there was a tailwind enough to move a fucking wailord
|c|★RSMessiii|lol or that indeed
|c| cliffdsixx|so....
|c| cliffdsixx|global warming
|c|★Sixxus|Took me long enough
|c|★RSMessiii|^^
|c|★Sixxus|vacuuming my house isn't fun 
|c| cliffdsixx|\/me pauses the password theme and starts "falling down" again.
|
|switch|p2a: Heracross|Heracross-Mega, M|108\/307
|switch|p1a: SuiSui|Suicune, shiny|240\/404
|-ability|p1a: SuiSui|Pressure
|
|-heal|p1a: SuiSui|265\/404|[from] item: Leftovers
|turn|19
|
|switch|p1a: Gojira|Charizard, M|298\/298
|move|p2a: Heracross|Pin Missile|p1a: Gojira
|-resisted|p1a: Gojira
|-damage|p1a: Gojira|278\/298
|-resisted|p1a: Gojira
|-damage|p1a: Gojira|260\/298
|-resisted|p1a: Gojira
|-damage|p1a: Gojira|240\/298
|-resisted|p1a: Gojira
|-damage|p1a: Gojira|220\/298
|-resisted|p1a: Gojira
|-damage|p1a: Gojira|199\/298
|-hitcount|p1a: Gojira|5
|
|turn|20
|
|switch|p2a: Jirachi|Jirachi|403\/403
|detailschange|p1a: Gojira|Charizard-Mega-X, M
|message|Charizard has Mega Evolved into Mega Charizard!
|move|p1a: Gojira|Flare Blitz|p2a: Jirachi
|-supereffective|p2a: Jirachi
|-damage|p2a: Jirachi|0 fnt
|-damage|p1a: Gojira|66\/298|[from] recoil|[of] p2a: Jirachi
|faint|p2a: Jirachi
|
|
|switch|p2a: Landorus|Landorus, M|319\/319
|turn|21
|
|switch|p1a: (insert joke here)|Whimsicott, F|219\/323
|move|p2a: Landorus|Sludge Bomb|p1a: (insert joke here)
|-supereffective|p1a: (insert joke here)
|-damage|p1a: (insert joke here)|0 fnt
|faint|p1a: (insert joke here)
|
|
|switch|p1a: SuiSui|Suicune, shiny|265\/404
|-ability|p1a: SuiSui|Pressure
|turn|22
|
|move|p2a: Landorus|Earth Power|p1a: SuiSui
|-damage|p1a: SuiSui|61\/404
|move|p1a: SuiSui|Scald|p2a: Landorus
|-supereffective|p2a: Landorus
|-damage|p2a: Landorus|103\/319
|
|-heal|p1a: SuiSui|86\/404|[from] item: Leftovers
|turn|23
|
|switch|p1a: Arabian Knight|Landorus, M|320\/320
|move|p2a: Landorus|Sludge Bomb|p1a: Arabian Knight
|-resisted|p1a: Arabian Knight
|-damage|p1a: Arabian Knight|229\/320
|
|turn|24
|
|move|p2a: Landorus|Knock Off|p1a: Arabian Knight
|-damage|p1a: Arabian Knight|96\/320
|-enditem|p1a: Arabian Knight|Life Orb|[from] move: Knock Off|[of] p2a: Landorus
|-damage|p2a: Landorus|72\/319|[from] item: Life Orb
|move|p1a: Arabian Knight|Psychic|p2a: Landorus
|-damage|p2a: Landorus|0 fnt
|faint|p2a: Landorus
|
|
|switch|p2a: Keldeo|Keldeo|123\/323 brn
|turn|25
|
|switch|p1a: SuiSui|Suicune, shiny|86\/404
|-ability|p1a: SuiSui|Pressure
|move|p2a: Keldeo|Scald|p1a: SuiSui
|-resisted|p1a: SuiSui
|-damage|p1a: SuiSui|0 fnt
|faint|p1a: SuiSui
|
|-damage|p2a: Keldeo|83\/323 brn|[from] brn
|
|switch|p1a: Gojira|Charizard-Mega-X, M|66\/298
|turn|26
|
|move|p2a: Keldeo|Scald|p1a: Gojira
|-damage|p1a: Gojira|0 fnt
|faint|p1a: Gojira
|
|-damage|p2a: Keldeo|43\/323 brn|[from] brn
|
|switch|p1a: Talonnope|Heatran, M|286\/386
|turn|27
|
|move|p2a: Keldeo|Scald|p1a: Talonnope
|-supereffective|p1a: Talonnope
|-damage|p1a: Talonnope|0 fnt
|faint|p1a: Talonnope
|
|-damage|p2a: Keldeo|3\/323 brn|[from] brn
|
|switch|p1a: Arabian Knight|Landorus, M|96\/320
|turn|28
|c|★RSMessiii|gg
|
|move|p2a: Keldeo|Scald|p1a: Arabian Knight
|-crit|p1a: Arabian Knight
|-supereffective|p1a: Arabian Knight
|-damage|p1a: Arabian Knight|0 fnt
|faint|p1a: Arabian Knight
|
|win|RSMessiii
|c|★Sixxus|gg
|leave|cliffdsixx
|leave|Sixxus
|player|p1