|join|RSMessiii
|join|CleanerThanRotom-W
|player|p1|RSMessiii|101
|player|p2|CleanerThanRotom-W|68
|gametype|singles
|gen|6
|tier|OU
|rated
|clearpoke
|poke|p1|Gliscor, M
|poke|p1|Clefable, M
|poke|p1|Chansey, F
|poke|p1|Slowbro, F
|poke|p1|Scizor, F
|poke|p1|Celebi
|poke|p2|Sableye, F
|poke|p2|Chansey, F
|poke|p2|Cresselia, F
|poke|p2|Keldeo
|poke|p2|Skarmory, M
|poke|p2|Quagsire, F
|rule|Swagger Clause: Swagger is banned
|rule|Baton Pass Clause: Limit one Pokémon knowing Baton Pass
|rule|Sleep Clause Mod: Limit one foe put to sleep
|rule|Species Clause: Limit one of each Pokémon
|rule|OHKO Clause: OHKO moves are banned
|rule|Moody Clause: Moody is banned
|rule|Evasion Moves Clause: Evasion moves are banned
|rule|Endless Battle Clause: Forcing endless battles is banned
|rule|HP Percentage Mod: HP is shown in percentages
|teampreview
|join|i came from leddit
CleanerThanRotom-W made this room private.
|
|start
|switch|p1a: Clefable|Clefable, M|393\/393
|switch|p2a: Sableye|Sableye, F|303\/303
|turn|1
|
|switch|p1a: Gliscor|Gliscor, M|353\/353
|switch|p2a: Chansey|Chansey, F|703\/703
|
|-status|p1a: Gliscor|tox|[from] item: Toxic Orb
|turn|2
|
|switch|p2a: Sableye|Sableye, F|303\/303
|move|p1a: Gliscor|Knock Off|p2a: Sableye
|-damage|p2a: Sableye|238\/303
|
|turn|3
|
|switch|p1a: Clefable|Clefable, M|393\/393
|detailschange|p2a: Sableye|Sableye-Mega, F
|message|Sableye has Mega Evolved into Mega Sableye!
|move|p2a: Sableye|Recover|p2a: Sableye
|-heal|p2a: Sableye|303\/303
|
|turn|4
|
|switch|p1a: Gliscor|Gliscor, M|353\/353 tox
|switch|p2a: Chansey|Chansey, F|703\/703
|
|turn|5
|
|switch|p2a: Skarmory|Skarmory, M|334\/334
|move|p1a: Gliscor|Taunt|p2a: Skarmory
|-start|p2a: Skarmory|move: Taunt
|
|turn|6
|
|switch|p1a: Scizor|Scizor, F|343\/343
|switch|p2a: Sableye|Sableye-Mega, F|303\/303
|
|turn|7
|
|switch|p2a: Skarmory|Skarmory, M|334\/334
|detailschange|p1a: Scizor|Scizor-Mega, F
|message|Scizor has Mega Evolved into Mega Scizor!
|move|p1a: Scizor|U-turn|p2a: Skarmory
|-resisted|p2a: Skarmory
|-damage|p2a: Skarmory|318\/334
|
|switch|p1a: Gliscor|Gliscor, M|353\/353 tox
|
|turn|8
|
|switch|p2a: Sableye|Sableye-Mega, F|303\/303
|move|p1a: Gliscor|Knock Off|p2a: Sableye
|-damage|p2a: Sableye|261\/303
|
|turn|9
|
|switch|p2a: Chansey|Chansey, F|703\/703
|move|p1a: Gliscor|Earthquake|p2a: Chansey
|-damage|p2a: Chansey|565\/703
|
|turn|10
|
|switch|p2a: Skarmory|Skarmory, M|318\/334
|move|p1a: Gliscor|Knock Off|p2a: Skarmory
|-damage|p2a: Skarmory|275\/334
|-enditem|p2a: Skarmory|Shed Shell|[from] move: Knock Off|[of] p1a: Gliscor
|
|turn|11
|
|switch|p2a: Sableye|Sableye-Mega, F|261\/303
|move|p1a: Gliscor|Taunt|p2a: Sableye
|move|p2a: Sableye|Taunt|p1a: Gliscor|[from]Magic Bounce
|-start|p1a: Gliscor|move: Taunt
|
|turn|12
|
|switch|p1a: Celebi|Celebi|404\/404
|move|p2a: Sableye|Knock Off|p1a: Celebi
|-supereffective|p1a: Celebi
|-damage|p1a: Celebi|210\/404
|-enditem|p1a: Celebi|Leftovers|[from] move: Knock Off|[of] p2a: Sableye
|
|turn|13
|
|switch|p2a: Chansey|Chansey, F|565\/703
|move|p1a: Celebi|Recover|p1a: Celebi
|-heal|p1a: Celebi|404\/404
|
|turn|14
|
|move|p1a: Celebi|U-turn|p2a: Chansey
|-damage|p2a: Chansey|500\/703
|
|switch|p1a: Scizor|Scizor-Mega, F|343\/343
|move|p2a: Chansey|Stealth Rock|p1a: Scizor
|-sidestart|p1: RSMessiii|move: Stealth Rock
|
|turn|15
|
|switch|p2a: Keldeo|Keldeo|323\/323
|move|p1a: Scizor|Defog|p2a: Keldeo
|-unboost|p2a: Keldeo|evasion|1
|-sideend|p1: RSMessiii|Stealth Rock|[from] move: Defog|[of] p1a: Scizor
|
|turn|16
|
|switch|p1a: Celebi|Celebi|404\/404
|move|p2a: Keldeo|Calm Mind|p2a: Keldeo
|-boost|p2a: Keldeo|spa|1
|-boost|p2a: Keldeo|spd|1
|
|turn|17
|
|move|p2a: Keldeo|Calm Mind|p2a: Keldeo
|-boost|p2a: Keldeo|spa|1
|-boost|p2a: Keldeo|spd|1
|move|p1a: Celebi|U-turn|p2a: Keldeo
|-resisted|p2a: Keldeo
|-damage|p2a: Keldeo|294\/323
|
|switch|p1a: Clefable|Clefable, M|393\/393
|
|-heal|p2a: Keldeo|314\/323|[from] item: Leftovers
|turn|18
|
|move|p2a: Keldeo|Scald|p1a: Clefable
|-damage|p1a: Clefable|236\/393
|move|p1a: Clefable|Moonblast|p2a: Keldeo
|-supereffective|p2a: Keldeo
|-damage|p2a: Keldeo|62\/323
|
|-heal|p2a: Keldeo|82\/323|[from] item: Leftovers
|-heal|p1a: Clefable|260\/393|[from] item: Leftovers
|turn|19
|
|switch|p2a: Skarmory|Skarmory, M|275\/334
|move|p1a: Clefable|Wish|p1a: Clefable
|
|-heal|p1a: Clefable|284\/393|[from] item: Leftovers
|turn|20
|
|switch|p1a: Scizor|Scizor-Mega, F|343\/343
|move|p2a: Skarmory|Spikes|p1a: Scizor
|-sidestart|p1: RSMessiii|Spikes
|
|turn|21
|
|move|p1a: Scizor|Defog|p2a: Skarmory
|-unboost|p2a: Skarmory|evasion|1
|-sideend|p1: RSMessiii|Spikes|[from] move: Defog|[of] p1a: Scizor
|move|p2a: Skarmory|Spikes|p1a: Scizor
|-sidestart|p1: RSMessiii|Spikes
|
|turn|22
|
|move|p1a: Scizor|U-turn|p2a: Skarmory
|-resisted|p2a: Skarmory
|-damage|p2a: Skarmory|260\/334
|
|switch|p1a: Gliscor|Gliscor, M|353\/353 tox
|move|p2a: Skarmory|Spikes|p1a: Gliscor
|-sidestart|p1: RSMessiii|Spikes
|
|turn|23
|
|switch|p2a: Sableye|Sableye-Mega, F|261\/303
|move|p1a: Gliscor|Knock Off|p2a: Sableye
|-damage|p2a: Sableye|222\/303
|
|turn|24
|
|move|p1a: Gliscor|Earthquake|p2a: Sableye
|-damage|p2a: Sableye|129\/303
|move|p2a: Sableye|Knock Off|p1a: Gliscor
|-damage|p1a: Gliscor|266\/353 tox
|-enditem|p1a: Gliscor|Toxic Orb|[from] move: Knock Off|[of] p2a: Sableye
|
|-heal|p1a: Gliscor|310\/353 tox|[from] ability: Poison Heal
|turn|25
|
|move|p1a: Gliscor|Earthquake|p2a: Sableye
|-damage|p2a: Sableye|42\/303
|move|p2a: Sableye|Recover|p2a: Sableye
|-heal|p2a: Sableye|194\/303
|
|-heal|p1a: Gliscor|353\/353 tox|[from] ability: Poison Heal
|turn|26
|
|move|p1a: Gliscor|Knock Off|p2a: Sableye
|-damage|p2a: Sableye|154\/303
|move|p2a: Sableye|Recover|p2a: Sableye
|-heal|p2a: Sableye|303\/303
|
|turn|27
|
|move|p1a: Gliscor|Earthquake|p2a: Sableye
|-damage|p2a: Sableye|215\/303
|move|p2a: Sableye|Taunt|p1a: Gliscor
|-start|p1a: Gliscor|move: Taunt
|
|turn|28
|
|switch|p2a: Skarmory|Skarmory, M|260\/334
|move|p1a: Gliscor|Knock Off|p2a: Skarmory
|-damage|p2a: Skarmory|231\/334
|
|turn|29
|
|switch|p1a: Scizor|Scizor-Mega, F|343\/343
|-damage|p1a: Scizor|286\/343|[from] Spikes
|move|p2a: Skarmory|Whirlwind|p1a: Scizor
|drag|p1a: Gliscor|Gliscor, M|353\/353 tox
|
|turn|30
|
|move|p1a: Gliscor|Knock Off|p2a: Skarmory
|-damage|p2a: Skarmory|202\/334
|move|p2a: Skarmory|Whirlwind|p1a: Gliscor
|drag|p1a: Celebi|Celebi|404\/404
|-damage|p1a: Celebi|337\/404|[from] Spikes
|
|turn|31
|
|move|p1a: Celebi|Giga Drain|p2a: Skarmory
|-resisted|p2a: Skarmory
|-damage|p2a: Skarmory|174\/334
|-heal|p1a: Celebi|351\/404|[from] drain|[of] p2a: Skarmory
|move|p2a: Skarmory|Roost|p2a: Skarmory
|-heal|p2a: Skarmory|334\/334
|
|turn|32
|
|move|p1a: Celebi|U-turn|p2a: Skarmory
|-resisted|p2a: Skarmory
|-damage|p2a: Skarmory|328\/334
|
|switch|p1a: Scizor|Scizor-Mega, F|286\/343
|-damage|p1a: Scizor|229\/343|[from] Spikes
|move|p2a: Skarmory|Spikes|p1a: Scizor
|-sidestart|p1: RSMessiii|Spikes
|
|turn|33
|
|move|p1a: Scizor|Defog|p2a: Skarmory
|-unboost|p2a: Skarmory|evasion|1
|-sideend|p1: RSMessiii|Spikes|[from] move: Defog|[of] p1a: Scizor
|move|p2a: Skarmory|Spikes|p1a: Scizor
|-sidestart|p1: RSMessiii|Spikes
|
|turn|34
|
|move|p1a: Scizor|Roost|p1a: Scizor
|-heal|p1a: Scizor|343\/343
|move|p2a: Skarmory|Spikes|p1a: Scizor
|-sidestart|p1: RSMessiii|Spikes
|
|turn|35
|
|switch|p2a: Keldeo|Keldeo|82\/323
|move|p1a: Scizor|Defog|p2a: Keldeo
|-unboost|p2a: Keldeo|evasion|1
|-sideend|p1: RSMessiii|Spikes|[from] move: Defog|[of] p1a: Scizor
|
|-heal|p2a: Keldeo|102\/323|[from] item: Leftovers
|turn|36
|
|switch|p1a: Celebi|Celebi|351\/404
|move|p2a: Keldeo|Scald|p1a: Celebi
|-resisted|p1a: Celebi
|-damage|p1a: Celebi|300\/404
|-status|p1a: Celebi|brn
|
|-heal|p2a: Keldeo|122\/323|[from] item: Leftovers
|-damage|p1a: Celebi|250\/404 brn|[from] brn
|turn|37
|
|switch|p2a: Sableye|Sableye-Mega, F|215\/303
|move|p1a: Celebi|Giga Drain|p2a: Sableye
|-damage|p2a: Sableye|161\/303
|-heal|p1a: Celebi|277\/404 brn|[from] drain|[of] p2a: Sableye
|
|-damage|p1a: Celebi|227\/404 brn|[from] brn
|turn|38
|
|move|p1a: Celebi|Recover|p1a: Celebi
|-heal|p1a: Celebi|404\/404 brn
|move|p2a: Sableye|Recover|p2a: Sableye
|-heal|p2a: Sableye|303\/303
|
|-damage|p1a: Celebi|354\/404 brn|[from] brn
|turn|39
|
|move|p1a: Celebi|U-turn|p2a: Sableye
|-damage|p2a: Sableye|281\/303
|
|switch|p1a: Gliscor|Gliscor, M|353\/353 tox
|move|p2a: Sableye|Taunt|p1a: Gliscor
|-start|p1a: Gliscor|move: Taunt
|
|turn|40
|
|switch|p1a: Slowbro|Slowbro, F|393\/393
|switch|p2a: Cresselia|Cresselia, F|444\/444
|
|turn|41
|
|switch|p1a: Scizor|Scizor-Mega, F|343\/343
|move|p2a: Cresselia|Toxic|p1a: Scizor
|-fail|p1a: Scizor
|
|turn|42
|
|switch|p2a: Skarmory|Skarmory, M|328\/334
|move|p1a: Scizor|U-turn|p2a: Skarmory
|-resisted|p2a: Skarmory
|-damage|p2a: Skarmory|311\/334
|
|switch|p1a: Slowbro|Slowbro, F|393\/393
|
|turn|43
|
|switch|p2a: Chansey|Chansey, F|500\/703
|move|p1a: Slowbro|Scald|p2a: Chansey
|-damage|p2a: Chansey|443\/703
|
|turn|44
|
|switch|p1a: Gliscor|Gliscor, M|353\/353 tox
|move|p2a: Chansey|Stealth Rock|p1a: Gliscor
|-sidestart|p1: RSMessiii|move: Stealth Rock
|
|turn|45
|
|switch|p2a: Sableye|Sableye-Mega, F|281\/303
|move|p1a: Gliscor|Knock Off|p2a: Sableye
|-damage|p2a: Sableye|239\/303
|
|turn|46
|
|move|p1a: Gliscor|Earthquake|p2a: Sableye
|-crit|p2a: Sableye
|-damage|p2a: Sableye|95\/303
|move|p2a: Sableye|Will-O-Wisp|p1a: Gliscor
|-fail|p1a: Gliscor
|
|turn|47
|
|move|p1a: Gliscor|Earthquake|p2a: Sableye
|-damage|p2a: Sableye|5\/303
|move|p2a: Sableye|Recover|p2a: Sableye
|-heal|p2a: Sableye|157\/303
|
|turn|48
|
|move|p1a: Gliscor|Knock Off|p2a: Sableye
|-damage|p2a: Sableye|119\/303
|move|p2a: Sableye|Recover|p2a: Sableye
|-heal|p2a: Sableye|271\/303
|
|turn|49
|
|switch|p1a: Slowbro|Slowbro, F|393\/393
|-damage|p1a: Slowbro|344\/393|[from] Stealth Rock
|move|p2a: Sableye|Taunt|p1a: Slowbro
|-start|p1a: Slowbro|move: Taunt
|
|-heal|p1a: Slowbro|368\/393|[from] item: Leftovers
|turn|50
|
|switch|p1a: Gliscor|Gliscor, M|353\/353 tox
|-damage|p1a: Gliscor|309\/353 tox|[from] Stealth Rock
|move|p2a: Sableye|Knock Off|p1a: Gliscor
|-crit|p1a: Gliscor
|-damage|p1a: Gliscor|224\/353 tox
|
|-heal|p1a: Gliscor|268\/353 tox|[from] ability: Poison Heal
|turn|51
|
|move|p1a: Gliscor|Knock Off|p2a: Sableye
|-damage|p2a: Sableye|226\/303
|move|p2a: Sableye|Taunt|p1a: Gliscor
|-start|p1a: Gliscor|move: Taunt
|
|-heal|p1a: Gliscor|312\/353 tox|[from] ability: Poison Heal
|turn|52
|
|switch|p2a: Skarmory|Skarmory, M|311\/334
|move|p1a: Gliscor|Knock Off|p2a: Skarmory
|-damage|p2a: Skarmory|281\/334
|
|-heal|p1a: Gliscor|353\/353 tox|[from] ability: Poison Heal
|turn|53
|
|switch|p1a: Scizor|Scizor-Mega, F|343\/343
|-damage|p1a: Scizor|301\/343|[from] Stealth Rock
|switch|p2a: Sableye|Sableye-Mega, F|226\/303
|
|turn|54
|
|move|p1a: Scizor|U-turn|p2a: Sableye
|-crit|p2a: Sableye
|-damage|p2a: Sableye|87\/303
|c|★CleanerThanRotom-W|k
|
|switch|p1a: Gliscor|Gliscor, M|353\/353 tox
|-damage|p1a: Gliscor|309\/353 tox|[from] Stealth Rock
|move|p2a: Sableye|Will-O-Wisp|p1a: Gliscor
|-fail|p1a: Gliscor
|
|-heal|p1a: Gliscor|353\/353 tox|[from] ability: Poison Heal
|turn|55
|
|switch|p2a: Skarmory|Skarmory, M|281\/334
|move|p1a: Gliscor|Earthquake|p2a: Skarmory
|-immune|p2a: Skarmory|[msg]
|
|turn|56
|
|switch|p2a: Keldeo|Keldeo|122\/323
|move|p1a: Gliscor|Knock Off|p2a: Keldeo
|-resisted|p2a: Keldeo
|-damage|p2a: Keldeo|86\/323
|-boost|p2a: Keldeo|atk|1|[from] ability: Justified
|-enditem|p2a: Keldeo|Leftovers|[from] move: Knock Off|[of] p1a: Gliscor
|
|turn|57
|
|move|p2a: Keldeo|Scald|p1a: Gliscor
|-supereffective|p1a: Gliscor
|-damage|p1a: Gliscor|75\/353 tox
|move|p1a: Gliscor|Earthquake|p2a: Keldeo
|-damage|p2a: Keldeo|0 fnt
|faint|p2a: Keldeo
|
|-heal|p1a: Gliscor|119\/353 tox|[from] ability: Poison Heal
|
|switch|p2a: Quagsire|Quagsire, F|393\/393
|turn|58
|
|move|p1a: Gliscor|Roost|p1a: Gliscor
|-heal|p1a: Gliscor|296\/353 tox
|move|p2a: Quagsire|Scald|p1a: Gliscor
|-supereffective|p1a: Gliscor
|-damage|p1a: Gliscor|170\/353 tox
|
|-heal|p1a: Gliscor|214\/353 tox|[from] ability: Poison Heal
|turn|59
|
|move|p1a: Gliscor|Knock Off|p2a: Quagsire
|-damage|p2a: Quagsire|338\/393
|-enditem|p2a: Quagsire|Leftovers|[from] move: Knock Off|[of] p1a: Gliscor
|move|p2a: Quagsire|Scald|p1a: Gliscor
|-supereffective|p1a: Gliscor
|-damage|p1a: Gliscor|94\/353 tox
|
|-heal|p1a: Gliscor|138\/353 tox|[from] ability: Poison Heal
|turn|60
|
|switch|p2a: Cresselia|Cresselia, F|444\/444
|move|p1a: Gliscor|Roost|p1a: Gliscor
|-heal|p1a: Gliscor|315\/353 tox
|
|-heal|p1a: Gliscor|353\/353 tox|[from] ability: Poison Heal
|turn|61
|
|switch|p2a: Sableye|Sableye-Mega, F|87\/303
|move|p1a: Gliscor|Knock Off|p2a: Sableye
|-damage|p2a: Sableye|49\/303
|
|turn|62
|-message|CleanerThanRotom-W forfeited.
|
|win|RSMessiii
|raw|Ladder updating...
|leave|CleanerThanRotom-W
|player|p2
|raw|RSMessiii's rating: 1640 &rarr; <strong>1664<\/strong><br \/>(+24 for winning)
|raw|CleanerThanRotom-W's rating: 1718 &rarr; <strong>1694<\/strong><br \/>(-24 for losing)
|leave|i came from leddit