|join|RSMessiii
|join|Reverb
|player|p1|RSMessiii|2
|player|p2|Reverb|#reverb
|gametype|singles
|gen|6
|tier|OU
|rated
|clearpoke
|poke|p1|Gliscor, M
|poke|p1|Clefable, M
|poke|p1|Chansey, F
|poke|p1|Slowbro, F
|poke|p1|Skarmory, F
|poke|p1|Celebi
|poke|p2|Empoleon, M
|poke|p2|Tyranitar, F
|poke|p2|Charizard, F
|poke|p2|Keldeo
|poke|p2|Kyurem-Black
|poke|p2|Landorus-Therian, M
|rule|Swagger Clause: Swagger is banned
|rule|Baton Pass Clause: Limit one Pokémon knowing Baton Pass
|rule|Sleep Clause Mod: Limit one foe put to sleep
|rule|Species Clause: Limit one of each Pokémon
|rule|OHKO Clause: OHKO moves are banned
|rule|Moody Clause: Moody is banned
|rule|Evasion Moves Clause: Evasion moves are banned
|rule|Endless Battle Clause: Forcing endless battles is banned
|rule|HP Percentage Mod: HP is shown in percentages
|teampreview
|c|★Reverb|hf
|join|Squirrelll
|join|Cienight
|c|★RSMessiii|u2
|
|start
|switch|p1a: Missandei|Chansey, F|703\/703
|switch|p2a: Tyranitar|Tyranitar, F|383\/383
|-weather|Sandstorm
|turn|1
|
|switch|p1a: Daenerys Targayren|Clefable, M|393\/393
|move|p2a: Tyranitar|Superpower|p1a: Daenerys Targayren
|-resisted|p1a: Daenerys Targayren
|-damage|p1a: Daenerys Targayren|285\/393
|-unboost|p2a: Tyranitar|atk|1
|-unboost|p2a: Tyranitar|def|1
|
|-weather|Sandstorm|[upkeep]
|-damage|p1a: Daenerys Targayren|261\/393|[from] sandstorm
|-heal|p1a: Daenerys Targayren|285\/393|[from] item: Leftovers
|turn|2
|
|switch|p2a: Empoleon|Empoleon, M|372\/372
|switch|p1a: Missandei|Chansey, F|703\/703
|
|-weather|Sandstorm|[upkeep]
|-damage|p1a: Missandei|660\/703|[from] sandstorm
|turn|3
|
|move|p2a: Empoleon|Stealth Rock|p1a: Missandei
|-sidestart|p1: RSMessiii|move: Stealth Rock
|move|p1a: Missandei|Stealth Rock|p2a: Empoleon
|-sidestart|p2: Reverb|move: Stealth Rock
|
|-weather|Sandstorm|[upkeep]
|-damage|p1a: Missandei|617\/703|[from] sandstorm
|turn|4
|
|move|p2a: Empoleon|Defog|p1a: Missandei
|-unboost|p1a: Missandei|evasion|1
|-sideend|p1: RSMessiii|Stealth Rock|[from] move: Defog|[of] p1a: Missandei
|-sideend|p2: Reverb|Stealth Rock|[from] move: Defog|[of] p2a: Empoleon
|move|p1a: Missandei|Seismic Toss|p2a: Empoleon
|-damage|p2a: Empoleon|272\/372
|
|-weather|Sandstorm|[upkeep]
|-damage|p1a: Missandei|574\/703|[from] sandstorm
|-heal|p2a: Empoleon|295\/372|[from] item: Leftovers
|turn|5
|
|switch|p2a: Tyranitar|Tyranitar, F|383\/383
|move|p1a: Missandei|Stealth Rock|p2a: Tyranitar
|-sidestart|p2: Reverb|move: Stealth Rock
|
|-weather|none
|turn|6
|
|move|p2a: Tyranitar|Pursuit|p1a: Missandei
|-damage|p1a: Missandei|403\/703
|move|p1a: Missandei|Soft-Boiled|p1a: Missandei
|-heal|p1a: Missandei|703\/703
|
|turn|7
|join|mistaken
|
|switch|p2a: Empoleon|Empoleon, M|295\/372
|-damage|p2a: Empoleon|272\/372|[from] Stealth Rock
|move|p1a: Missandei|Seismic Toss|p2a: Empoleon
|-damage|p2a: Empoleon|172\/372
|
|-heal|p2a: Empoleon|195\/372|[from] item: Leftovers
|turn|8
|
|move|p2a: Empoleon|Defog|p1a: Missandei
|-unboost|p1a: Missandei|evasion|1
|-sideend|p2: Reverb|Stealth Rock|[from] move: Defog|[of] p2a: Empoleon
|move|p1a: Missandei|Seismic Toss|p2a: Empoleon
|-damage|p2a: Empoleon|95\/372
|
|-heal|p2a: Empoleon|118\/372|[from] item: Leftovers
|turn|9
|
|move|p2a: Empoleon|Stealth Rock|p1a: Missandei
|-sidestart|p1: RSMessiii|move: Stealth Rock
|move|p1a: Missandei|Stealth Rock|p2a: Empoleon
|-sidestart|p2: Reverb|move: Stealth Rock
|
|-heal|p2a: Empoleon|141\/372|[from] item: Leftovers
|turn|10
|
|move|p2a: Empoleon|Scald|p1a: Missandei
|-damage|p1a: Missandei|648\/703
|move|p1a: Missandei|Seismic Toss|p2a: Empoleon
|-damage|p2a: Empoleon|41\/372
|
|-heal|p2a: Empoleon|64\/372|[from] item: Leftovers
|turn|11
|
|move|p2a: Empoleon|Scald|p1a: Missandei
|-damage|p1a: Missandei|564\/703
|move|p1a: Missandei|Seismic Toss|p2a: Empoleon
|-damage|p2a: Empoleon|0 fnt
|faint|p2a: Empoleon
|
|
|switch|p2a: Tyranitar|Tyranitar, F|383\/383
|-damage|p2a: Tyranitar|336\/383|[from] Stealth Rock
|-weather|Sandstorm
|turn|12
|
|switch|p1a: Daenerys Targayren|Clefable, M|285\/393
|-damage|p1a: Daenerys Targayren|236\/393|[from] Stealth Rock
|move|p2a: Tyranitar|Stone Edge|p1a: Daenerys Targayren
|-damage|p1a: Daenerys Targayren|0 fnt
|faint|p1a: Daenerys Targayren
|
|-weather|Sandstorm|[upkeep]
|
|switch|p1a: Berristan Selmy|Slowbro, F|393\/393
|-damage|p1a: Berristan Selmy|344\/393|[from] Stealth Rock
|turn|13
|
|move|p2a: Tyranitar|Stone Edge|p1a: Berristan Selmy
|-damage|p1a: Berristan Selmy|139\/393
|move|p1a: Berristan Selmy|Calm Mind|p1a: Berristan Selmy
|-boost|p1a: Berristan Selmy|spa|1
|-boost|p1a: Berristan Selmy|spd|1
|
|-weather|Sandstorm|[upkeep]
|-damage|p1a: Berristan Selmy|115\/393|[from] sandstorm
|turn|14
|
|switch|p1a: Jorah Mormont|Skarmory, F|333\/333
|-damage|p1a: Jorah Mormont|292\/333|[from] Stealth Rock
|move|p2a: Tyranitar|Stone Edge|p1a: Jorah Mormont
|-damage|p1a: Jorah Mormont|132\/333
|
|-weather|Sandstorm|[upkeep]
|turn|15
|
|move|p2a: Tyranitar|Stone Edge|p1a: Jorah Mormont
|-damage|p1a: Jorah Mormont|0 fnt
|faint|p1a: Jorah Mormont
|
|-weather|Sandstorm|[upkeep]
|c| Cienight|cb doooe
|
|switch|p1a: Berristan Selmy|Slowbro, F|246\/393
|-damage|p1a: Berristan Selmy|197\/393|[from] Stealth Rock
|turn|16
|
|detailschange|p1a: Berristan Selmy|Slowbro-Mega, F
|message|Slowbro has Mega Evolved into Mega Slowbro!
|move|p2a: Tyranitar|Stone Edge|p1a: Berristan Selmy
|-damage|p1a: Berristan Selmy|53\/393
|move|p1a: Berristan Selmy|Slack Off|p1a: Berristan Selmy
|-heal|p1a: Berristan Selmy|250\/393
|
|-weather|none
|turn|17
|
|switch|p2a: Keldeo|Keldeo|323\/323
|-damage|p2a: Keldeo|303\/323|[from] Stealth Rock
|move|p1a: Berristan Selmy|Slack Off|p1a: Berristan Selmy
|-heal|p1a: Berristan Selmy|393\/393
|
|turn|18
|
|switch|p1a: Arianne Martell|Celebi|404\/404
|-damage|p1a: Arianne Martell|354\/404|[from] Stealth Rock
|move|p2a: Keldeo|Scald|p1a: Arianne Martell
|-resisted|p1a: Arianne Martell
|-damage|p1a: Arianne Martell|278\/404
|
|-heal|p1a: Arianne Martell|303\/404|[from] item: Leftovers
|turn|19
|
|switch|p2a: Landorus-Therian|Landorus-Therian, M|327\/327
|-damage|p2a: Landorus-Therian|287\/327|[from] Stealth Rock
|-ability|p2a: Landorus-Therian|Intimidate|[of] p1a: Arianne Martell
|-unboost|p1a: Arianne Martell|atk|1
|move|p1a: Arianne Martell|Baton Pass|p1a: Arianne Martell
|
|switch|p1a: Daario Nahaaris|Gliscor, M|353\/353
|-damage|p1a: Daario Nahaaris|309\/353|[from] Stealth Rock
|
|-status|p1a: Daario Nahaaris|tox|[from] item: Toxic Orb
|turn|20
|
|move|p2a: Landorus-Therian|Explosion|p1a: Daario Nahaaris
|-damage|p1a: Daario Nahaaris|43\/353 tox
|faint|p2a: Landorus-Therian
|move|p1a: Daario Nahaaris|Knock Off|p2: Landorus-Therian|[notarget]
|-notarget
|
|-heal|p1a: Daario Nahaaris|87\/353 tox|[from] ability: Poison Heal
|
|switch|p2a: Charizard|Charizard, F|297\/297
|-damage|p2a: Charizard|149\/297|[from] Stealth Rock
|turn|21
|
|switch|p1a: Missandei|Chansey, F|564\/703
|-damage|p1a: Missandei|477\/703|[from] Stealth Rock
|detailschange|p2a: Charizard|Charizard-Mega-Y, F
|message|Charizard has Mega Evolved into Mega Charizard!
|-weather|SunnyDay
|move|p2a: Charizard|Roost|p2a: Charizard
|-heal|p2a: Charizard|297\/297
|
|-weather|SunnyDay|[upkeep]
|turn|22
|
|switch|p2a: Tyranitar|Tyranitar, F|336\/383
|-damage|p2a: Tyranitar|289\/383|[from] Stealth Rock
|-weather|Sandstorm
|move|p1a: Missandei|Soft-Boiled|p1a: Missandei
|-heal|p1a: Missandei|703\/703
|
|-weather|Sandstorm|[upkeep]
|-damage|p1a: Missandei|660\/703|[from] sandstorm
|turn|23
|
|switch|p1a: Berristan Selmy|Slowbro-Mega, F|393\/393
|-damage|p1a: Berristan Selmy|344\/393|[from] Stealth Rock
|move|p2a: Tyranitar|Crunch|p1a: Berristan Selmy
|-supereffective|p1a: Berristan Selmy
|-damage|p1a: Berristan Selmy|134\/393
|-unboost|p1a: Berristan Selmy|def|1
|
|-weather|Sandstorm|[upkeep]
|-damage|p1a: Berristan Selmy|110\/393|[from] sandstorm
|turn|24
|
|move|p2a: Tyranitar|Crunch|p1a: Berristan Selmy
|-supereffective|p1a: Berristan Selmy
|-damage|p1a: Berristan Selmy|0 fnt
|faint|p1a: Berristan Selmy
|
|-weather|Sandstorm|[upkeep]
|
|switch|p1a: Daario Nahaaris|Gliscor, M|87\/353 tox
|-damage|p1a: Daario Nahaaris|43\/353 tox|[from] Stealth Rock
|turn|25
|
|switch|p2a: Charizard|Charizard-Mega-Y, F|297\/297
|-damage|p2a: Charizard|149\/297|[from] Stealth Rock
|-weather|SunnyDay
|move|p1a: Daario Nahaaris|Roost|p1a: Daario Nahaaris
|-heal|p1a: Daario Nahaaris|220\/353 tox
|
|-weather|SunnyDay|[upkeep]
|-heal|p1a: Daario Nahaaris|264\/353 tox|[from] ability: Poison Heal
|turn|26
|
|move|p2a: Charizard|Fire Blast|p1a: Daario Nahaaris
|-crit|p1a: Daario Nahaaris
|-damage|p1a: Daario Nahaaris|0 fnt
|faint|p1a: Daario Nahaaris
|
|-weather|SunnyDay|[upkeep]
|-message|RSMessiii forfeited.
|
|win|Reverb
|raw|Ladder updating...
|leave|RSMessiii
|player|p1