|join|RSMessiii
|join|Nappy Kittens
|player|p1|RSMessiii|101
|player|p2|Nappy Kittens|184
|gametype|singles
|gen|6
|tier|OU
|rated
|clearpoke
|poke|p1|Gliscor, M
|poke|p1|Clefable, M
|poke|p1|Chansey, F
|poke|p1|Slowbro, F
|poke|p1|Scizor, F
|poke|p1|Celebi
|poke|p2|Skarmory, F
|poke|p2|Chansey, F
|poke|p2|Sableye, M
|poke|p2|Quagsire, F
|poke|p2|Cresselia, F
|poke|p2|Gothitelle, F
|rule|Swagger Clause: Swagger is banned
|rule|Baton Pass Clause: Limit one Pokémon knowing Baton Pass
|rule|Sleep Clause Mod: Limit one foe put to sleep
|rule|Species Clause: Limit one of each Pokémon
|rule|OHKO Clause: OHKO moves are banned
|rule|Moody Clause: Moody is banned
|rule|Evasion Moves Clause: Evasion moves are banned
|rule|Endless Battle Clause: Forcing endless battles is banned
|rule|HP Percentage Mod: HP is shown in percentages
|teampreview
|
|start
|switch|p1a: Clefable|Clefable, M|393\/393
|switch|p2a: Sableye|Sableye, M|304\/304
|turn|1
|
|detailschange|p2a: Sableye|Sableye-Mega, M
|message|Sableye has Mega Evolved into Mega Sableye!
|move|p1a: Clefable|Moonblast|p2a: Sableye
|-supereffective|p2a: Sableye
|-damage|p2a: Sableye|116\/304
|move|p2a: Sableye|Knock Off|p1a: Clefable
|-resisted|p1a: Clefable
|-damage|p1a: Clefable|351\/393
|-enditem|p1a: Clefable|Leftovers|[from] move: Knock Off|[of] p2a: Sableye
|
|turn|2
|
|switch|p1a: Gliscor|Gliscor, M|353\/353
|switch|p2a: Chansey|Chansey, F|704\/704
|
|-status|p1a: Gliscor|tox|[from] item: Toxic Orb
|turn|3
|join|MrRenz
|
|switch|p2a: Skarmory|Skarmory, F|334\/334
|move|p1a: Gliscor|Taunt|p2a: Skarmory
|-start|p2a: Skarmory|move: Taunt
|
|turn|4
|
|switch|p2a: Quagsire|Quagsire, F|394\/394
|move|p1a: Gliscor|Knock Off|p2a: Quagsire
|-damage|p2a: Quagsire|331\/394
|-enditem|p2a: Quagsire|Leftovers|[from] move: Knock Off|[of] p1a: Gliscor
|
|turn|5
|
|switch|p1a: Celebi|Celebi|404\/404
|move|p2a: Quagsire|Scald|p1a: Celebi
|-resisted|p1a: Celebi
|-damage|p1a: Celebi|380\/404
|
|-heal|p1a: Celebi|404\/404|[from] item: Leftovers
|turn|6
|
|switch|p2a: Chansey|Chansey, F|704\/704
|move|p1a: Celebi|U-turn|p2a: Chansey
|-damage|p2a: Chansey|638\/704
|
|switch|p1a: Gliscor|Gliscor, M|353\/353 tox
|
|turn|7
|
|switch|p2a: Skarmory|Skarmory, F|334\/334
|move|p1a: Gliscor|Knock Off|p2a: Skarmory
|-damage|p2a: Skarmory|295\/334
|-enditem|p2a: Skarmory|Shed Shell|[from] move: Knock Off|[of] p1a: Gliscor
|
|turn|8
|
|switch|p2a: Sableye|Sableye-Mega, M|116\/304
|move|p1a: Gliscor|Earthquake|p2a: Sableye
|-damage|p2a: Sableye|50\/304
|
|turn|9
|
|switch|p2a: Quagsire|Quagsire, F|331\/394
|move|p1a: Gliscor|Earthquake|p2a: Quagsire
|-damage|p2a: Quagsire|238\/394
|
|turn|10
|
|move|p1a: Gliscor|Taunt|p2a: Quagsire
|-start|p2a: Quagsire|move: Taunt
|move|p2a: Quagsire|Scald|p1a: Gliscor
|-supereffective|p1a: Gliscor
|-damage|p1a: Gliscor|227\/353 tox
|
|-heal|p1a: Gliscor|271\/353 tox|[from] ability: Poison Heal
|turn|11
|
|switch|p2a: Cresselia|Cresselia, F|444\/444
|move|p1a: Gliscor|Earthquake|p2a: Cresselia
|-immune|p2a: Cresselia|[msg]
|
|-heal|p1a: Gliscor|315\/353 tox|[from] ability: Poison Heal
|turn|12
|
|switch|p1a: Scizor|Scizor, F|343\/343
|switch|p2a: Sableye|Sableye-Mega, M|50\/304
|
|turn|13
|
|detailschange|p1a: Scizor|Scizor-Mega, F
|message|Scizor has Mega Evolved into Mega Scizor!
|move|p1a: Scizor|U-turn|p2a: Sableye
|-damage|p2a: Sableye|0 fnt
|faint|p2a: Sableye
|
|switch|p1a: Gliscor|Gliscor, M|315\/353 tox
|
|-heal|p1a: Gliscor|353\/353 tox|[from] ability: Poison Heal
|
|switch|p2a: Gothitelle|Gothitelle, F|281\/281
|turn|14
|leave|MrRenz
|
|move|p2a: Gothitelle|Trick|p1a: Gliscor
|-activate|p2a: Gothitelle|move: Trick|[of] p1a: Gliscor
|-item|p1a: Gliscor|Choice Scarf|[from] move: Trick
|-item|p2a: Gothitelle|Toxic Orb|[from] move: Trick
|move|p1a: Gliscor|Knock Off|p2a: Gothitelle
|-supereffective|p2a: Gothitelle
|-damage|p2a: Gothitelle|121\/281
|-enditem|p2a: Gothitelle|Toxic Orb|[from] move: Knock Off|[of] p1a: Gliscor
|
|turn|15
|
|switch|p2a: Skarmory|Skarmory, F|295\/334
|move|p1a: Gliscor|Knock Off|p2a: Skarmory
|-damage|p2a: Skarmory|268\/334
|
|turn|16
|
|switch|p1a: Chansey|Chansey, F|703\/703
|move|p2a: Skarmory|Spikes|p1a: Chansey
|-sidestart|p1: RSMessiii|Spikes
|
|turn|17
|
|move|p2a: Skarmory|Spikes|p1a: Chansey
|-sidestart|p1: RSMessiii|Spikes
|move|p1a: Chansey|Stealth Rock|p2a: Skarmory
|-sidestart|p2: Nappy Kittens|move: Stealth Rock
|
|turn|18
|
|switch|p1a: Slowbro|Slowbro, F|393\/393
|-damage|p1a: Slowbro|328\/393|[from] Spikes
|move|p2a: Skarmory|Spikes|p1a: Slowbro
|-sidestart|p1: RSMessiii|Spikes
|
|-heal|p1a: Slowbro|352\/393|[from] item: Leftovers
|turn|19
|
|switch|p2a: Chansey|Chansey, F|638\/704
|-damage|p2a: Chansey|550\/704|[from] Stealth Rock
|switch|p1a: Gliscor|Gliscor, M|353\/353 tox
|
|turn|20
|
|switch|p2a: Skarmory|Skarmory, F|268\/334
|-damage|p2a: Skarmory|227\/334|[from] Stealth Rock
|move|p1a: Gliscor|Taunt|p2a: Skarmory
|-start|p2a: Skarmory|move: Taunt
|
|turn|21
|
|switch|p1a: Slowbro|Slowbro, F|393\/393
|-damage|p1a: Slowbro|295\/393|[from] Spikes
|switch|p2a: Chansey|Chansey, F|550\/704
|-damage|p2a: Chansey|462\/704|[from] Stealth Rock
|
|-heal|p1a: Slowbro|319\/393|[from] item: Leftovers
|turn|22
|
|switch|p1a: Scizor|Scizor-Mega, F|343\/343
|-damage|p1a: Scizor|258\/343|[from] Spikes
|move|p2a: Chansey|Stealth Rock|p1a: Scizor
|-sidestart|p1: RSMessiii|move: Stealth Rock
|
|turn|23
|
|switch|p2a: Skarmory|Skarmory, F|227\/334
|-damage|p2a: Skarmory|186\/334|[from] Stealth Rock
|move|p1a: Scizor|Defog|p2a: Skarmory
|-unboost|p2a: Skarmory|evasion|1
|-sideend|p2: Nappy Kittens|Stealth Rock|[from] move: Defog|[of] p2a: Skarmory
|-sideend|p1: RSMessiii|Spikes|[from] move: Defog|[of] p1a: Scizor
|-sideend|p1: RSMessiii|Stealth Rock|[from] move: Defog|[of] p1a: Scizor
|
|turn|24
|
|move|p1a: Scizor|Roost|p1a: Scizor
|-heal|p1a: Scizor|343\/343
|move|p2a: Skarmory|Roost|p2a: Skarmory
|-heal|p2a: Skarmory|334\/334
|
|turn|25
|
|move|p1a: Scizor|U-turn|p2a: Skarmory
|-resisted|p2a: Skarmory
|-damage|p2a: Skarmory|317\/334
|
|switch|p1a: Slowbro|Slowbro, F|393\/393
|move|p2a: Skarmory|Spikes|p1a: Slowbro
|-sidestart|p1: RSMessiii|Spikes
|
|turn|26
|
|switch|p2a: Chansey|Chansey, F|462\/704
|switch|p1a: Gliscor|Gliscor, M|353\/353 tox
|
|turn|27
|
|switch|p2a: Skarmory|Skarmory, F|317\/334
|move|p1a: Gliscor|Knock Off|p2a: Skarmory
|-damage|p2a: Skarmory|288\/334
|
|turn|28
|
|switch|p1a: Slowbro|Slowbro, F|393\/393
|-damage|p1a: Slowbro|344\/393|[from] Spikes
|move|p2a: Skarmory|Spikes|p1a: Slowbro
|-sidestart|p1: RSMessiii|Spikes
|
|-heal|p1a: Slowbro|368\/393|[from] item: Leftovers
|turn|29
|
|switch|p2a: Chansey|Chansey, F|462\/704
|switch|p1a: Gliscor|Gliscor, M|353\/353 tox
|
|turn|30
|
|switch|p2a: Skarmory|Skarmory, F|288\/334
|move|p1a: Gliscor|Knock Off|p2a: Skarmory
|-damage|p2a: Skarmory|259\/334
|
|turn|31
|
|switch|p1a: Slowbro|Slowbro, F|393\/393
|-damage|p1a: Slowbro|328\/393|[from] Spikes
|move|p2a: Skarmory|Spikes|p1a: Slowbro
|-sidestart|p1: RSMessiii|Spikes
|
|-heal|p1a: Slowbro|352\/393|[from] item: Leftovers
|turn|32
|
|switch|p2a: Chansey|Chansey, F|462\/704
|move|p1a: Slowbro|Scald|p2a: Chansey
|-damage|p2a: Chansey|398\/704
|
|-heal|p1a: Slowbro|376\/393|[from] item: Leftovers
|turn|33
|
|switch|p1a: Gliscor|Gliscor, M|353\/353 tox
|move|p2a: Chansey|Soft-Boiled|p2a: Chansey
|-heal|p2a: Chansey|704\/704
|
|turn|34
|
|switch|p1a: Slowbro|Slowbro, F|393\/393
|-damage|p1a: Slowbro|295\/393|[from] Spikes
|switch|p2a: Skarmory|Skarmory, F|259\/334
|
|-heal|p1a: Slowbro|319\/393|[from] item: Leftovers
|turn|35
|
|switch|p2a: Chansey|Chansey, F|704\/704
|switch|p1a: Gliscor|Gliscor, M|353\/353 tox
|
|turn|36
|
|switch|p2a: Gothitelle|Gothitelle, F|121\/281
|move|p1a: Gliscor|Knock Off|p2a: Gothitelle
|-supereffective|p2a: Gothitelle
|-damage|p2a: Gothitelle|21\/281
|
|turn|37
|
|switch|p2a: Skarmory|Skarmory, F|259\/334
|move|p1a: Gliscor|Knock Off|p2a: Skarmory
|-damage|p2a: Skarmory|230\/334
|
|turn|38
|
|switch|p1a: Slowbro|Slowbro, F|393\/393
|-damage|p1a: Slowbro|295\/393|[from] Spikes
|move|p2a: Skarmory|Roost|p2a: Skarmory
|-heal|p2a: Skarmory|334\/334
|
|-heal|p1a: Slowbro|319\/393|[from] item: Leftovers
|turn|39
|
|switch|p2a: Chansey|Chansey, F|704\/704
|move|p1a: Slowbro|Scald|p2a: Chansey
|-crit|p2a: Chansey
|-damage|p2a: Chansey|614\/704
|-status|p2a: Chansey|brn
|
|-heal|p1a: Slowbro|343\/393|[from] item: Leftovers
|-damage|p2a: Chansey|526\/704 brn|[from] brn
|turn|40
|
|switch|p1a: Gliscor|Gliscor, M|353\/353 tox
|move|p2a: Chansey|Stealth Rock|p1a: Gliscor
|-sidestart|p1: RSMessiii|move: Stealth Rock
|
|-damage|p2a: Chansey|438\/704 brn|[from] brn
|turn|41
|
|switch|p1a: Scizor|Scizor-Mega, F|343\/343
|-damage|p1a: Scizor|301\/343|[from] Stealth Rock
|-damage|p1a: Scizor|216\/343|[from] Spikes
|switch|p2a: Gothitelle|Gothitelle, F|21\/281
|
|turn|42
|
|switch|p2a: Quagsire|Quagsire, F|238\/394
|move|p1a: Scizor|Bullet Punch|p2a: Quagsire
|-resisted|p2a: Quagsire
|-damage|p2a: Quagsire|200\/394
|
|turn|43
|
|move|p1a: Scizor|Defog|p2a: Quagsire
|-unboost|p2a: Quagsire|evasion|1
|-sideend|p1: RSMessiii|Spikes|[from] move: Defog|[of] p1a: Scizor
|-sideend|p1: RSMessiii|Stealth Rock|[from] move: Defog|[of] p1a: Scizor
|move|p2a: Quagsire|Scald|p1a: Scizor
|-damage|p1a: Scizor|149\/343
|
|turn|44
|
|move|p1a: Scizor|Roost|p1a: Scizor
|-heal|p1a: Scizor|321\/343
|move|p2a: Quagsire|Scald|p1a: Scizor
|-damage|p1a: Scizor|257\/343
|
|turn|45
|
|move|p1a: Scizor|U-turn|p2a: Quagsire
|-damage|p2a: Quagsire|112\/394
|
|switch|p1a: Celebi|Celebi|404\/404
|move|p2a: Quagsire|Recover|p2a: Quagsire
|-heal|p2a: Quagsire|309\/394
|
|turn|46
|
|switch|p2a: Chansey|Chansey, F|438\/704
|move|p1a: Celebi|U-turn|p2a: Chansey
|-crit|p2a: Chansey
|-damage|p2a: Chansey|332\/704
|
|switch|p1a: Scizor|Scizor-Mega, F|257\/343
|
|turn|47
|
|move|p1a: Scizor|U-turn|p2a: Chansey
|-damage|p2a: Chansey|169\/704
|
|switch|p1a: Gliscor|Gliscor, M|353\/353 tox
|move|p2a: Chansey|Soft-Boiled|p2a: Chansey
|-heal|p2a: Chansey|521\/704
|
|turn|48
|
|switch|p2a: Gothitelle|Gothitelle, F|21\/281
|move|p1a: Gliscor|Knock Off|p2a: Gothitelle
|-supereffective|p2a: Gothitelle
|-damage|p2a: Gothitelle|0 fnt
|faint|p2a: Gothitelle
|
|-message|Nappy Kittens forfeited.
|
|win|RSMessiii
|raw|Ladder updating...
|leave|Nappy Kittens
|player|p2
|raw|RSMessiii's rating: 1557 &rarr; <strong>1580<\/strong><br \/>(+23 for winning)
|raw|Nappy Kittens's rating: 1606 &rarr; <strong>1583<\/strong><br \/>(-23 for losing)