|join|HottyRobo
|join|RSMessiii
|player|p1|HottyRobo|226
|player|p2|RSMessiii|1
|gametype|singles
|gen|6
|tier|OU
|clearpoke
|poke|p1|Noivern, M
|poke|p1|Venusaur, M
|poke|p1|Zapdos
|poke|p1|Mamoswine, F
|poke|p1|Bisharp, F
|poke|p1|Conkeldurr, M
|poke|p2|Sylveon, F
|poke|p2|Bisharp, M
|poke|p2|Landorus-Therian, M
|poke|p2|Manaphy
|poke|p2|Medicham, M
|poke|p2|Excadrill, F
|rule|Swagger Clause: Swagger is banned
|rule|Baton Pass Clause: Limit one Pokémon knowing Baton Pass
|rule|Sleep Clause Mod: Limit one foe put to sleep
|rule|Species Clause: Limit one of each Pokémon
|rule|OHKO Clause: OHKO moves are banned
|rule|Moody Clause: Moody is banned
|rule|Evasion Moves Clause: Evasion moves are banned
|rule|Endless Battle Clause: Forcing endless battles is banned
|rule|HP Percentage Mod: HP is shown in percentages
|teampreview
|c|★HottyRobo|sorry for the delay
|c|★RSMessiii|np gl hf
|c|★HottyRobo|yeah you too
|c|★RSMessiii|thx
|
|start
|switch|p1a: Noivern|Noivern, M|311\/311
|switch|p2a: Medicham|Medicham, M|261\/261
|-item|p2a: Medicham|Medichamite|[from] ability: Frisk|[of] p1a: Noivern|[identify]
|turn|1
|
|detailschange|p2a: Medicham|Medicham-Mega, M
|message|Medicham has Mega Evolved into Mega Medicham!
|move|p2a: Medicham|Fake Out|p1a: Noivern
|-damage|p1a: Noivern|210\/311
|cant|p1a: Noivern|flinch
|
|turn|2
|
|switch|p2a: Excadrill|Excadrill, F|371\/371
|-ability|p2a: Excadrill|Mold Breaker
|move|p1a: Noivern|Air Slash|p2a: Excadrill
|-resisted|p2a: Excadrill
|-damage|p2a: Excadrill|266\/371
|
|turn|3
|
|switch|p1a: Conkeldurr|Conkeldurr, M|386\/386
|move|p2a: Excadrill|Rock Slide|p1a: Conkeldurr
|-crit|p1a: Conkeldurr
|-resisted|p1a: Conkeldurr
|-damage|p1a: Conkeldurr|305\/386
|
|turn|4
|
|switch|p2a: Landorus-Therian|Landorus-Therian, M|381\/381
|-ability|p2a: Landorus-Therian|Intimidate|[of] p1a: Conkeldurr
|-unboost|p1a: Conkeldurr|atk|1
|move|p1a: Conkeldurr|Ice Punch|p2a: Landorus-Therian
|-supereffective|p2a: Landorus-Therian
|-damage|p2a: Landorus-Therian|137\/381
|
|-heal|p2a: Landorus-Therian|160\/381|[from] item: Leftovers
|turn|5
|
|move|p2a: Landorus-Therian|U-turn|p1a: Conkeldurr
|-resisted|p1a: Conkeldurr
|-damage|p1a: Conkeldurr|265\/386
|
|switch|p2a: Sylveon|Sylveon, F|393\/393
|move|p1a: Conkeldurr|Ice Punch|p2a: Sylveon
|-damage|p2a: Sylveon|321\/393
|
|-heal|p2a: Sylveon|345\/393|[from] item: Leftovers
|turn|6
|
|switch|p2a: Medicham|Medicham-Mega, M|261\/261
|switch|p1a: Venusaur|Venusaur, M|364\/364
|
|turn|7
|
|switch|p1a: Zapdos|Zapdos|384\/384
|-ability|p1a: Zapdos|Pressure
|move|p2a: Medicham|Fake Out|p1a: Zapdos
|-damage|p1a: Zapdos|306\/384
|
|-heal|p1a: Zapdos|330\/384|[from] item: Leftovers
|turn|8
|
|move|p2a: Medicham|Zen Headbutt|p1a: Zapdos
|-damage|p1a: Zapdos|98\/384
|move|p1a: Zapdos|Thunderbolt|p2a: Medicham
|-damage|p2a: Medicham|113\/261
|
|-heal|p1a: Zapdos|122\/384|[from] item: Leftovers
|turn|9
|
|move|p2a: Medicham|High Jump Kick|p1a: Zapdos
|-resisted|p1a: Zapdos
|-damage|p1a: Zapdos|0 fnt
|faint|p1a: Zapdos
|
|
|switch|p1a: Bisharp|Bisharp, F|271\/271
|turn|10
|
|switch|p2a: Bisharp|Bisharp, M|329\/329
|move|p1a: Bisharp|Knock Off|p2a: Bisharp
|-resisted|p2a: Bisharp
|-damage|p2a: Bisharp|232\/329
|-enditem|p2a: Bisharp|Leftovers|[from] move: Knock Off|[of] p1a: Bisharp
|
|turn|11
|
|switch|p1a: Conkeldurr|Conkeldurr, M|265\/386
|move|p2a: Bisharp|Knock Off|p1a: Conkeldurr
|-resisted|p1a: Conkeldurr
|-damage|p1a: Conkeldurr|175\/386
|-enditem|p1a: Conkeldurr|Assault Vest|[from] move: Knock Off|[of] p2a: Bisharp
|
|turn|12
|
|switch|p2a: Sylveon|Sylveon, F|345\/393
|move|p1a: Conkeldurr|Drain Punch|p2a: Sylveon
|-resisted|p2a: Sylveon
|-damage|p2a: Sylveon|261\/393
|-heal|p1a: Conkeldurr|217\/386|[from] drain|[of] p2a: Sylveon
|
|-heal|p2a: Sylveon|285\/393|[from] item: Leftovers
|turn|13
|
|switch|p2a: Medicham|Medicham-Mega, M|113\/261
|switch|p1a: Venusaur|Venusaur, M|364\/364
|
|turn|14
|
|switch|p1a: Noivern|Noivern, M|210\/311
|-item|p2a: Medicham|Medichamite|[from] ability: Frisk|[of] p1a: Noivern|[identify]
|move|p2a: Medicham|High Jump Kick|p1a: Noivern
|-resisted|p1a: Noivern
|-damage|p1a: Noivern|0 fnt
|faint|p1a: Noivern
|
|
|switch|p1a: Mamoswine|Mamoswine, F|361\/361
|turn|15
|
|switch|p2a: Manaphy|Manaphy|353\/353
|move|p1a: Mamoswine|Ice Shard|p2a: Manaphy
|-resisted|p2a: Manaphy
|-damage|p2a: Manaphy|305\/353
|
|-heal|p2a: Manaphy|327\/353|[from] item: Leftovers
|turn|16
|
|move|p2a: Manaphy|Tail Glow|p2a: Manaphy
|-boost|p2a: Manaphy|spa|3
|move|p1a: Mamoswine|Earthquake|p2a: Manaphy
|-damage|p2a: Manaphy|129\/353
|
|-heal|p2a: Manaphy|151\/353|[from] item: Leftovers
|turn|17
|c|★RSMessiii|shit probably sash
|
|switch|p1a: Venusaur|Venusaur, M|364\/364
|move|p2a: Manaphy|Scald|p1a: Venusaur
|-crit|p1a: Venusaur
|-resisted|p1a: Venusaur
|-damage|p1a: Venusaur|166\/364
|
|-heal|p2a: Manaphy|173\/353|[from] item: Leftovers
|turn|18
|
|detailschange|p1a: Venusaur|Venusaur-Mega, M
|message|Venusaur has Mega Evolved into Mega Venusaur!
|move|p2a: Manaphy|Psychic|p1a: Venusaur
|-supereffective|p1a: Venusaur
|-damage|p1a: Venusaur|0 fnt
|faint|p1a: Venusaur
|
|-heal|p2a: Manaphy|195\/353|[from] item: Leftovers
|c|★HottyRobo|yeah gg
|c|★RSMessiii|gg
|
|switch|p1a: Bisharp|Bisharp, F|271\/271
|turn|19
|
|move|p1a: Bisharp|Sucker Punch|p2a: Manaphy
|-damage|p2a: Manaphy|44\/353
|move|p2a: Manaphy|Scald|p1a: Bisharp
|-enditem|p1a: Bisharp|Focus Sash
|-damage|p1a: Bisharp|1\/271
|-status|p1a: Bisharp|brn
|
|-heal|p2a: Manaphy|66\/353|[from] item: Leftovers
|-damage|p1a: Bisharp|0 fnt|[from] brn
|faint|p1a: Bisharp
|c|★RSMessiii|meh
|
|switch|p1a: Conkeldurr|Conkeldurr, M|217\/386
|turn|20
|c|★RSMessiii|sorry fr tht
|
|move|p1a: Conkeldurr|Mach Punch|p2a: Manaphy
|-crit|p2a: Manaphy
|-damage|p2a: Manaphy|0 fnt
|faint|p2a: Manaphy
|
|c|★HottyRobo|it doesn't matter
|
|switch|p2a: Sylveon|Sylveon, F|285\/393
|turn|21
|
|move|p2a: Sylveon|Hyper Voice|p1a: Conkeldurr
|-supereffective|p1a: Conkeldurr
|-damage|p1a: Conkeldurr|0 fnt
|faint|p1a: Conkeldurr
|
|-heal|p2a: Sylveon|309\/393|[from] item: Leftovers
|
|switch|p1a: Mamoswine|Mamoswine, F|361\/361
|turn|22
|
|move|p1a: Mamoswine|Earthquake|p2a: Sylveon
|-damage|p2a: Sylveon|116\/393
|move|p2a: Sylveon|Hyper Voice|p1a: Mamoswine
|-damage|p1a: Mamoswine|132\/361
|
|-heal|p2a: Sylveon|140\/393|[from] item: Leftovers
|turn|23
|
|switch|p2a: Landorus-Therian|Landorus-Therian, M|160\/381
|-ability|p2a: Landorus-Therian|Intimidate|[of] p1a: Mamoswine
|-unboost|p1a: Mamoswine|atk|1
|move|p1a: Mamoswine|Icicle Spear|p2a: Landorus-Therian
|-supereffective|p2a: Landorus-Therian
|-damage|p2a: Landorus-Therian|40\/381
|-supereffective|p2a: Landorus-Therian
|-damage|p2a: Landorus-Therian|0 fnt
|-hitcount|p2a: Landorus-Therian|2
|faint|p2a: Landorus-Therian
|
|
|switch|p2a: Medicham|Medicham-Mega, M|113\/261
|turn|24
|
|move|p2a: Medicham|Bullet Punch|p1a: Mamoswine
|-supereffective|p1a: Mamoswine
|-damage|p1a: Mamoswine|0 fnt
|faint|p1a: Mamoswine
|
|win|RSMessiii