|join|RSMessiii
|join|Catholick My Balls
|player|p1|RSMessiii|169
|player|p2|Catholick My Balls|265
|gametype|singles
|gen|6
|tier|OU
|rated
|clearpoke
|poke|p1|Gliscor, M
|poke|p1|Clefable, M
|poke|p1|Chansey, F
|poke|p1|Slowbro, F
|poke|p1|Skarmory, M
|poke|p1|Celebi
|poke|p2|Mamoswine, F
|poke|p2|Landorus, M
|poke|p2|Greninja, F
|poke|p2|Ferrothorn, F
|poke|p2|Mandibuzz, F
|poke|p2|Beedrill, M
|rule|Swagger Clause: Swagger is banned
|rule|Baton Pass Clause: Limit one Pokémon knowing Baton Pass
|rule|Sleep Clause Mod: Limit one foe put to sleep
|rule|Species Clause: Limit one of each Pokémon
|rule|OHKO Clause: OHKO moves are banned
|rule|Moody Clause: Moody is banned
|rule|Evasion Moves Clause: Evasion moves are banned
|rule|Endless Battle Clause: Forcing endless battles is banned
|rule|HP Percentage Mod: HP is shown in percentages
|teampreview
|
|start
|switch|p1a: Missandei|Chansey, F|703\/703
|switch|p2a: Beedrill|Beedrill, M|272\/272
|turn|1
|
|detailschange|p2a: Beedrill|Beedrill-Mega, M
|message|Beedrill has Mega Evolved into Mega Beedrill!
|move|p2a: Beedrill|U-turn|p1a: Missandei
|-damage|p1a: Missandei|425\/703
|
|switch|p2a: Mamoswine|Mamoswine, F|377\/377
|move|p1a: Missandei|Stealth Rock|p2a: Mamoswine
|-sidestart|p2: Catholick My Balls|move: Stealth Rock
|
|turn|2
|join|Vainy Wang
|
|switch|p2a: Greninja|Greninja, F|285\/285
|-damage|p2a: Greninja|250\/285|[from] Stealth Rock
|switch|p1a: Jorah Mormont|Skarmory, M|333\/333
|
|turn|3
|leave|Vainy Wang
|
|move|p2a: Greninja|Gunk Shot|p1a: Jorah Mormont
|-start|p2a: Greninja|typechange|Poison|[from] Protean
|-immune|p1a: Jorah Mormont|[msg]
|move|p1a: Jorah Mormont|Whirlwind|p2a: Greninja
|drag|p2a: Ferrothorn|Ferrothorn, F|352\/352
|-damage|p2a: Ferrothorn|330\/352|[from] Stealth Rock
|
|turn|4
|
|move|p1a: Jorah Mormont|Spikes|p2a: Ferrothorn
|-sidestart|p2: Catholick My Balls|Spikes
|move|p2a: Ferrothorn|Leech Seed|p1a: Jorah Mormont
|-start|p1a: Jorah Mormont|move: Leech Seed
|
|-damage|p1a: Jorah Mormont|292\/333|[from] Leech Seed|[of] p2a: Ferrothorn
|-heal|p2a: Ferrothorn|352\/352|[silent]
|turn|5
|
|switch|p1a: Daario Nahaaris|Gliscor, M|353\/353
|switch|p2a: Mandibuzz|Mandibuzz, F|424\/424
|-damage|p2a: Mandibuzz|318\/424|[from] Stealth Rock
|
|-heal|p2a: Mandibuzz|344\/424|[from] item: Leftovers
|-status|p1a: Daario Nahaaris|tox|[from] item: Toxic Orb
|turn|6
|
|move|p1a: Daario Nahaaris|Taunt|p2a: Mandibuzz
|-start|p2a: Mandibuzz|move: Taunt
|cant|p2a: Mandibuzz|move: Taunt|Defog
|
|-heal|p2a: Mandibuzz|370\/424|[from] item: Leftovers
|turn|7
|
|switch|p2a: Mamoswine|Mamoswine, F|377\/377
|-damage|p2a: Mamoswine|330\/377|[from] Stealth Rock
|-damage|p2a: Mamoswine|283\/377|[from] Spikes
|move|p1a: Daario Nahaaris|Knock Off|p2a: Mamoswine
|-damage|p2a: Mamoswine|200\/377
|-enditem|p2a: Mamoswine|Life Orb|[from] move: Knock Off|[of] p1a: Daario Nahaaris
|
|turn|8
|
|switch|p1a: Daenerys Targayren|Clefable, M|393\/393
|move|p2a: Mamoswine|Earthquake|p1a: Daenerys Targayren
|-damage|p1a: Daenerys Targayren|234\/393
|
|-heal|p1a: Daenerys Targayren|258\/393|[from] item: Leftovers
|turn|9
|
|switch|p2a: Mandibuzz|Mandibuzz, F|370\/424
|-damage|p2a: Mandibuzz|264\/424|[from] Stealth Rock
|move|p1a: Daenerys Targayren|Protect|p1a: Daenerys Targayren
|-fail|p1a: Daenerys Targayren
|
|-heal|p2a: Mandibuzz|290\/424|[from] item: Leftovers
|-heal|p1a: Daenerys Targayren|282\/393|[from] item: Leftovers
|turn|10
|
|move|p2a: Mandibuzz|Defog|p1a: Daenerys Targayren
|-unboost|p1a: Daenerys Targayren|evasion|1
|-sideend|p2: Catholick My Balls|Spikes|[from] move: Defog|[of] p2a: Mandibuzz
|-sideend|p2: Catholick My Balls|Stealth Rock|[from] move: Defog|[of] p2a: Mandibuzz
|move|p1a: Daenerys Targayren|Moonblast|p2a: Mandibuzz
|-supereffective|p2a: Mandibuzz
|-damage|p2a: Mandibuzz|134\/424
|-unboost|p2a: Mandibuzz|spa|1
|
|-heal|p2a: Mandibuzz|160\/424|[from] item: Leftovers
|-heal|p1a: Daenerys Targayren|306\/393|[from] item: Leftovers
|turn|11
|
|move|p2a: Mandibuzz|Roost|p2a: Mandibuzz
|-heal|p2a: Mandibuzz|372\/424
|move|p1a: Daenerys Targayren|Moonblast|p2a: Mandibuzz
|-supereffective|p2a: Mandibuzz
|-damage|p2a: Mandibuzz|216\/424
|-unboost|p2a: Mandibuzz|spa|1
|
|-heal|p2a: Mandibuzz|242\/424|[from] item: Leftovers
|-heal|p1a: Daenerys Targayren|330\/393|[from] item: Leftovers
|turn|12
|
|switch|p2a: Landorus|Landorus, M|320\/320
|move|p1a: Daenerys Targayren|Moonblast|p2a: Landorus
|-damage|p2a: Landorus|200\/320
|-unboost|p2a: Landorus|spa|1
|
|-heal|p1a: Daenerys Targayren|354\/393|[from] item: Leftovers
|turn|13
|
|switch|p1a: Daario Nahaaris|Gliscor, M|353\/353 tox
|move|p2a: Landorus|Sludge Wave|p1a: Daario Nahaaris
|-resisted|p1a: Daario Nahaaris
|-damage|p1a: Daario Nahaaris|297\/353 tox
|
|-heal|p1a: Daario Nahaaris|341\/353 tox|[from] ability: Poison Heal
|turn|14
|
|move|p2a: Landorus|Hidden Power|p1a: Daario Nahaaris
|-crit|p1a: Daario Nahaaris
|-supereffective|p1a: Daario Nahaaris
|-damage|p1a: Daario Nahaaris|0 fnt
|-damage|p2a: Landorus|168\/320|[from] item: Life Orb
|faint|p1a: Daario Nahaaris
|
|c|★RSMessiii|-_-
|c|★Catholick My Balls|1 down. 5 BS walls to go
|
|switch|p1a: Missandei|Chansey, F|425\/703
|turn|15
|
|switch|p2a: Ferrothorn|Ferrothorn, F|352\/352
|move|p1a: Missandei|Soft-Boiled|p1a: Missandei
|-heal|p1a: Missandei|703\/703
|
|turn|16
|
|move|p1a: Missandei|Stealth Rock|p2a: Ferrothorn
|-sidestart|p2: Catholick My Balls|move: Stealth Rock
|move|p2a: Ferrothorn|Thunder Wave|p1a: Missandei
|-status|p1a: Missandei|par
|
|turn|17
|
|switch|p1a: Berristan Selmy|Slowbro, F|393\/393
|move|p2a: Ferrothorn|Leech Seed|p1a: Berristan Selmy
|-start|p1a: Berristan Selmy|move: Leech Seed
|
|-damage|p1a: Berristan Selmy|344\/393|[from] Leech Seed|[of] p2a: Ferrothorn
|turn|18
|
|switch|p2a: Mandibuzz|Mandibuzz, F|242\/424
|-damage|p2a: Mandibuzz|136\/424|[from] Stealth Rock
|move|p1a: Berristan Selmy|Calm Mind|p1a: Berristan Selmy
|-boost|p1a: Berristan Selmy|spa|1
|-boost|p1a: Berristan Selmy|spd|1
|
|-heal|p2a: Mandibuzz|162\/424|[from] item: Leftovers
|-damage|p1a: Berristan Selmy|295\/393|[from] Leech Seed|[of] p2a: Mandibuzz
|-heal|p2a: Mandibuzz|211\/424|[silent]
|turn|19
|
|move|p2a: Mandibuzz|Defog|p1a: Berristan Selmy
|-unboost|p1a: Berristan Selmy|evasion|1
|-sideend|p2: Catholick My Balls|Stealth Rock|[from] move: Defog|[of] p2a: Mandibuzz
|move|p1a: Berristan Selmy|Scald|p2a: Mandibuzz
|-damage|p2a: Mandibuzz|114\/424
|
|-heal|p2a: Mandibuzz|140\/424|[from] item: Leftovers
|-damage|p1a: Berristan Selmy|246\/393|[from] Leech Seed|[of] p2a: Mandibuzz
|-heal|p2a: Mandibuzz|189\/424|[silent]
|turn|20
|
|switch|p2a: Beedrill|Beedrill-Mega, M|272\/272
|move|p1a: Berristan Selmy|Scald|p2a: Beedrill
|-crit|p2a: Beedrill
|-damage|p2a: Beedrill|16\/272
|-status|p2a: Beedrill|brn
|
|-damage|p1a: Berristan Selmy|197\/393|[from] Leech Seed|[of] p2a: Beedrill
|-heal|p2a: Beedrill|65\/272 brn|[silent]
|-damage|p2a: Beedrill|31\/272 brn|[from] brn
|turn|21
|c|★Catholick My Balls|fuck that crit burn
|
|switch|p1a: Jorah Mormont|Skarmory, M|292\/333
|move|p2a: Beedrill|U-turn|p1a: Jorah Mormont
|-resisted|p1a: Jorah Mormont
|-damage|p1a: Jorah Mormont|278\/333
|
|switch|p2a: Greninja|Greninja, F|250\/285
|
|turn|22
|
|switch|p1a: Missandei|Chansey, F|703\/703
|move|p2a: Greninja|Ice Beam|p1a: Missandei
|-start|p2a: Greninja|typechange|Ice|[from] Protean
|-damage|p1a: Missandei|602\/703
|-damage|p2a: Greninja|222\/285|[from] item: Life Orb
|
|turn|23
|
|switch|p2a: Ferrothorn|Ferrothorn, F|352\/352
|move|p1a: Missandei|Stealth Rock|p2a: Ferrothorn
|-sidestart|p2: Catholick My Balls|move: Stealth Rock
|
|turn|24
|
|switch|p1a: Berristan Selmy|Slowbro, F|328\/393
|move|p2a: Ferrothorn|Leech Seed|p1a: Berristan Selmy
|-start|p1a: Berristan Selmy|move: Leech Seed
|
|-damage|p1a: Berristan Selmy|279\/393|[from] Leech Seed|[of] p2a: Ferrothorn
|turn|25
|
|move|p1a: Berristan Selmy|Fire Blast|p2a: Ferrothorn|[miss]
|-miss|p1a: Berristan Selmy|p2a: Ferrothorn
|move|p2a: Ferrothorn|Thunder Wave|p1a: Berristan Selmy
|-status|p1a: Berristan Selmy|par
|
|-damage|p1a: Berristan Selmy|230\/393 par|[from] Leech Seed|[of] p2a: Ferrothorn
|turn|26
|
|switch|p2a: Greninja|Greninja, F|222\/285
|-damage|p2a: Greninja|187\/285|[from] Stealth Rock
|switch|p1a: Jorah Mormont|Skarmory, M|278\/333
|
|turn|27
|
|switch|p1a: Missandei|Chansey, F|602\/703
|move|p2a: Greninja|Gunk Shot|p1a: Missandei
|-start|p2a: Greninja|typechange|Poison|[from] Protean
|-damage|p1a: Missandei|337\/703
|-status|p1a: Missandei|psn
|-damage|p2a: Greninja|159\/285|[from] item: Life Orb
|
|-damage|p1a: Missandei|250\/703 psn|[from] psn
|turn|28
|c|★RSMessiii|....
|c|★Catholick My Balls|YOURE RUNNING STALL
|c|★Catholick My Balls|like the bitchiest stall of all time
|c|★Catholick My Balls|HOW IS THIS FUN
|c|★RSMessiii|are u mentally affected or sth?
|
|move|p2a: Greninja|Gunk Shot|p1a: Missandei|[miss]
|-miss|p2a: Greninja|p1a: Missandei
|move|p1a: Missandei|Soft-Boiled|p1a: Missandei
|-heal|p1a: Missandei|602\/703 psn
|
|-damage|p1a: Missandei|515\/703 psn|[from] psn
|turn|29
|
|switch|p2a: Beedrill|Beedrill-Mega, M|31\/272 brn
|-damage|p2a: Beedrill|0 fnt|[from] Stealth Rock
|faint|p2a: Beedrill
|move|p1a: Missandei|Soft-Boiled|p1a: Missandei
|-heal|p1a: Missandei|703\/703 psn
|
|-damage|p1a: Missandei|616\/703 psn|[from] psn
|c|★RSMessiii|i might as well ask how balanced u turn shenanigans is fun
|
|switch|p2a: Mamoswine|Mamoswine, F|200\/377
|-damage|p2a: Mamoswine|153\/377|[from] Stealth Rock
|turn|30
|
|switch|p1a: Jorah Mormont|Skarmory, M|278\/333
|move|p2a: Mamoswine|Icicle Spear|p1a: Jorah Mormont
|-damage|p1a: Jorah Mormont|250\/333
|-damage|p1a: Jorah Mormont|223\/333
|-damage|p1a: Jorah Mormont|193\/333
|-hitcount|p1a: Jorah Mormont|3
|
|turn|31
|c|★Catholick My Balls|You just roost and jerk off all match...it takes forever
|
|switch|p2a: Greninja|Greninja, F|159\/285
|-damage|p2a: Greninja|124\/285|[from] Stealth Rock
|move|p1a: Jorah Mormont|Roost|p1a: Jorah Mormont
|-heal|p1a: Jorah Mormont|333\/333
|
|turn|32
|c|★RSMessiii|its nowhere written that a match is supposed to be short
|
|switch|p1a: Missandei|Chansey, F|616\/703
|move|p2a: Greninja|Hidden Power|p1a: Missandei
|-start|p2a: Greninja|typechange|Fire|[from] Protean
|-damage|p1a: Missandei|545\/703
|-damage|p2a: Greninja|96\/285|[from] item: Life Orb
|
|turn|33
|c|★Catholick My Balls|This is so boring...this is a game
|
|switch|p2a: Mandibuzz|Mandibuzz, F|189\/424
|-damage|p2a: Mandibuzz|83\/424|[from] Stealth Rock
|move|p1a: Missandei|Soft-Boiled|p1a: Missandei
|-heal|p1a: Missandei|703\/703
|
|-heal|p2a: Mandibuzz|109\/424|[from] item: Leftovers
|turn|34
|
|move|p2a: Mandibuzz|Roost|p2a: Mandibuzz
|-heal|p2a: Mandibuzz|321\/424
|move|p1a: Missandei|Toxic|p2a: Mandibuzz
|-status|p2a: Mandibuzz|tox
|
|-heal|p2a: Mandibuzz|347\/424 tox|[from] item: Leftovers
|-damage|p2a: Mandibuzz|321\/424 tox|[from] psn
|turn|35
|c|★RSMessiii|so? games are not defned as short
|
|move|p2a: Mandibuzz|Defog|p1a: Missandei
|-unboost|p1a: Missandei|evasion|1
|-sideend|p2: Catholick My Balls|Stealth Rock|[from] move: Defog|[of] p2a: Mandibuzz
|move|p1a: Missandei|Seismic Toss|p2a: Mandibuzz
|-damage|p2a: Mandibuzz|221\/424 tox
|
|-heal|p2a: Mandibuzz|247\/424 tox|[from] item: Leftovers
|-damage|p2a: Mandibuzz|195\/424 tox|[from] psn
|turn|36
|c|★Catholick My Balls|I'm saying its boring as shit and you're a faggo t
|
|switch|p2a: Mamoswine|Mamoswine, F|153\/377
|move|p1a: Missandei|Stealth Rock|p2a: Mamoswine
|-sidestart|p2: Catholick My Balls|move: Stealth Rock
|
|turn|37
|c|★RSMessiii|how do u come up with this assumtpion?
|c|★RSMessiii|and its a free game, if its fun to me, ill play the way i want to
|
|switch|p1a: Jorah Mormont|Skarmory, M|333\/333
|move|p2a: Mamoswine|Icicle Spear|p1a: Jorah Mormont
|-damage|p1a: Jorah Mormont|305\/333
|-damage|p1a: Jorah Mormont|280\/333
|-hitcount|p1a: Jorah Mormont|2
|
|turn|38
|
|switch|p2a: Ferrothorn|Ferrothorn, F|352\/352
|-damage|p2a: Ferrothorn|330\/352|[from] Stealth Rock
|move|p1a: Jorah Mormont|Spikes|p2a: Ferrothorn
|-sidestart|p2: Catholick My Balls|Spikes
|
|turn|39
|
|switch|p1a: Arianne Martell|Celebi|404\/404
|move|p2a: Ferrothorn|Thunder Wave|p1a: Arianne Martell
|-status|p1a: Arianne Martell|par
|
|turn|40
|
|switch|p1a: Jorah Mormont|Skarmory, M|280\/333
|move|p2a: Ferrothorn|Stealth Rock|p1a: Jorah Mormont
|-sidestart|p1: RSMessiii|move: Stealth Rock
|
|turn|41
|
|move|p1a: Jorah Mormont|Spikes|p2a: Ferrothorn
|-sidestart|p2: Catholick My Balls|Spikes
|move|p2a: Ferrothorn|Leech Seed|p1a: Jorah Mormont
|-start|p1a: Jorah Mormont|move: Leech Seed
|
|-damage|p1a: Jorah Mormont|239\/333|[from] Leech Seed|[of] p2a: Ferrothorn
|-heal|p2a: Ferrothorn|352\/352|[silent]
|turn|42
|
|switch|p1a: Arianne Martell|Celebi|404\/404
|-damage|p1a: Arianne Martell|354\/404|[from] Stealth Rock
|switch|p2a: Mandibuzz|Mandibuzz, F|195\/424 tox
|-damage|p2a: Mandibuzz|89\/424 tox|[from] Stealth Rock
|
|-heal|p1a: Arianne Martell|379\/404|[from] item: Leftovers
|-heal|p2a: Mandibuzz|115\/424 tox|[from] item: Leftovers
|-damage|p2a: Mandibuzz|89\/424 tox|[from] psn
|turn|43
|
|move|p1a: Arianne Martell|Giga Drain|p2a: Mandibuzz
|-resisted|p2a: Mandibuzz
|-damage|p2a: Mandibuzz|56\/424 tox
|-heal|p1a: Arianne Martell|396\/404|[from] drain|[of] p2a: Mandibuzz
|move|p2a: Mandibuzz|Defog|p1a: Arianne Martell
|-unboost|p1a: Arianne Martell|evasion|1
|-sideend|p1: RSMessiii|Stealth Rock|[from] move: Defog|[of] p1a: Arianne Martell
|-sideend|p2: Catholick My Balls|Spikes|[from] move: Defog|[of] p2a: Mandibuzz
|-sideend|p2: Catholick My Balls|Stealth Rock|[from] move: Defog|[of] p2a: Mandibuzz
|
|-heal|p1a: Arianne Martell|404\/404|[from] item: Leftovers
|-heal|p2a: Mandibuzz|82\/424 tox|[from] item: Leftovers
|-damage|p2a: Mandibuzz|30\/424 tox|[from] psn
|turn|44
|
|move|p1a: Arianne Martell|Giga Drain|p2a: Mandibuzz
|-resisted|p2a: Mandibuzz
|-damage|p2a: Mandibuzz|0 fnt
|faint|p2a: Mandibuzz
|
|
|switch|p2a: Landorus|Landorus, M|168\/320
|turn|45
|
|switch|p1a: Missandei|Chansey, F|703\/703
|move|p2a: Landorus|Sludge Wave|p1a: Missandei
|-damage|p1a: Missandei|582\/703
|
|turn|46
|
|switch|p2a: Ferrothorn|Ferrothorn, F|352\/352
|move|p1a: Missandei|Stealth Rock|p2a: Ferrothorn
|-sidestart|p2: Catholick My Balls|move: Stealth Rock
|
|turn|47
|-message|Catholick My Balls forfeited.
|
|win|RSMessiii
|raw|Ladder updating...
|leave|Catholick My Balls
|player|p2
|raw|RSMessiii's rating: 1803 &rarr; <strong>1815<\/strong><br \/>(+12 for winning)
|raw|Catholick My Balls's rating: 1646 &rarr; <strong>1634<\/strong><br \/>(-12 for losing)