|join|Wizard from Aus
|join|TARJA TURUNEN
|player|p1|Wizard from Aus|109
|player|p2|TARJA TURUNEN|260
|gametype|singles
|gen|6
|tier|OU
|rated
|clearpoke
|poke|p1|Azelf
|poke|p1|Bisharp, F
|poke|p1|Azumarill, F
|poke|p1|Talonflame, F
|poke|p1|Medicham, F
|poke|p1|Zygarde
|poke|p2|Bisharp, F
|poke|p2|Breloom, F
|poke|p2|Dragonite, M
|poke|p2|Charizard, F
|poke|p2|Terrakion
|poke|p2|Greninja, F
|rule|Swagger Clause: Swagger is banned
|rule|Baton Pass Clause: Limit one Pokémon knowing Baton Pass
|rule|Sleep Clause Mod: Limit one foe put to sleep
|rule|Species Clause: Limit one of each Pokémon
|rule|OHKO Clause: OHKO moves are banned
|rule|Moody Clause: Moody is banned
|rule|Evasion Moves Clause: Evasion moves are banned
|rule|Endless Battle Clause: Forcing endless battles is banned
|rule|HP Percentage Mod: HP is shown in percentages
|teampreview
|
|start
|switch|p1a: Azelf|Azelf|291\/291
|switch|p2a: Breloom|Breloom, F|262\/262
|turn|1
|
|move|p1a: Azelf|Stealth Rock|p2a: Breloom
|-sidestart|p2: TARJA TURUNEN|move: Stealth Rock
|move|p2a: Breloom|Bullet Seed|p1a: Azelf
|-damage|p1a: Azelf|195\/291
|-damage|p1a: Azelf|107\/291
|-hitcount|p1a: Azelf|2
|
|turn|2
|
|move|p1a: Azelf|Explosion|p2a: Breloom
|-crit|p2a: Breloom
|-enditem|p2a: Breloom|Focus Sash
|-damage|p2a: Breloom|1\/262
|faint|p1a: Azelf
|move|p2a: Breloom|Bullet Seed|p1: Azelf|[notarget]
|-notarget
|
|
|switch|p1a: Talonflame|Talonflame, F|319\/319
|turn|3
|
|move|p1a: Talonflame|Brave Bird|p2a: Breloom
|-supereffective|p2a: Breloom
|-damage|p2a: Breloom|0 fnt
|-damage|p1a: Talonflame|318\/319|[from] recoil|[of] p2a: Breloom
|faint|p2a: Breloom
|
|
|switch|p2a: Terrakion|Terrakion|323\/323
|-damage|p2a: Terrakion|303\/323|[from] Stealth Rock
|turn|4
|
|move|p1a: Talonflame|Swords Dance|p1a: Talonflame
|-boost|p1a: Talonflame|atk|2
|move|p2a: Terrakion|Stone Edge|p1a: Talonflame
|-supereffective|p1a: Talonflame
|-damage|p1a: Talonflame|0 fnt
|faint|p1a: Talonflame
|
|
|switch|p1a: Azumarill|Azumarill, F|364\/364
|turn|5
|
|move|p1a: Azumarill|Aqua Jet|p2a: Terrakion
|-supereffective|p2a: Terrakion
|-damage|p2a: Terrakion|111\/323
|move|p2a: Terrakion|Stealth Rock|p1a: Azumarill
|-sidestart|p1: Wizard from Aus|move: Stealth Rock
|
|turn|6
|
|move|p1a: Azumarill|Aqua Jet|p2a: Terrakion
|-supereffective|p2a: Terrakion
|-damage|p2a: Terrakion|0 fnt
|faint|p2a: Terrakion
|
|
|switch|p2a: Charizard|Charizard, F|333\/333
|-damage|p2a: Charizard|167\/333|[from] Stealth Rock
|turn|7
|
|detailschange|p2a: Charizard|Charizard-Mega-X, F
|message|Charizard has Mega Evolved into Mega Charizard!
|move|p2a: Charizard|Roost|p2a: Charizard
|-heal|p2a: Charizard|333\/333
|move|p1a: Azumarill|Play Rough|p2a: Charizard
|-damage|p2a: Charizard|159\/333
|
|turn|8
|
|move|p2a: Charizard|Fire Punch|p1a: Azumarill
|-resisted|p1a: Azumarill
|-damage|p1a: Azumarill|237\/364
|move|p1a: Azumarill|Belly Drum|p1a: Azumarill
|-damage|p1a: Azumarill|55\/364
|-setboost|p1a: Azumarill|atk|6|[from] move: Belly Drum
|-enditem|p1a: Azumarill|Sitrus Berry|[eat]
|-heal|p1a: Azumarill|146\/364|[from] item: Sitrus Berry
|
|turn|9
|
|move|p1a: Azumarill|Aqua Jet|p2a: Charizard
|-damage|p2a: Charizard|0 fnt
|faint|p2a: Charizard
|
|
|switch|p2a: Greninja|Greninja, F|285\/285
|-damage|p2a: Greninja|250\/285|[from] Stealth Rock
|turn|10
|
|move|p1a: Azumarill|Aqua Jet|p2a: Greninja
|-resisted|p2a: Greninja
|-damage|p2a: Greninja|0 fnt
|faint|p2a: Greninja
|
|
|switch|p2a: Dragonite|Dragonite, M|323\/323
|-damage|p2a: Dragonite|243\/323|[from] Stealth Rock
|turn|11
|
|move|p2a: Dragonite|Extreme Speed|p1a: Azumarill
|-damage|p1a: Azumarill|0 fnt
|faint|p1a: Azumarill
|
|
|switch|p1a: Medicham|Medicham, F|261\/261
|-damage|p1a: Medicham|245\/261|[from] Stealth Rock
|turn|12
|
|switch|p2a: Bisharp|Bisharp, F|271\/271
|-damage|p2a: Bisharp|255\/271|[from] Stealth Rock
|detailschange|p1a: Medicham|Medicham-Mega, F
|message|Medicham has Mega Evolved into Mega Medicham!
|move|p1a: Medicham|Fake Out|p2a: Bisharp
|-resisted|p2a: Bisharp
|-damage|p2a: Bisharp|214\/271
|
|turn|13
|
|move|p2a: Bisharp|Sucker Punch|p1a: Medicham
|-damage|p1a: Medicham|83\/261
|move|p1a: Medicham|High Jump Kick|p2a: Bisharp|[miss]
|-miss|p1a: Medicham|p2a: Bisharp
|-damage|p1a: Medicham|0 fnt|[from] highjumpkick
|faint|p1a: Medicham
|
|
|switch|p1a: Zygarde|Zygarde|407\/407
|-damage|p1a: Zygarde|382\/407|[from] Stealth Rock
|-ability|p1a: Zygarde|Aura Break
|turn|14
|
|move|p2a: Bisharp|Knock Off|p1a: Zygarde
|-damage|p1a: Zygarde|238\/407
|-enditem|p1a: Zygarde|Leftovers|[from] move: Knock Off|[of] p2a: Bisharp
|move|p1a: Zygarde|Coil|p1a: Zygarde
|-boost|p1a: Zygarde|atk|1
|-boost|p1a: Zygarde|def|1
|-boost|p1a: Zygarde|accuracy|1
|
|turn|15
|
|move|p2a: Bisharp|Sucker Punch|p1a: Zygarde
|-fail|p1a: Zygarde
|move|p1a: Zygarde|Coil|p1a: Zygarde
|-boost|p1a: Zygarde|atk|1
|-boost|p1a: Zygarde|def|1
|-boost|p1a: Zygarde|accuracy|1
|
|turn|16
|
|move|p2a: Bisharp|Iron Head|p1a: Zygarde
|-damage|p1a: Zygarde|175\/407
|cant|p1a: Zygarde|flinch
|
|turn|17
|
|move|p2a: Bisharp|Iron Head|p1a: Zygarde
|-damage|p1a: Zygarde|111\/407
|cant|p1a: Zygarde|flinch
|
|turn|18
|
|move|p2a: Bisharp|Iron Head|p1a: Zygarde
|-damage|p1a: Zygarde|51\/407
|move|p1a: Zygarde|Dragon Tail|p2a: Bisharp
|-resisted|p2a: Bisharp
|-damage|p2a: Bisharp|139\/271
|drag|p2a: Dragonite|Dragonite, M|243\/323
|-damage|p2a: Dragonite|163\/323|[from] Stealth Rock
|
|turn|19
|
|move|p1a: Zygarde|Extreme Speed|p2a: Dragonite
|-damage|p2a: Dragonite|28\/323
|move|p2a: Dragonite|Dragon Claw|p1a: Zygarde
|-supereffective|p1a: Zygarde
|-damage|p1a: Zygarde|0 fnt
|faint|p1a: Zygarde
|
|
|switch|p1a: Bisharp|Bisharp, F|272\/272
|-damage|p1a: Bisharp|255\/272|[from] Stealth Rock
|turn|20
|
|move|p1a: Bisharp|Sucker Punch|p2a: Dragonite
|-damage|p2a: Dragonite|0 fnt
|-damage|p1a: Bisharp|228\/272|[from] item: Life Orb
|faint|p2a: Dragonite
|
|
|switch|p2a: Bisharp|Bisharp, F|139\/271
|-damage|p2a: Bisharp|123\/271|[from] Stealth Rock
|turn|21
|
|move|p2a: Bisharp|Sucker Punch|p1a: Bisharp
|-resisted|p1a: Bisharp
|-damage|p1a: Bisharp|159\/272
|move|p1a: Bisharp|Knock Off|p2a: Bisharp
|-resisted|p2a: Bisharp
|-damage|p2a: Bisharp|0 fnt
|-enditem|p2a: Bisharp|Focus Sash|[from] move: Knock Off|[of] p1a: Bisharp
|-damage|p1a: Bisharp|132\/272|[from] item: Life Orb
|faint|p2a: Bisharp
|
|win|Wizard from Aus
|raw|Ladder updating...
|raw|Wizard from Aus's rating: 1709 &rarr; <strong>1729<\/strong><br \/>(+20 for winning)
|raw|TARJA TURUNEN's rating: 1720 &rarr; <strong>1699<\/strong><br \/>(-21 for losing)
|leave|TARJA TURUNEN
|player|p2