|join|Adri989898
|join|SoFabolous
|player|p1|Adri989898|99
|player|p2|SoFabolous|291
|gametype|singles
|gen|6
|tier|OU
|rated
|clearpoke
|poke|p1|Metagross, shiny
|poke|p1|Keldeo
|poke|p1|Ferrothorn, F
|poke|p1|Rotom-Wash
|poke|p1|Conkeldurr, M
|poke|p1|Zapdos
|poke|p2|Metagross, shiny
|poke|p2|Rotom-Wash
|poke|p2|Heatran, M
|poke|p2|Landorus-Therian, M
|poke|p2|Heracross, M, shiny
|poke|p2|Gengar, F
|rule|Swagger Clause: Swagger is banned
|rule|Baton Pass Clause: Limit one Pokémon knowing Baton Pass
|rule|Sleep Clause Mod: Limit one foe put to sleep
|rule|Species Clause: Limit one of each Pokémon
|rule|OHKO Clause: OHKO moves are banned
|rule|Moody Clause: Moody is banned
|rule|Evasion Moves Clause: Evasion moves are banned
|rule|Endless Battle Clause: Forcing endless battles is banned
|rule|HP Percentage Mod: HP is shown in percentages
|teampreview
|
|start
|switch|p1a: Conkeldurr|Conkeldurr, M|414\/414
|switch|p2a: Heracross|Heracross, M, shiny|308\/308
|turn|1
|
|switch|p1a: Zapdos|Zapdos|383\/383
|-ability|p1a: Zapdos|Pressure
|move|p2a: Heracross|Close Combat|p1a: Zapdos
|-resisted|p1a: Zapdos
|-damage|p1a: Zapdos|248\/383
|-unboost|p2a: Heracross|def|1
|-unboost|p2a: Heracross|spd|1
|
|-heal|p1a: Zapdos|271\/383|[from] item: Leftovers
|turn|2
|
|switch|p2a: Rotom-Wash|Rotom-Wash|303\/303
|move|p1a: Zapdos|Thunderbolt|p2a: Rotom-Wash
|-crit|p2a: Rotom-Wash
|-damage|p2a: Rotom-Wash|116\/303
|
|-heal|p1a: Zapdos|294\/383|[from] item: Leftovers
|-heal|p2a: Rotom-Wash|134\/303|[from] item: Leftovers
|turn|3
|
|move|p1a: Zapdos|Thunderbolt|p2a: Rotom-Wash
|-damage|p2a: Rotom-Wash|1\/303
|move|p2a: Rotom-Wash|Volt Switch|p1a: Zapdos
|-damage|p1a: Zapdos|197\/383
|
|switch|p2a: Heracross|Heracross, M, shiny|308\/308
|
|-heal|p1a: Zapdos|220\/383|[from] item: Leftovers
|turn|4
|
|switch|p1a: Ferrothorn|Ferrothorn, F|352\/352
|move|p2a: Heracross|Stone Edge|p1a: Ferrothorn
|-crit|p1a: Ferrothorn
|-resisted|p1a: Ferrothorn
|-damage|p1a: Ferrothorn|234\/352
|
|-heal|p1a: Ferrothorn|256\/352|[from] item: Leftovers
|turn|5
|
|switch|p2a: Rotom-Wash|Rotom-Wash|1\/303
|move|p1a: Ferrothorn|Stealth Rock|p2a: Rotom-Wash
|-sidestart|p2: SoFabolous|move: Stealth Rock
|
|-heal|p2a: Rotom-Wash|19\/303|[from] item: Leftovers
|-heal|p1a: Ferrothorn|278\/352|[from] item: Leftovers
|turn|6
|
|move|p2a: Rotom-Wash|Will-O-Wisp|p1a: Ferrothorn
|-status|p1a: Ferrothorn|brn
|move|p1a: Ferrothorn|Leech Seed|p2a: Rotom-Wash
|-start|p2a: Rotom-Wash|move: Leech Seed
|
|-heal|p2a: Rotom-Wash|37\/303|[from] item: Leftovers
|-heal|p1a: Ferrothorn|300\/352 brn|[from] item: Leftovers
|-damage|p2a: Rotom-Wash|0 fnt|[from] Leech Seed|[of] p1a: Ferrothorn
|-heal|p1a: Ferrothorn|337\/352 brn|[silent]
|-damage|p1a: Ferrothorn|293\/352 brn|[from] brn
|faint|p2a: Rotom-Wash
|join|Shaarka
|leave|Shaarka
|
|switch|p2a: Heatran|Heatran, M|385\/385
|-damage|p2a: Heatran|337\/385|[from] Stealth Rock
|turn|7
|
|switch|p1a: Keldeo|Keldeo|323\/323
|move|p2a: Heatran|Stealth Rock|p1a: Keldeo
|-sidestart|p1: Adri989898|move: Stealth Rock
|
|-heal|p2a: Heatran|361\/385|[from] item: Leftovers
|turn|8
|
|move|p1a: Keldeo|Hydro Pump|p2a: Heatran
|-supereffective|p2a: Heatran
|-damage|p2a: Heatran|23\/385
|move|p2a: Heatran|Toxic|p1a: Keldeo
|-status|p1a: Keldeo|tox
|
|-heal|p2a: Heatran|47\/385|[from] item: Leftovers
|-damage|p1a: Keldeo|303\/323 tox|[from] psn
|turn|9
|
|switch|p1a: Zapdos|Zapdos|220\/383
|-damage|p1a: Zapdos|125\/383|[from] Stealth Rock
|-ability|p1a: Zapdos|Pressure
|move|p2a: Heatran|Stealth Rock|p1a: Zapdos
|-fail|p1a: Zapdos
|
|-heal|p1a: Zapdos|148\/383|[from] item: Leftovers
|-heal|p2a: Heatran|71\/385|[from] item: Leftovers
|turn|10
|c|★SoFabolous|shit
|c|★SoFabolous|misssssclick
|
|move|p1a: Zapdos|Thunderbolt|p2a: Heatran
|-damage|p2a: Heatran|0 fnt
|faint|p2a: Heatran
|
|-heal|p1a: Zapdos|171\/383|[from] item: Leftovers
|
|switch|p2a: Gengar|Gengar, F|262\/262
|-damage|p2a: Gengar|230\/262|[from] Stealth Rock
|turn|11
|
|switch|p1a: Ferrothorn|Ferrothorn, F|293\/352 brn
|-damage|p1a: Ferrothorn|271\/352 brn|[from] Stealth Rock
|move|p2a: Gengar|Sludge Wave|p1a: Ferrothorn
|-immune|p1a: Ferrothorn|[msg]
|
|-heal|p1a: Ferrothorn|293\/352 brn|[from] item: Leftovers
|-damage|p1a: Ferrothorn|249\/352 brn|[from] brn
|turn|12
|
|move|p2a: Gengar|Focus Blast|p1a: Ferrothorn
|-supereffective|p1a: Ferrothorn
|-damage|p1a: Ferrothorn|0 fnt
|-damage|p2a: Gengar|204\/262|[from] item: Life Orb
|faint|p1a: Ferrothorn
|
|
|switch|p1a: Conkeldurr|Conkeldurr, M|414\/414
|-damage|p1a: Conkeldurr|389\/414|[from] Stealth Rock
|turn|13
|
|move|p2a: Gengar|Sludge Wave|p1a: Conkeldurr
|-damage|p1a: Conkeldurr|181\/414
|-damage|p2a: Gengar|178\/262|[from] item: Life Orb
|move|p1a: Conkeldurr|Knock Off|p2a: Gengar
|-supereffective|p2a: Gengar
|-damage|p2a: Gengar|0 fnt
|-enditem|p2a: Gengar|Life Orb|[from] move: Knock Off|[of] p1a: Conkeldurr
|faint|p2a: Gengar
|
|
|switch|p2a: Heracross|Heracross, M, shiny|308\/308
|-damage|p2a: Heracross|270\/308|[from] Stealth Rock
|turn|14
|
|move|p2a: Heracross|Close Combat|p1a: Conkeldurr
|-damage|p1a: Conkeldurr|0 fnt
|-unboost|p2a: Heracross|def|1
|-unboost|p2a: Heracross|spd|1
|faint|p1a: Conkeldurr
|
|
|switch|p1a: Zapdos|Zapdos|171\/383
|-damage|p1a: Zapdos|76\/383|[from] Stealth Rock
|-ability|p1a: Zapdos|Pressure
|turn|15
|
|move|p2a: Heracross|Close Combat|p1a: Zapdos
|-resisted|p1a: Zapdos
|-damage|p1a: Zapdos|0 fnt
|-unboost|p2a: Heracross|def|1
|-unboost|p2a: Heracross|spd|1
|faint|p1a: Zapdos
|
|
|switch|p1a: Keldeo|Keldeo|303\/323 tox
|-damage|p1a: Keldeo|283\/323 tox|[from] Stealth Rock
|turn|16
|
|switch|p2a: Landorus-Therian|Landorus-Therian, M|325\/325
|-damage|p2a: Landorus-Therian|285\/325|[from] Stealth Rock
|-ability|p2a: Landorus-Therian|Intimidate|[of] p1a: Keldeo
|-unboost|p1a: Keldeo|atk|1
|move|p1a: Keldeo|Hydro Pump|p2a: Landorus-Therian
|-supereffective|p2a: Landorus-Therian
|-damage|p2a: Landorus-Therian|0 fnt
|faint|p2a: Landorus-Therian
|
|-damage|p1a: Keldeo|263\/323 tox|[from] psn
|
|switch|p2a: Metagross|Metagross, shiny|302\/302
|-damage|p2a: Metagross|284\/302|[from] Stealth Rock
|turn|17
|
|detailschange|p2a: Metagross|Metagross-Mega, shiny
|message|Metagross has Mega Evolved into Mega Metagross!
|move|p1a: Keldeo|Hydro Pump|p2a: Metagross
|-damage|p2a: Metagross|103\/302
|move|p2a: Metagross|Zen Headbutt|p1a: Keldeo|[miss]
|-miss|p2a: Metagross|p1a: Keldeo
|
|-damage|p1a: Keldeo|223\/323 tox|[from] psn
|turn|18
|c|★Adri989898|gg
|
|move|p1a: Keldeo|Hydro Pump|p2a: Metagross
|-damage|p2a: Metagross|0 fnt
|faint|p2a: Metagross
|
|-damage|p1a: Keldeo|163\/323 tox|[from] psn
|c|★SoFabolous|gg?
|c|★SoFabolous|when i missed
|
|switch|p2a: Heracross|Heracross, M, shiny|270\/308
|-damage|p2a: Heracross|232\/308|[from] Stealth Rock
|turn|19
|c|★Adri989898|didn't matter
|c|★SoFabolous|yes it did
|c|★Adri989898|I had rotom full defense
|c|★SoFabolous|this is choice band
|c|★Adri989898|so I could burn you
|c|★SoFabolous|guts
|c|★Adri989898|lol^^
|
|move|p1a: Keldeo|Hydro Pump|p2a: Heracross
|-damage|p2a: Heracross|4\/308
|move|p2a: Heracross|Close Combat|p1a: Keldeo
|-damage|p1a: Keldeo|0 fnt
|-unboost|p2a: Heracross|def|1
|-unboost|p2a: Heracross|spd|1
|faint|p1a: Keldeo
|
|c|★SoFabolous|lol
|
|switch|p1a: Metagross|Metagross, shiny|302\/302
|-damage|p1a: Metagross|284\/302|[from] Stealth Rock
|turn|20
|c|★Adri989898|so gg^^
|c|★SoFabolous|and rotom isn't even bulky
|
|detailschange|p1a: Metagross|Metagross-Mega, shiny
|message|Metagross has Mega Evolved into Mega Metagross!
|move|p1a: Metagross|Bullet Punch|p2a: Heracross
|-damage|p2a: Heracross|0 fnt
|faint|p2a: Heracross
|
|win|Adri989898
|raw|Ladder updating...
|c|★SoFabolous|well mattered
|raw|Adri989898's rating: 1533 &rarr; <strong>1556<\/strong><br \/>(+23 for winning)
|raw|SoFabolous's rating: 1596 &rarr; <strong>1573<\/strong><br \/>(-23 for losing)
|c|★SoFabolous|252+ Atk Choice Band Heracross Close Combat vs. 252 HP \/ 212+ Def Rotom-W: 222-262 (73 - 86.1%) -- guaranteed 2HKO after Leftovers recov
|c|★Adri989898|I'm 252 defense
|c|★Adri989898|and you don't kill mega meta
|c|★SoFabolous|252+ Atk Choice Band Heracross Close Combat vs. 252 HP \/ 242+ Def Rotom-W: 217-256 (71.3 - 84.2%) -- guaranteed 2HKO after Leftovers recovery
|c|★SoFabolous|ofc i dont
|c|★SoFabolous|but i had my own mega meta
|c|★Adri989898|so the miss was sad but it didn't matter
|c|★SoFabolous|lol
|c|★Adri989898|'cause mega meta doesn't kill room wash
|c|★Adri989898|rotom*
|c|★SoFabolous|yeah but it would have been a speed tie
|c|★SoFabolous|i kill ur keldeo
|c|★SoFabolous|u go into rotom
|c|★SoFabolous|i switch into hera
|c|★SoFabolous|i cc
|c|★Adri989898|and I use hydro pump
|c|★SoFabolous|u just said u would burn
|c|★Adri989898|and not will-o-wisp
|c|★SoFabolous|well the i could stay in
|c|★Adri989898|I said that just for the exemple
|c|★SoFabolous|would be 50\/50
|c|★SoFabolous|u can't say it didn't matter
|c|★SoFabolous|lol
|c|★SoFabolous|think
|c|★SoFabolous|and u could also miss
|c|★Adri989898|Is your heritors choice scarf?
|c|★SoFabolous|band
|c|★Adri989898|haracross*
|c|★SoFabolous|heracross
|c|★Adri989898|then mega meta outspend him
|c|★SoFabolous|it doesnt
|c|★Adri989898|so I think I would have volt switch
|c|★SoFabolous|because it wash mega yet
|c|★SoFabolous|her across base 85
|c|★Adri989898|Yes,that's true
|c|★SoFabolous|metagross 70
|c|★SoFabolous|mmm
|c|★SoFabolous|gg
|c|★SoFabolous|mattered
|c|★SoFabolous|just want u to know xd
|c|★Adri989898|I'don't think
|c|★Adri989898|but It could
|c|★SoFabolous|50\/50
|c|★Adri989898|Perhaps
|c|★SoFabolous|like every close match
|c|★Adri989898|Then well played