|join|Adri989898
|join|Iceblaze
|player|p1|Adri989898|99
|player|p2|Iceblaze|25
|gametype|singles
|gen|6
|tier|OU
|clearpoke
|poke|p1|Metagross, shiny
|poke|p1|Zapdos
|poke|p1|Manaphy
|poke|p1|Heatran, M
|poke|p1|Ferrothorn, F
|poke|p1|Landorus-Therian, M
|poke|p2|Manectric, M
|poke|p2|Keldeo
|poke|p2|Landorus-Therian, M
|poke|p2|Amoonguss, M
|poke|p2|Latias, F
|poke|p2|Talonflame, M
|rule|Swagger Clause: Swagger is banned
|rule|Baton Pass Clause: Limit one Pokémon knowing Baton Pass
|rule|Sleep Clause Mod: Limit one foe put to sleep
|rule|Species Clause: Limit one of each Pokémon
|rule|OHKO Clause: OHKO moves are banned
|rule|Moody Clause: Moody is banned
|rule|Evasion Moves Clause: Evasion moves are banned
|rule|Endless Battle Clause: Forcing endless battles is banned
|rule|HP Percentage Mod: HP is shown in percentages
|teampreview
|
|start
|switch|p1a: Landorus-Therian|Landorus-Therian, M|320\/320
|switch|p2a: Landorus-Therian|Landorus-Therian, M|382\/382
|-ability|p1a: Landorus-Therian|Intimidate|[of] p2a: Landorus-Therian
|-unboost|p2a: Landorus-Therian|atk|1
|-ability|p2a: Landorus-Therian|Intimidate|[of] p1a: Landorus-Therian
|-unboost|p1a: Landorus-Therian|atk|1
|turn|1
|join|Shinyrio
|
|move|p1a: Landorus-Therian|Knock Off|p2a: Landorus-Therian
|-crit|p2a: Landorus-Therian
|-damage|p2a: Landorus-Therian|246\/382
|-enditem|p2a: Landorus-Therian|Leftovers|[from] move: Knock Off|[of] p1a: Landorus-Therian
|move|p2a: Landorus-Therian|Stealth Rock|p1a: Landorus-Therian
|-sidestart|p1: Adri989898|move: Stealth Rock
|
|turn|2
|c|★Iceblaze|mais cte luck que t'as
|
|switch|p1a: Ferrothorn|Ferrothorn, F|352\/352
|-damage|p1a: Ferrothorn|330\/352|[from] Stealth Rock
|move|p2a: Landorus-Therian|U-turn|p1a: Ferrothorn
|-damage|p1a: Ferrothorn|300\/352
|-damage|p2a: Landorus-Therian|199\/382|[from] ability: Iron Barbs|[of] p1a: Ferrothorn
|join|Lyrk
|
|switch|p2a: Manectric|Manectric, M|281\/281
|
|-heal|p1a: Ferrothorn|322\/352|[from] item: Leftovers
|turn|3
|
|detailschange|p2a: Manectric|Manectric-Mega, M
|-mega|p2a: Manectric|Manectric|Manectite
|-ability|p2a: Manectric|Intimidate|[of] p1a: Ferrothorn
|-unboost|p1a: Ferrothorn|atk|1
|move|p2a: Manectric|Volt Switch|p1a: Ferrothorn
|-resisted|p1a: Ferrothorn
|-damage|p1a: Ferrothorn|268\/352
|
|switch|p2a: Talonflame|Talonflame, M|297\/297
|move|p1a: Ferrothorn|Stealth Rock|p2a: Talonflame
|-sidestart|p2: Iceblaze|move: Stealth Rock
|
|-heal|p1a: Ferrothorn|290\/352|[from] item: Leftovers
|turn|4
|
|move|p1a: Ferrothorn|Protect|p1a: Ferrothorn
|-singleturn|p1a: Ferrothorn|Protect
|move|p2a: Talonflame|U-turn|p1a: Ferrothorn
|-activate|p1a: Ferrothorn|Protect
|
|-heal|p1a: Ferrothorn|312\/352|[from] item: Leftovers
|turn|5
|
|move|p2a: Talonflame|U-turn|p1a: Ferrothorn
|-damage|p1a: Ferrothorn|267\/352
|-damage|p2a: Talonflame|260\/297|[from] ability: Iron Barbs|[of] p1a: Ferrothorn
|
|switch|p2a: Amoonguss|Amoonguss, M|432\/432
|-damage|p2a: Amoonguss|378\/432|[from] Stealth Rock
|move|p1a: Ferrothorn|Leech Seed|p2a: Amoonguss
|-immune|p2a: Amoonguss|[msg]
|
|-heal|p2a: Amoonguss|405\/432|[from] item: Black Sludge
|-heal|p1a: Ferrothorn|289\/352|[from] item: Leftovers
|turn|6
|c|★Iceblaze|je vois
|
|move|p2a: Amoonguss|Giga Drain|p1a: Ferrothorn
|-resisted|p1a: Ferrothorn
|-damage|p1a: Ferrothorn|274\/352
|-heal|p2a: Amoonguss|413\/432|[from] drain|[of] p1a: Ferrothorn
|move|p1a: Ferrothorn|Gyro Ball|p2a: Amoonguss
|-damage|p2a: Amoonguss|352\/432
|
|-heal|p2a: Amoonguss|379\/432|[from] item: Black Sludge
|-heal|p1a: Ferrothorn|296\/352|[from] item: Leftovers
|turn|7
|
|move|p2a: Amoonguss|Spore|p1a: Ferrothorn
|-fail|p1a: Ferrothorn
|move|p1a: Ferrothorn|Gyro Ball|p2a: Amoonguss
|-damage|p2a: Amoonguss|324\/432
|
|-heal|p2a: Amoonguss|351\/432|[from] item: Black Sludge
|-heal|p1a: Ferrothorn|318\/352|[from] item: Leftovers
|turn|8
|c|★Adri989898|ce match va être long...
|c|★Iceblaze|%)
|c|★Iceblaze|on ne se fait rien mutellement
|
|move|p2a: Amoonguss|Giga Drain|p1a: Ferrothorn
|-resisted|p1a: Ferrothorn
|-damage|p1a: Ferrothorn|302\/352
|-heal|p2a: Amoonguss|359\/432|[from] drain|[of] p1a: Ferrothorn
|move|p1a: Ferrothorn|Gyro Ball|p2a: Amoonguss
|-damage|p2a: Amoonguss|299\/432
|
|-heal|p2a: Amoonguss|326\/432|[from] item: Black Sludge
|-heal|p1a: Ferrothorn|324\/352|[from] item: Leftovers
|turn|9
|c|★Adri989898|effectivement
|
|switch|p1a: Heatran|Heatran, M|386\/386
|-damage|p1a: Heatran|338\/386|[from] Stealth Rock
|move|p2a: Amoonguss|Spore|p1a: Heatran
|-status|p1a: Heatran|slp
|
|-heal|p1a: Heatran|362\/386 slp|[from] item: Leftovers
|-heal|p2a: Amoonguss|353\/432|[from] item: Black Sludge
|turn|10
|c|★Iceblaze|mais en attendant je PP stall tes Gyro ball
|
|switch|p1a: Landorus-Therian|Landorus-Therian, M|320\/320
|-damage|p1a: Landorus-Therian|280\/320|[from] Stealth Rock
|-ability|p1a: Landorus-Therian|Intimidate|[of] p2a: Amoonguss
|-unboost|p2a: Amoonguss|atk|1
|switch|p2a: Manectric|Manectric-Mega, M|281\/281
|-damage|p2a: Manectric|246\/281|[from] Stealth Rock
|-ability|p2a: Manectric|Intimidate|[of] p1a: Landorus-Therian
|-unboost|p1a: Landorus-Therian|atk|1
|
|turn|11
|
|switch|p2a: Landorus-Therian|Landorus-Therian, M|199\/382
|-damage|p2a: Landorus-Therian|152\/382|[from] Stealth Rock
|-ability|p2a: Landorus-Therian|Intimidate|[of] p1a: Landorus-Therian
|-unboost|p1a: Landorus-Therian|atk|1
|move|p1a: Landorus-Therian|U-turn|p2a: Landorus-Therian
|-resisted|p2a: Landorus-Therian
|-damage|p2a: Landorus-Therian|135\/382
|
|switch|p1a: Metagross|Metagross, shiny|302\/302
|-damage|p1a: Metagross|284\/302|[from] Stealth Rock
|
|turn|12
|
|detailschange|p1a: Metagross|Metagross-Mega, shiny
|-mega|p1a: Metagross|Metagross|Metagrossite
|move|p1a: Metagross|Meteor Mash|p2a: Landorus-Therian
|-damage|p2a: Landorus-Therian|0 fnt
|faint|p2a: Landorus-Therian
|
|
|switch|p2a: Manectric|Manectric-Mega, M|246\/281
|-damage|p2a: Manectric|211\/281|[from] Stealth Rock
|-ability|p2a: Manectric|Intimidate|[of] p1a: Metagross
|-unboost|p1a: Metagross|atk|1
|turn|13
|
|switch|p1a: Landorus-Therian|Landorus-Therian, M|280\/320
|-damage|p1a: Landorus-Therian|240\/320|[from] Stealth Rock
|-ability|p1a: Landorus-Therian|Intimidate|[of] p2a: Manectric
|-unboost|p2a: Manectric|atk|1
|move|p2a: Manectric|Flamethrower|p1a: Landorus-Therian
|-damage|p1a: Landorus-Therian|112\/320
|-status|p1a: Landorus-Therian|brn
|
|-damage|p1a: Landorus-Therian|72\/320 brn|[from] brn
|turn|14
|c|★Iceblaze|yes
|
|switch|p2a: Amoonguss|Amoonguss, M|432\/432
|-damage|p2a: Amoonguss|378\/432|[from] Stealth Rock
|move|p1a: Landorus-Therian|U-turn|p2a: Amoonguss
|-damage|p2a: Amoonguss|317\/432
|join|Gazaret
|c|★Iceblaze|le burn
|
|switch|p1a: Metagross|Metagross-Mega, shiny|284\/302
|-damage|p1a: Metagross|266\/302|[from] Stealth Rock
|
|-heal|p2a: Amoonguss|344\/432|[from] item: Black Sludge
|turn|15
|
|move|p1a: Metagross|Meteor Mash|p2a: Amoonguss
|-damage|p2a: Amoonguss|22\/432
|move|p2a: Amoonguss|Giga Drain|p1a: Metagross
|-resisted|p1a: Metagross
|-damage|p1a: Metagross|233\/302
|-heal|p2a: Amoonguss|39\/432|[from] drain|[of] p1a: Metagross
|
|-heal|p2a: Amoonguss|66\/432|[from] item: Black Sludge
|turn|16
|c|★Iceblaze|metagross me mets la pression
|
|move|p1a: Metagross|Meteor Mash|p2a: Amoonguss
|-damage|p2a: Amoonguss|0 fnt
|-boost|p1a: Metagross|atk|1
|faint|p2a: Amoonguss
|
|c|★Adri989898|il met la pression à bcp de teams
|
|switch|p2a: Manectric|Manectric-Mega, M|211\/281
|-damage|p2a: Manectric|176\/281|[from] Stealth Rock
|-ability|p2a: Manectric|Intimidate|[of] p1a: Metagross
|-unboost|p1a: Metagross|atk|1
|turn|17
|c|★Iceblaze|tu vas encore win je pense
|join|KJIL
|
|switch|p1a: Landorus-Therian|Landorus-Therian, M|72\/320 brn
|-damage|p1a: Landorus-Therian|32\/320 brn|[from] Stealth Rock
|-ability|p1a: Landorus-Therian|Intimidate|[of] p2a: Manectric
|-unboost|p2a: Manectric|atk|1
|move|p2a: Manectric|Volt Switch|p1a: Landorus-Therian
|-immune|p1a: Landorus-Therian|[msg]
|
|-damage|p1a: Landorus-Therian|0 fnt|[from] brn
|faint|p1a: Landorus-Therian
|c| Gazaret|Metagross, tellement puissant
|c| Gazaret|il mérite son S-Rank
|c| KJIL|Au pire joue Gaulet avec Foul Play
|c|★Iceblaze|ce suicide
|c| Gazaret|(Lopunny aussi d'ailleurs)
|c| KJIL|ça évite qu'il switch dessus :v
|
|switch|p1a: Heatran|Heatran, M|362\/386 slp
|-damage|p1a: Heatran|314\/386 slp|[from] Stealth Rock
|turn|18
|
|move|p2a: Manectric|Volt Switch|p1a: Heatran
|-damage|p1a: Heatran|227\/386 slp
|
|switch|p2a: Keldeo|Keldeo|323\/323
|-damage|p2a: Keldeo|303\/323|[from] Stealth Rock
|cant|p1a: Heatran|slp
|
|-heal|p1a: Heatran|251\/386 slp|[from] item: Leftovers
|turn|19
|c|★Iceblaze|cancel flute
|
|switch|p1a: Ferrothorn|Ferrothorn, F|324\/352
|-damage|p1a: Ferrothorn|302\/352|[from] Stealth Rock
|move|p2a: Keldeo|Scald|p1a: Ferrothorn
|-resisted|p1a: Ferrothorn
|-damage|p1a: Ferrothorn|212\/352
|
|-heal|p1a: Ferrothorn|234\/352|[from] item: Leftovers
|turn|20
|
|move|p2a: Keldeo|Scald|p1a: Ferrothorn
|-resisted|p1a: Ferrothorn
|-damage|p1a: Ferrothorn|146\/352
|move|p1a: Ferrothorn|Leech Seed|p2a: Keldeo
|-start|p2a: Keldeo|move: Leech Seed
|
|-heal|p1a: Ferrothorn|168\/352|[from] item: Leftovers
|-damage|p2a: Keldeo|263\/323|[from] Leech Seed|[of] p1a: Ferrothorn
|-heal|p1a: Ferrothorn|208\/352|[silent]
|turn|21
|c|★Iceblaze|rah mais ce no scald burn
|c| Shinyrio|Le burn qui ne pasera pas
|
|switch|p2a: Latias|Latias, F|319\/319
|-damage|p2a: Latias|280\/319|[from] Stealth Rock
|move|p1a: Ferrothorn|Leech Seed|p2a: Latias
|-start|p2a: Latias|move: Leech Seed
|
|-heal|p1a: Ferrothorn|230\/352|[from] item: Leftovers
|-damage|p2a: Latias|241\/319|[from] Leech Seed|[of] p1a: Ferrothorn
|-heal|p1a: Ferrothorn|269\/352|[silent]
|turn|22
|c| Gazaret|Je serais pas resté perso, Power Whip trop dangereux
|
|move|p2a: Latias|Defog|p1a: Ferrothorn
|-unboost|p1a: Ferrothorn|evasion|1
|-sideend|p1: Adri989898|Stealth Rock|[from] move: Defog|[of] p1a: Ferrothorn
|-sideend|p2: Iceblaze|Stealth Rock|[from] move: Defog|[of] p2a: Latias
|move|p1a: Ferrothorn|Gyro Ball|p2a: Latias
|-damage|p2a: Latias|64\/319
|
|-heal|p1a: Ferrothorn|291\/352|[from] item: Leftovers
|-damage|p2a: Latias|25\/319|[from] Leech Seed|[of] p1a: Ferrothorn
|-heal|p1a: Ferrothorn|330\/352|[silent]
|turn|23
|c|★Iceblaze|aille
|
|switch|p2a: Talonflame|Talonflame, M|260\/297
|move|p1a: Ferrothorn|Stealth Rock|p2a: Talonflame
|-sidestart|p2: Iceblaze|move: Stealth Rock
|
|-heal|p1a: Ferrothorn|352\/352|[from] item: Leftovers
|turn|24
|
|move|p1a: Ferrothorn|Protect|p1a: Ferrothorn
|-singleturn|p1a: Ferrothorn|Protect
|move|p2a: Talonflame|U-turn|p1a: Ferrothorn
|-activate|p1a: Ferrothorn|Protect
|
|turn|25
|c| Shinyrio|Latias dead
|
|move|p2a: Talonflame|Flare Blitz|p1a: Ferrothorn
|-supereffective|p1a: Ferrothorn
|-damage|p1a: Ferrothorn|0 fnt
|-damage|p2a: Talonflame|223\/297|[from] ability: Iron Barbs|[of] p1a: Ferrothorn
|-damage|p2a: Talonflame|107\/297|[from] recoil|[of] p1a: Ferrothorn
|faint|p1a: Ferrothorn
|
|c|★Iceblaze|ouata
|c|★Adri989898|joli
|
|switch|p1a: Zapdos|Zapdos|384\/384
|-ability|p1a: Zapdos|Pressure
|turn|26
|
|move|p2a: Talonflame|U-turn|p1a: Zapdos
|-resisted|p1a: Zapdos
|-damage|p1a: Zapdos|356\/384
|c| KJIL|sachant que tu peux plus defog, pk ne pas Fire Blitz ? %)
|
|switch|p2a: Manectric|Manectric-Mega, M|176\/281
|-damage|p2a: Manectric|141\/281|[from] Stealth Rock
|-ability|p2a: Manectric|Intimidate|[of] p1a: Zapdos
|-unboost|p1a: Zapdos|atk|1
|move|p1a: Zapdos|Roost|p1a: Zapdos
|-heal|p1a: Zapdos|384\/384
|
|turn|27
|c| Shinyrio|Talon dead du coup
|c|★Iceblaze|ah merde
|c|★Iceblaze|je suis con %)
|
|move|p2a: Manectric|Thunderbolt|p1a: Zapdos
|-damage|p1a: Zapdos|200\/384
|move|p1a: Zapdos|Heat Wave|p2a: Manectric
|-damage|p2a: Manectric|37\/281
|
|-heal|p1a: Zapdos|224\/384|[from] item: Leftovers
|turn|28
|
|move|p2a: Manectric|Thunderbolt|p1a: Zapdos
|-damage|p1a: Zapdos|40\/384
|move|p1a: Zapdos|Heat Wave|p2a: Manectric
|-damage|p2a: Manectric|0 fnt
|faint|p2a: Manectric
|
|-heal|p1a: Zapdos|64\/384|[from] item: Leftovers
|c|★Iceblaze|raah
|c|★Iceblaze|gg
|c|★Adri989898|ben,gg^^'
|
|switch|p2a: Keldeo|Keldeo|263\/323
|-damage|p2a: Keldeo|243\/323|[from] Stealth Rock
|turn|29
|
|move|p2a: Keldeo|Scald|p1a: Zapdos
|-damage|p1a: Zapdos|0 fnt
|faint|p1a: Zapdos
|
|c| Shinyrio|Et là, une série de CC
|
|switch|p1a: Metagross|Metagross-Mega, shiny|233\/302
|turn|30
|c|★Adri989898|ça suffirait pas
|
|switch|p2a: Latias|Latias, F|25\/319
|-damage|p2a: Latias|0 fnt|[from] Stealth Rock
|faint|p2a: Latias
|move|p1a: Metagross|Thunder Punch|p2: Latias|[notarget]
|-notarget
|
|c|★Adri989898|je l'outspeed
|c|★Iceblaze|oui
|
|switch|p2a: Keldeo|Keldeo|243\/323
|-damage|p2a: Keldeo|223\/323|[from] Stealth Rock
|turn|31
|c|★Iceblaze|et tu me tues
|c| Gazaret|-> Keldeo Scarf
|
|move|p1a: Metagross|Thunder Punch|p2a: Keldeo
|-supereffective|p2a: Keldeo
|-damage|p2a: Keldeo|0 fnt
|faint|p2a: Keldeo
|
|c|★Iceblaze|il est specs
|c| Gazaret|(au passage, tu joues sans Zen Headbutt?)
|
|switch|p2a: Talonflame|Talonflame, M|107\/297
|-damage|p2a: Talonflame|0 fnt|[from] Stealth Rock
|faint|p2a: Talonflame
|
|win|Adri989898
|c| Gazaret|Oui, je sais
|c|★Adri989898|je l'ai dépassé dans le match précédent
|c|★Iceblaze|gg
|c| Gazaret|c'était plus une suggestion :v
|c| Gazaret|gg
|c|★Iceblaze|faut que je mettes healing wish sur tias
|c|★Adri989898|gg
|leave|Shinyrio
|c|★Adri989898|ça pourrait être pas mal
|c|★Iceblaze|gaza un SSB ?
|c|★Adri989898|bon,je dois y aller, à plus^^