|join|Adri989898
|join|sahsingh
|player|p1|Adri989898|99
|player|p2|sahsingh|1
|gametype|singles
|gen|6
|tier|OU
|rated
|clearpoke
|poke|p1|Metagross, shiny
|poke|p1|Zapdos
|poke|p1|Manaphy
|poke|p1|Conkeldurr, F
|poke|p1|Rotom-Wash
|poke|p1|Landorus-Therian, M
|poke|p2|Gardevoir, M
|poke|p2|Latios, M
|poke|p2|Keldeo
|poke|p2|Ferrothorn, M
|poke|p2|Tyranitar, F
|poke|p2|Excadrill, F
|rule|Swagger Clause: Swagger is banned
|rule|Baton Pass Clause: Limit one Pokémon knowing Baton Pass
|rule|Sleep Clause Mod: Limit one foe put to sleep
|rule|Species Clause: Limit one of each Pokémon
|rule|OHKO Clause: OHKO moves are banned
|rule|Moody Clause: Moody is banned
|rule|Evasion Moves Clause: Evasion moves are banned
|rule|Endless Battle Clause: Forcing endless battles is banned
|rule|HP Percentage Mod: HP is shown in percentages
|teampreview
|
|start
|switch|p1a: Conkeldurr|Conkeldurr, F|413\/413
|switch|p2a: Shiver|Tyranitar, F|403\/403
|-weather|Sandstorm
|turn|1
|
|switch|p2a: Magic|Gardevoir, M|277\/277
|-ability|p2a: Magic|Guts|[from] ability: Trace|[of] p1a: Conkeldurr
|move|p1a: Conkeldurr|Knock Off|p2a: Magic
|-damage|p2a: Magic|158\/277
|
|-weather|Sandstorm|[upkeep]
|-damage|p2a: Magic|141\/277|[from] sandstorm
|-damage|p1a: Conkeldurr|388\/413|[from] sandstorm
|turn|2
|
|switch|p1a: Metagross|Metagross, shiny|302\/302
|detailschange|p2a: Magic|Gardevoir-Mega, M
|-mega|p2a: Magic|Gardevoir|Gardevoirite
|move|p2a: Magic|Hyper Voice|p1a: Metagross
|-resisted|p1a: Metagross
|-damage|p1a: Metagross|150\/302
|
|-weather|Sandstorm|[upkeep]
|-damage|p2a: Magic|124\/277|[from] sandstorm
|turn|3
|
|detailschange|p1a: Metagross|Metagross-Mega, shiny
|-mega|p1a: Metagross|Metagross|Metagrossite
|move|p1a: Metagross|Bullet Punch|p2a: Magic
|-supereffective|p2a: Magic
|-damage|p2a: Magic|0 fnt
|faint|p2a: Magic
|
|-weather|Sandstorm|[upkeep]
|
|switch|p2a: The Scientist|Ferrothorn, M|352\/352
|turn|4
|
|move|p1a: Metagross|Hammer Arm|p2a: The Scientist|[miss]
|-miss|p1a: Metagross|p2a: The Scientist
|move|p2a: The Scientist|Power Whip|p1a: Metagross
|-resisted|p1a: Metagross
|-damage|p1a: Metagross|104\/302
|
|-weather|Sandstorm|[upkeep]
|turn|5
|
|move|p1a: Metagross|Hammer Arm|p2a: The Scientist
|-supereffective|p2a: The Scientist
|-damage|p2a: The Scientist|118\/352
|-damage|p1a: Metagross|67\/302|[from] ability: Iron Barbs|[of] p2a: The Scientist
|-unboost|p1a: Metagross|spe|1
|move|p2a: The Scientist|Leech Seed|p1a: Metagross|[miss]
|-miss|p2a: The Scientist|p1a: Metagross
|
|-weather|Sandstorm|[upkeep]
|-heal|p2a: The Scientist|140\/352|[from] item: Leftovers
|turn|6
|
|move|p2a: The Scientist|Protect|p2a: The Scientist
|-singleturn|p2a: The Scientist|Protect
|move|p1a: Metagross|Hammer Arm|p2a: The Scientist
|-activate|p2a: The Scientist|Protect
|
|-weather|Sandstorm|[upkeep]
|-heal|p2a: The Scientist|162\/352|[from] item: Leftovers
|turn|7
|
|switch|p2a: Crests of Waves|Keldeo|323\/323
|move|p1a: Metagross|Hammer Arm|p2a: Crests of Waves
|-damage|p2a: Crests of Waves|127\/323
|-unboost|p1a: Metagross|spe|1
|
|-weather|Sandstorm|[upkeep]
|-damage|p2a: Crests of Waves|107\/323|[from] sandstorm
|turn|8
|
|switch|p1a: Zapdos|Zapdos|384\/384
|-ability|p1a: Zapdos|Pressure
|move|p2a: Crests of Waves|Secret Sword|p1a: Zapdos
|-resisted|p1a: Zapdos
|-damage|p1a: Zapdos|278\/384
|
|-weather|none
|-heal|p1a: Zapdos|302\/384|[from] item: Leftovers
|turn|9
|
|switch|p2a: Shiver|Tyranitar, F|403\/403
|-weather|Sandstorm
|switch|p1a: Conkeldurr|Conkeldurr, F|388\/413
|
|-weather|Sandstorm|[upkeep]
|-damage|p1a: Conkeldurr|363\/413|[from] sandstorm
|turn|10
|
|move|p2a: Shiver|Stealth Rock|p1a: Conkeldurr
|-sidestart|p1: Adri989898|move: Stealth Rock
|move|p1a: Conkeldurr|Drain Punch|p2a: Shiver
|-supereffective|p2a: Shiver
|-damage|p2a: Shiver|0 fnt
|-heal|p1a: Conkeldurr|413\/413|[from] drain|[of] p2a: Shiver
|faint|p2a: Shiver
|
|-weather|Sandstorm|[upkeep]
|-damage|p1a: Conkeldurr|388\/413|[from] sandstorm
|
|switch|p2a: High Speed|Latios, M|299\/299
|turn|11
|
|switch|p1a: Zapdos|Zapdos|302\/384
|-damage|p1a: Zapdos|206\/384|[from] Stealth Rock
|-ability|p1a: Zapdos|Pressure
|move|p2a: High Speed|Psyshock|p1a: Zapdos
|-damage|p1a: Zapdos|50\/384
|-damage|p2a: High Speed|270\/299|[from] item: Life Orb
|
|-weather|Sandstorm|[upkeep]
|-damage|p2a: High Speed|252\/299|[from] sandstorm
|-damage|p1a: Zapdos|26\/384|[from] sandstorm
|-heal|p1a: Zapdos|50\/384|[from] item: Leftovers
|turn|12
|
|move|p2a: High Speed|Hidden Power|p1a: Zapdos
|-damage|p1a: Zapdos|0 fnt
|-damage|p2a: High Speed|223\/299|[from] item: Life Orb
|faint|p1a: Zapdos
|
|-weather|Sandstorm|[upkeep]
|-damage|p2a: High Speed|205\/299|[from] sandstorm
|
|switch|p1a: Landorus-Therian|Landorus-Therian, M|320\/320
|-damage|p1a: Landorus-Therian|280\/320|[from] Stealth Rock
|-ability|p1a: Landorus-Therian|Intimidate|[of] p2a: High Speed
|-unboost|p2a: High Speed|atk|1
|turn|13
|
|move|p1a: Landorus-Therian|Knock Off|p2a: High Speed
|-supereffective|p2a: High Speed
|-damage|p2a: High Speed|0 fnt
|-enditem|p2a: High Speed|Life Orb|[from] move: Knock Off|[of] p1a: Landorus-Therian
|faint|p2a: High Speed
|
|-weather|Sandstorm|[upkeep]
|
|switch|p2a: Crests of Waves|Keldeo|107\/323
|turn|14
|
|move|p1a: Landorus-Therian|Knock Off|p2a: Crests of Waves
|-resisted|p2a: Crests of Waves
|-damage|p2a: Crests of Waves|43\/323
|-boost|p2a: Crests of Waves|atk|1|[from] ability: Justified
|-enditem|p2a: Crests of Waves|Choice Specs|[from] move: Knock Off|[of] p1a: Landorus-Therian
|move|p2a: Crests of Waves|Secret Sword|p1a: Landorus-Therian
|-resisted|p1a: Landorus-Therian
|-damage|p1a: Landorus-Therian|204\/320
|
|-weather|Sandstorm|[upkeep]
|-damage|p2a: Crests of Waves|23\/323|[from] sandstorm
|turn|15
|-message|sahsingh forfeited.
|
|win|Adri989898
|raw|Ladder updating...
|leave|sahsingh
|player|p2
|raw|Adri989898's rating: 1626 &rarr; <strong>1645<\/strong><br \/>(+19 for winning)
|raw|sahsingh's rating: 1602 &rarr; <strong>1584<\/strong><br \/>(-18 for losing)