|join|king yong ill
|join|IAmEternal
|player|p1|king yong ill|2
|player|p2|IAmEternal|52
|gametype|singles
|gen|6
|tier|UU
|rated
|rule|Sleep Clause Mod: Limit one foe put to sleep
|rule|Species Clause: Limit one of each Pokémon
|rule|OHKO Clause: OHKO moves are banned
|rule|Moody Clause: Moody is banned
|rule|Evasion Moves Clause: Evasion moves are banned
|rule|Endless Battle Clause: Forcing endless battles is banned
|rule|HP Percentage Mod: HP is shown in percentages
|clearpoke
|poke|p1|Serperior, M
|poke|p1|Aerodactyl, M
|poke|p1|Reuniclus, M
|poke|p1|Swampert, F
|poke|p1|Florges, F
|poke|p1|Escavalier, M
|poke|p2|Medicham, M
|poke|p2|Entei, shiny
|poke|p2|Hydreigon, M
|poke|p2|Crobat, M
|poke|p2|Suicune
|poke|p2|Raikou
|rule|Swagger Clause: Swagger is banned
|rule|Baton Pass Clause: Limit one Pokémon knowing Baton Pass
|teampreview
|
|start
|switch|p1a: Swampert|Swampert, F|404\/404
|switch|p2a: Medicham|Medicham, M|261\/261
|turn|1
|
|detailschange|p2a: Medicham|Medicham-Mega, M
|-mega|p2a: Medicham|Medicham|Medichamite
|move|p2a: Medicham|High Jump Kick|p1a: Swampert
|-damage|p1a: Swampert|131\/404
|move|p1a: Swampert|Stealth Rock|p2a: Medicham
|-sidestart|p2: IAmEternal|move: Stealth Rock
|
|-heal|p1a: Swampert|156\/404|[from] item: Leftovers
|turn|2
|
|move|p1a: Swampert|Protect|p1a: Swampert
|-singleturn|p1a: Swampert|Protect
|move|p2a: Medicham|Psycho Cut|p1a: Swampert
|-activate|p1a: Swampert|Protect
|
|-heal|p1a: Swampert|181\/404|[from] item: Leftovers
|turn|3
|
|switch|p1a: Reuniclus|Reuniclus, M|424\/424
|move|p2a: Medicham|Psycho Cut|p1a: Reuniclus
|-crit|p1a: Reuniclus
|-resisted|p1a: Reuniclus
|-damage|p1a: Reuniclus|287\/424
|
|-heal|p1a: Reuniclus|313\/424|[from] item: Leftovers
|turn|4
|
|switch|p2a: Hydreigon|Hydreigon, M|325\/325
|-damage|p2a: Hydreigon|285\/325|[from] Stealth Rock
|move|p1a: Reuniclus|Focus Blast|p2a: Hydreigon
|-supereffective|p2a: Hydreigon
|-damage|p2a: Hydreigon|51\/325
|
|-heal|p1a: Reuniclus|339\/424|[from] item: Leftovers
|turn|5
|
|switch|p1a: Florges|Florges, F|360\/360
|move|p2a: Hydreigon|Flash Cannon|p1a: Florges
|-supereffective|p1a: Florges
|-damage|p1a: Florges|196\/360
|-damage|p2a: Hydreigon|19\/325|[from] item: Life Orb
|
|-heal|p1a: Florges|218\/360|[from] item: Leftovers
|turn|6
|
|switch|p2a: Crobat|Crobat, M|311\/311
|-damage|p2a: Crobat|234\/311|[from] Stealth Rock
|move|p1a: Florges|Synthesis|p1a: Florges
|-heal|p1a: Florges|360\/360
|
|-heal|p2a: Crobat|253\/311|[from] item: Black Sludge
|turn|7
|
|switch|p1a: Aerodactyl|Aerodactyl, M|301\/301
|-ability|p1a: Aerodactyl|Unnerve|p2: IAmEternal
|move|p2a: Crobat|Defog|p1a: Aerodactyl
|-unboost|p1a: Aerodactyl|evasion|1
|-sideend|p2: IAmEternal|Stealth Rock|[from] move: Defog|[of] p2a: Crobat
|
|-heal|p2a: Crobat|272\/311|[from] item: Black Sludge
|turn|8
|
|detailschange|p1a: Aerodactyl|Aerodactyl-Mega, M
|-mega|p1a: Aerodactyl|Aerodactyl|Aerodactylite
|move|p2a: Crobat|Tailwind|p2a: Crobat
|-sidestart|p2: IAmEternal|move: Tailwind
|move|p1a: Aerodactyl|Pursuit|p2a: Crobat
|-damage|p2a: Crobat|197\/311
|
|-heal|p2a: Crobat|216\/311|[from] item: Black Sludge
|turn|9
|
|move|p2a: Crobat|U-turn|p1a: Aerodactyl
|-resisted|p1a: Aerodactyl
|-damage|p1a: Aerodactyl|267\/301
|
|move|p1a: Aerodactyl|Pursuit|p2a: Crobat|[from]Pursuit
|-damage|p2a: Crobat|54\/311
|switch|p2a: Medicham|Medicham-Mega, M|261\/261
|
|turn|10
|
|switch|p1a: Florges|Florges, F|360\/360
|move|p2a: Medicham|High Jump Kick|p1a: Florges
|-resisted|p1a: Florges
|-damage|p1a: Florges|147\/360
|
|-heal|p1a: Florges|169\/360|[from] item: Leftovers
|turn|11
|
|move|p2a: Medicham|Substitute|p2a: Medicham
|-start|p2a: Medicham|Substitute
|-damage|p2a: Medicham|196\/261
|move|p1a: Florges|Moonblast|p2a: Medicham
|-supereffective|p2a: Medicham
|-end|p2a: Medicham|Substitute
|
|-heal|p1a: Florges|191\/360|[from] item: Leftovers
|-sideend|p2: IAmEternal|move: Tailwind
|turn|12
|
|move|p2a: Medicham|Psycho Cut|p1a: Florges
|-damage|p1a: Florges|0 fnt
|faint|p1a: Florges
|
|
|switch|p1a: Reuniclus|Reuniclus, M|339\/424
|turn|13
|
|move|p2a: Medicham|High Jump Kick|p1a: Reuniclus
|-resisted|p1a: Reuniclus
|-damage|p1a: Reuniclus|171\/424
|move|p1a: Reuniclus|Psyshock|p2a: Medicham
|-damage|p2a: Medicham|75\/261
|
|-heal|p1a: Reuniclus|197\/424|[from] item: Leftovers
|turn|14
|
|switch|p2a: Hydreigon|Hydreigon, M|19\/325
|move|p1a: Reuniclus|Recover|p1a: Reuniclus
|-heal|p1a: Reuniclus|409\/424
|
|-heal|p1a: Reuniclus|424\/424|[from] item: Leftovers
|turn|15
|
|switch|p1a: Escavalier|Escavalier, M|344\/344
|move|p2a: Hydreigon|Dark Pulse|p1a: Escavalier
|-damage|p1a: Escavalier|226\/344
|-damage|p2a: Hydreigon|0 fnt|[from] item: Life Orb
|faint|p2a: Hydreigon
|
|-heal|p1a: Escavalier|247\/344|[from] item: Leftovers
|
|switch|p2a: Entei|Entei, shiny|371\/371
|-ability|p2a: Entei|Pressure
|turn|16
|
|move|p2a: Entei|Sacred Fire|p1a: Escavalier
|-supereffective|p1a: Escavalier
|-damage|p1a: Escavalier|0 fnt
|faint|p1a: Escavalier
|
|
|switch|p1a: Swampert|Swampert, F|181\/404
|turn|17
|
|switch|p2a: Crobat|Crobat, M|54\/311
|move|p1a: Swampert|Stealth Rock|p2a: Crobat
|-sidestart|p2: IAmEternal|move: Stealth Rock
|
|-heal|p2a: Crobat|73\/311|[from] item: Black Sludge
|-heal|p1a: Swampert|206\/404|[from] item: Leftovers
|turn|18
|
|move|p2a: Crobat|Tailwind|p2a: Crobat
|-sidestart|p2: IAmEternal|move: Tailwind
|move|p1a: Swampert|Scald|p2a: Crobat
|-damage|p2a: Crobat|0 fnt
|faint|p2a: Crobat
|
|-heal|p1a: Swampert|231\/404|[from] item: Leftovers
|
|switch|p2a: Medicham|Medicham-Mega, M|75\/261
|-damage|p2a: Medicham|59\/261|[from] Stealth Rock
|turn|19
|
|move|p1a: Swampert|Protect|p1a: Swampert
|-singleturn|p1a: Swampert|Protect
|move|p2a: Medicham|Psycho Cut|p1a: Swampert
|-activate|p1a: Swampert|Protect
|
|-heal|p1a: Swampert|256\/404|[from] item: Leftovers
|turn|20
|
|move|p2a: Medicham|High Jump Kick|p1a: Swampert
|-damage|p1a: Swampert|0 fnt
|faint|p1a: Swampert
|
|
|switch|p1a: Serperior|Serperior, M|299\/299
|turn|21
|
|move|p2a: Medicham|Ice Punch|p1a: Serperior
|-supereffective|p1a: Serperior
|-damage|p1a: Serperior|0 fnt
|faint|p1a: Serperior
|
|-sideend|p2: IAmEternal|move: Tailwind
|
|switch|p1a: Reuniclus|Reuniclus, M|424\/424
|turn|22
|
|move|p2a: Medicham|High Jump Kick|p1a: Reuniclus
|-resisted|p1a: Reuniclus
|-damage|p1a: Reuniclus|247\/424
|move|p1a: Reuniclus|Calm Mind|p1a: Reuniclus
|-boost|p1a: Reuniclus|spa|1
|-boost|p1a: Reuniclus|spd|1
|
|-heal|p1a: Reuniclus|273\/424|[from] item: Leftovers
|turn|23
|
|switch|p2a: Entei|Entei, shiny|371\/371
|-damage|p2a: Entei|279\/371|[from] Stealth Rock
|-ability|p2a: Entei|Pressure
|move|p1a: Reuniclus|Recover|p1a: Reuniclus
|-heal|p1a: Reuniclus|424\/424
|
|turn|24
|
|move|p2a: Entei|Sacred Fire|p1a: Reuniclus
|-damage|p1a: Reuniclus|178\/424
|-status|p1a: Reuniclus|brn
|move|p1a: Reuniclus|Psyshock|p2a: Entei
|-damage|p2a: Entei|83\/371
|
|-heal|p1a: Reuniclus|204\/424 brn|[from] item: Leftovers
|turn|25
|
|switch|p1a: Aerodactyl|Aerodactyl-Mega, M|267\/301
|move|p2a: Entei|Sacred Fire|p1a: Aerodactyl
|-resisted|p1a: Aerodactyl
|-damage|p1a: Aerodactyl|121\/301
|-status|p1a: Aerodactyl|brn
|
|-damage|p1a: Aerodactyl|84\/301 brn|[from] brn
|turn|26
|
|move|p1a: Aerodactyl|Earthquake|p2a: Entei
|-supereffective|p2a: Entei
|-damage|p2a: Entei|0 fnt
|faint|p2a: Entei
|
|-damage|p1a: Aerodactyl|47\/301 brn|[from] brn
|
|switch|p2a: Suicune|Suicune|404\/404
|-damage|p2a: Suicune|354\/404|[from] Stealth Rock
|-ability|p2a: Suicune|Pressure
|turn|27
|
|switch|p1a: Reuniclus|Reuniclus, M|204\/424 brn
|move|p2a: Suicune|Calm Mind|p2a: Suicune
|-boost|p2a: Suicune|spa|1
|-boost|p2a: Suicune|spd|1
|
|-heal|p2a: Suicune|379\/404|[from] item: Leftovers
|-heal|p1a: Reuniclus|230\/424 brn|[from] item: Leftovers
|turn|28
|
|move|p2a: Suicune|Scald|p1a: Reuniclus
|-damage|p1a: Reuniclus|92\/424 brn
|move|p1a: Reuniclus|Recover|p1a: Reuniclus
|-heal|p1a: Reuniclus|304\/424 brn
|
|-heal|p2a: Suicune|404\/404|[from] item: Leftovers
|-heal|p1a: Reuniclus|330\/424 brn|[from] item: Leftovers
|turn|29
|
|move|p2a: Suicune|Calm Mind|p2a: Suicune
|-boost|p2a: Suicune|spa|1
|-boost|p2a: Suicune|spd|1
|move|p1a: Reuniclus|Calm Mind|p1a: Reuniclus
|-boost|p1a: Reuniclus|spa|1
|-boost|p1a: Reuniclus|spd|1
|
|-heal|p1a: Reuniclus|356\/424 brn|[from] item: Leftovers
|turn|30
|
|move|p2a: Suicune|Calm Mind|p2a: Suicune
|-boost|p2a: Suicune|spa|1
|-boost|p2a: Suicune|spd|1
|move|p1a: Reuniclus|Calm Mind|p1a: Reuniclus
|-boost|p1a: Reuniclus|spa|1
|-boost|p1a: Reuniclus|spd|1
|
|-heal|p1a: Reuniclus|382\/424 brn|[from] item: Leftovers
|turn|31
|
|move|p2a: Suicune|Scald|p1a: Reuniclus
|-damage|p1a: Reuniclus|252\/424 brn
|move|p1a: Reuniclus|Psyshock|p2a: Suicune
|-damage|p2a: Suicune|259\/404
|
|-heal|p2a: Suicune|284\/404|[from] item: Leftovers
|-heal|p1a: Reuniclus|278\/424 brn|[from] item: Leftovers
|turn|32
|
|move|p2a: Suicune|Scald|p1a: Reuniclus
|-damage|p1a: Reuniclus|158\/424 brn
|move|p1a: Reuniclus|Calm Mind|p1a: Reuniclus
|-boost|p1a: Reuniclus|spa|1
|-boost|p1a: Reuniclus|spd|1
|
|-heal|p2a: Suicune|309\/404|[from] item: Leftovers
|-heal|p1a: Reuniclus|184\/424 brn|[from] item: Leftovers
|turn|33
|
|move|p2a: Suicune|Scald|p1a: Reuniclus
|-damage|p1a: Reuniclus|82\/424 brn
|move|p1a: Reuniclus|Recover|p1a: Reuniclus
|-heal|p1a: Reuniclus|294\/424 brn
|
|-heal|p2a: Suicune|334\/404|[from] item: Leftovers
|-heal|p1a: Reuniclus|320\/424 brn|[from] item: Leftovers
|turn|34
|
|move|p2a: Suicune|Scald|p1a: Reuniclus
|-crit|p1a: Reuniclus
|-damage|p1a: Reuniclus|0 fnt
|faint|p1a: Reuniclus
|
|-heal|p2a: Suicune|359\/404|[from] item: Leftovers
|-message|king yong ill forfeited.
|leave|king yong ill
|
|win|IAmEternal
|raw|Ladder updating...
|player|p1
|raw|king yong ill's rating: 1518 &rarr; <strong>1493<\/strong><br \/>(-25 for losing)
|raw|IAmEternal's rating: 1425 &rarr; <strong>1451<\/strong><br \/>(+26 for winning)