|join|IAmEternal
|join|Mescoman
|player|p1|IAmEternal|52
|player|p2|Mescoman|43
|gametype|singles
|gen|6
|tier|UU
|rule|Sleep Clause Mod: Limit one foe put to sleep
|rule|Species Clause: Limit one of each Pokémon
|rule|OHKO Clause: OHKO moves are banned
|rule|Moody Clause: Moody is banned
|rule|Evasion Moves Clause: Evasion moves are banned
|rule|Endless Battle Clause: Forcing endless battles is banned
|rule|HP Percentage Mod: HP is shown in percentages
|clearpoke
|poke|p1|Tornadus, M
|poke|p1|Swampert, M
|poke|p1|Hydreigon, M
|poke|p1|Raikou
|poke|p1|Forretress, M
|poke|p1|Toxicroak, F
|poke|p2|Goodra, M
|poke|p2|Florges, F
|poke|p2|Lucario, F
|poke|p2|Porygon-Z
|poke|p2|Relicanth, F
|poke|p2|Pidgeot, M
|rule|Swagger Clause: Swagger is banned
|rule|Baton Pass Clause: Limit one Pokémon knowing Baton Pass
|teampreview
|
|start
|switch|p1a: Hydreigon|Hydreigon, M|325\/325
|switch|p2a: Pidgeot|Pidgeot, M|307\/307
|turn|1
|
|detailschange|p2a: Pidgeot|Pidgeot-Mega, M
|-mega|p2a: Pidgeot|Pidgeot|Pidgeotite
|move|p2a: Pidgeot|Hurricane|p1a: Hydreigon
|-damage|p1a: Hydreigon|109\/325
|move|p1a: Hydreigon|U-turn|p2a: Pidgeot
|-resisted|p2a: Pidgeot
|-damage|p2a: Pidgeot|259\/307
|-damage|p1a: Hydreigon|77\/325|[from] item: Life Orb
|
|switch|p1a: Raikou|Raikou|321\/321
|-ability|p1a: Raikou|Pressure
|
|turn|2
|
|switch|p2a: Florges|Florges, F|360\/360
|move|p1a: Raikou|Volt Switch|p2a: Florges
|-damage|p2a: Florges|266\/360
|
|switch|p1a: Forretress|Forretress, M|354\/354
|
|-heal|p2a: Florges|288\/360|[from] item: Leftovers
|turn|3
|
|switch|p2a: Pidgeot|Pidgeot-Mega, M|259\/307
|move|p1a: Forretress|Toxic Spikes|p2a: Pidgeot
|-sidestart|p2: Mescoman|move: Toxic Spikes
|
|turn|4
|
|move|p2a: Pidgeot|Hurricane|p1a: Forretress
|-damage|p1a: Forretress|38\/354
|move|p1a: Forretress|Gyro Ball|p2a: Pidgeot
|-damage|p2a: Pidgeot|91\/307
|
|-heal|p1a: Forretress|60\/354|[from] item: Leftovers
|turn|5
|
|switch|p2a: Lucario|Lucario, F|343\/343
|move|p1a: Forretress|Gyro Ball|p2a: Lucario
|-resisted|p2a: Lucario
|-damage|p2a: Lucario|284\/343
|
|-heal|p2a: Lucario|305\/343|[from] item: Leftovers
|-heal|p1a: Forretress|82\/354|[from] item: Leftovers
|turn|6
|
|switch|p1a: Toxicroak|Toxicroak, F|370\/370
|move|p2a: Lucario|Substitute|p2a: Lucario
|-start|p2a: Lucario|Substitute
|-damage|p2a: Lucario|220\/343
|
|-heal|p2a: Lucario|241\/343|[from] item: Leftovers
|turn|7
|
|-singleturn|p2a: Lucario|move: Focus Punch
|move|p1a: Toxicroak|Drain Punch|p2a: Lucario
|-supereffective|p2a: Lucario
|-end|p2a: Lucario|Substitute
|move|p2a: Lucario|Focus Punch|p1a: Toxicroak
|-resisted|p1a: Toxicroak
|-damage|p1a: Toxicroak|211\/370
|
|-heal|p2a: Lucario|262\/343|[from] item: Leftovers
|-heal|p1a: Toxicroak|234\/370|[from] item: Black Sludge
|turn|8
|
|move|p2a: Lucario|Bullet Punch|p1a: Toxicroak
|-damage|p1a: Toxicroak|144\/370
|move|p1a: Toxicroak|Drain Punch|p2a: Lucario
|-supereffective|p2a: Lucario
|-damage|p2a: Lucario|0 fnt
|-heal|p1a: Toxicroak|275\/370|[from] drain|[of] p2a: Lucario
|faint|p2a: Lucario
|
|-heal|p1a: Toxicroak|298\/370|[from] item: Black Sludge
|
|switch|p2a: Pidgeot|Pidgeot-Mega, M|91\/307
|turn|9
|
|switch|p1a: Forretress|Forretress, M|82\/354
|move|p2a: Pidgeot|Roost|p2a: Pidgeot
|-heal|p2a: Pidgeot|245\/307
|
|-heal|p1a: Forretress|104\/354|[from] item: Leftovers
|turn|10
|
|move|p2a: Pidgeot|Hurricane|p1a: Forretress
|-damage|p1a: Forretress|0 fnt
|faint|p1a: Forretress
|
|
|switch|p1a: Raikou|Raikou|321\/321
|-ability|p1a: Raikou|Pressure
|turn|11
|
|switch|p2a: Goodra|Goodra, M|383\/383
|-status|p2a: Goodra|psn
|move|p1a: Raikou|Volt Switch|p2a: Goodra
|-resisted|p2a: Goodra
|-damage|p2a: Goodra|344\/383 psn
|
|switch|p1a: Toxicroak|Toxicroak, F|298\/370
|
|-heal|p1a: Toxicroak|321\/370|[from] item: Black Sludge
|-damage|p2a: Goodra|297\/383 psn|[from] psn
|turn|12
|
|move|p1a: Toxicroak|Drain Punch|p2a: Goodra
|-damage|p2a: Goodra|122\/383 psn
|-heal|p1a: Toxicroak|370\/370|[from] drain|[of] p2a: Goodra
|move|p2a: Goodra|Earthquake|p1a: Toxicroak
|-supereffective|p1a: Toxicroak
|-damage|p1a: Toxicroak|54\/370
|
|-heal|p1a: Toxicroak|77\/370|[from] item: Black Sludge
|-damage|p2a: Goodra|75\/383 psn|[from] psn
|turn|13
|
|move|p1a: Toxicroak|Knock Off|p2a: Goodra
|-damage|p2a: Goodra|0 fnt
|-enditem|p2a: Goodra|Assault Vest|[from] move: Knock Off|[of] p1a: Toxicroak
|faint|p2a: Goodra
|
|-heal|p1a: Toxicroak|100\/370|[from] item: Black Sludge
|
|switch|p2a: Pidgeot|Pidgeot-Mega, M|245\/307
|turn|14
|
|move|p2a: Pidgeot|Hurricane|p1a: Toxicroak
|-supereffective|p1a: Toxicroak
|-damage|p1a: Toxicroak|0 fnt
|faint|p1a: Toxicroak
|
|
|switch|p1a: Tornadus|Tornadus, M|299\/299
|turn|15
|
|switch|p2a: Porygon-Z|Porygon-Z|373\/373
|-status|p2a: Porygon-Z|psn
|move|p1a: Tornadus|Rain Dance|p1a: Tornadus
|-weather|RainDance
|
|-weather|RainDance|[upkeep]
|-damage|p2a: Porygon-Z|327\/373 psn|[from] psn
|turn|16
|
|move|p1a: Tornadus|Hurricane|p2a: Porygon-Z
|-damage|p2a: Porygon-Z|92\/373 psn
|move|p2a: Porygon-Z|Tri Attack|p1a: Tornadus
|-damage|p1a: Tornadus|0 fnt
|faint|p1a: Tornadus
|
|-weather|RainDance|[upkeep]
|-damage|p2a: Porygon-Z|46\/373 psn|[from] psn
|
|switch|p1a: Hydreigon|Hydreigon, M|77\/325
|turn|17
|
|move|p1a: Hydreigon|U-turn|p2a: Porygon-Z
|-damage|p2a: Porygon-Z|0 fnt
|-damage|p1a: Hydreigon|45\/325|[from] item: Life Orb
|faint|p2a: Porygon-Z
|
|switch|p1a: Swampert|Swampert, M|404\/404
|
|-weather|RainDance|[upkeep]
|
|switch|p2a: Relicanth|Relicanth, F|341\/341
|-status|p2a: Relicanth|psn
|turn|18
|
|detailschange|p1a: Swampert|Swampert-Mega, M
|-mega|p1a: Swampert|Swampert|Swampertite
|move|p2a: Relicanth|Waterfall|p1a: Swampert
|-damage|p1a: Swampert|180\/404
|-damage|p2a: Relicanth|307\/341 psn|[from] item: Life Orb
|move|p1a: Swampert|Earthquake|p2a: Relicanth
|-supereffective|p2a: Relicanth
|-damage|p2a: Relicanth|0 fnt
|faint|p2a: Relicanth
|
|-weather|RainDance|[upkeep]
|
|switch|p2a: Pidgeot|Pidgeot-Mega, M|245\/307
|turn|19
|
|switch|p1a: Hydreigon|Hydreigon, M|45\/325
|move|p2a: Pidgeot|Hurricane|p1a: Hydreigon
|-damage|p1a: Hydreigon|0 fnt
|faint|p1a: Hydreigon
|
|-weather|RainDance|[upkeep]
|
|switch|p1a: Raikou|Raikou|321\/321
|-ability|p1a: Raikou|Pressure
|turn|20
|
|move|p2a: Pidgeot|Hyper Beam|p1a: Raikou
|-damage|p1a: Raikou|54\/321
|move|p1a: Raikou|Volt Switch|p2a: Pidgeot
|-supereffective|p2a: Pidgeot
|-damage|p2a: Pidgeot|0 fnt
|faint|p2a: Pidgeot
|
|switch|p1a: Swampert|Swampert-Mega, M|180\/404
|
|-weather|RainDance|[upkeep]
|
|switch|p2a: Florges|Florges, F|288\/360
|-status|p2a: Florges|psn
|turn|21
|
|move|p2a: Florges|Protect|p2a: Florges
|-singleturn|p2a: Florges|Protect
|move|p1a: Swampert|Waterfall|p2a: Florges
|-activate|p2a: Florges|Protect
|
|-weather|RainDance|[upkeep]
|-heal|p2a: Florges|310\/360 psn|[from] item: Leftovers
|-damage|p2a: Florges|265\/360 psn|[from] psn
|turn|22
|
|move|p2a: Florges|Protect|p2a: Florges
|-fail|p2a: Florges
|move|p1a: Swampert|Waterfall|p2a: Florges
|-damage|p2a: Florges|0 fnt
|faint|p2a: Florges
|
|win|IAmEternal
|c|★Mescoman|gg