|join|S1mpleton
|join|MetaFalken
|player|p1|S1mpleton|168
|player|p2|MetaFalken|163
|gametype|singles
|gen|6
|tier|OU
|rated
|clearpoke
|poke|p1|Clefable, M
|poke|p1|Keldeo
|poke|p1|Landorus, M
|poke|p1|Metagross
|poke|p1|Gliscor, F
|poke|p1|Zapdos
|poke|p2|Scizor, F
|poke|p2|Rotom-Wash
|poke|p2|Landorus-Therian, M
|poke|p2|Lopunny, F
|poke|p2|Latios, M
|poke|p2|Porygon2
|rule|Swagger Clause: Swagger is banned
|rule|Baton Pass Clause: Limit one Pokémon knowing Baton Pass
|rule|Sleep Clause Mod: Limit one foe put to sleep
|rule|Species Clause: Limit one of each Pokémon
|rule|OHKO Clause: OHKO moves are banned
|rule|Moody Clause: Moody is banned
|rule|Evasion Moves Clause: Evasion moves are banned
|rule|Endless Battle Clause: Forcing endless battles is banned
|rule|HP Percentage Mod: HP is shown in percentages
|teampreview
|
|start
|switch|p1a: Metagross|Metagross|364\/364
|switch|p2a: Scizor|Scizor, F|343\/343
|turn|1
|
|switch|p1a: Gliscor|Gliscor, F|354\/354
|move|p2a: Scizor|U-turn|p1a: Gliscor
|-resisted|p1a: Gliscor
|-damage|p1a: Gliscor|272\/354
|
|switch|p2a: Porygon2|Porygon2|374\/374
|-ability|p2a: Porygon2|Poison Heal|[from] ability: Trace|[of] p1a: Gliscor
|
|-status|p1a: Gliscor|tox|[from] item: Toxic Orb
|turn|2
|
|switch|p1a: Clefable|Clefable, M|394\/394
|move|p2a: Porygon2|Ice Beam|p1a: Clefable
|-damage|p1a: Clefable|314\/394
|
|-heal|p1a: Clefable|338\/394|[from] item: Leftovers
|turn|3
|
|move|p1a: Clefable|Flamethrower|p2a: Porygon2
|-damage|p2a: Porygon2|337\/374
|move|p2a: Porygon2|Thunder Wave|p1a: Clefable
|-status|p1a: Clefable|par
|
|-heal|p1a: Clefable|362\/394 par|[from] item: Leftovers
|turn|4
|
|switch|p2a: Rotom-Wash|Rotom-Wash|303\/303
|move|p1a: Clefable|Calm Mind|p1a: Clefable
|-boost|p1a: Clefable|spa|1
|-boost|p1a: Clefable|spd|1
|
|-heal|p1a: Clefable|386\/394 par|[from] item: Leftovers
|turn|5
|
|move|p2a: Rotom-Wash|Hydro Pump|p1a: Clefable|[miss]
|-miss|p2a: Rotom-Wash|p1a: Clefable
|move|p1a: Clefable|Moonblast|p2a: Rotom-Wash
|-damage|p2a: Rotom-Wash|141\/303
|
|-heal|p2a: Rotom-Wash|159\/303|[from] item: Leftovers
|-heal|p1a: Clefable|394\/394 par|[from] item: Leftovers
|turn|6
|
|move|p2a: Rotom-Wash|Volt Switch|p1a: Clefable
|-damage|p1a: Clefable|327\/394 par
|
|switch|p2a: Scizor|Scizor, F|343\/343
|move|p1a: Clefable|Moonblast|p2a: Scizor
|-resisted|p2a: Scizor
|-damage|p2a: Scizor|255\/343
|-unboost|p2a: Scizor|spa|1
|
|-heal|p1a: Clefable|351\/394 par|[from] item: Leftovers
|turn|7
|
|switch|p1a: Gliscor|Gliscor, F|272\/354 tox
|move|p2a: Scizor|Bullet Punch|p1a: Gliscor
|-damage|p1a: Gliscor|136\/354 tox
|
|-heal|p1a: Gliscor|180\/354 tox|[from] ability: Poison Heal
|turn|8
|
|switch|p2a: Porygon2|Porygon2|337\/374
|-ability|p2a: Porygon2|Poison Heal|[from] ability: Trace|[of] p1a: Gliscor
|move|p1a: Gliscor|Roost|p1a: Gliscor
|-heal|p1a: Gliscor|354\/354 tox
|
|turn|9
|
|switch|p1a: Metagross|Metagross|364\/364
|move|p2a: Porygon2|Ice Beam|p1a: Metagross
|-resisted|p1a: Metagross
|-damage|p1a: Metagross|325\/364
|
|turn|10
|
|detailschange|p1a: Metagross|Metagross-Mega
|-mega|p1a: Metagross|Metagross|Metagrossite
|move|p1a: Metagross|Meteor Mash|p2a: Porygon2
|-damage|p2a: Porygon2|159\/374
|move|p2a: Porygon2|Thunder Wave|p1a: Metagross
|-status|p1a: Metagross|par
|
|turn|11
|
|switch|p2a: Landorus-Therian|Landorus-Therian, M|345\/345
|-ability|p2a: Landorus-Therian|Intimidate|[of] p1a: Metagross
|-unboost|p1a: Metagross|atk|1
|move|p1a: Metagross|Meteor Mash|p2a: Landorus-Therian|[miss]
|-miss|p1a: Metagross|p2a: Landorus-Therian
|
|turn|12
|
|switch|p1a: Gliscor|Gliscor, F|354\/354 tox
|move|p2a: Landorus-Therian|Knock Off|p1a: Gliscor
|-damage|p1a: Gliscor|267\/354 tox
|-enditem|p1a: Gliscor|Toxic Orb|[from] move: Knock Off|[of] p2a: Landorus-Therian
|
|-heal|p1a: Gliscor|311\/354 tox|[from] ability: Poison Heal
|turn|13
|
|switch|p2a: Porygon2|Porygon2|159\/374
|-ability|p2a: Porygon2|Poison Heal|[from] ability: Trace|[of] p1a: Gliscor
|move|p1a: Gliscor|Knock Off|p2a: Porygon2
|-damage|p2a: Porygon2|103\/374
|-enditem|p2a: Porygon2|Eviolite|[from] move: Knock Off|[of] p1a: Gliscor
|
|-heal|p1a: Gliscor|354\/354 tox|[from] ability: Poison Heal
|turn|14
|
|move|p1a: Gliscor|Earthquake|p2a: Porygon2
|-damage|p2a: Porygon2|0 fnt
|faint|p2a: Porygon2
|
|
|switch|p2a: Lopunny|Lopunny, F|271\/271
|turn|15
|
|switch|p1a: Metagross|Metagross-Mega|325\/364 par
|detailschange|p2a: Lopunny|Lopunny-Mega, F
|-mega|p2a: Lopunny|Lopunny|Lopunnite
|move|p2a: Lopunny|Fake Out|p1a: Metagross
|-resisted|p1a: Metagross
|-damage|p1a: Metagross|300\/364 par
|
|turn|16
|
|switch|p2a: Landorus-Therian|Landorus-Therian, M|345\/345
|-ability|p2a: Landorus-Therian|Intimidate|[of] p1a: Metagross
|-unboost|p1a: Metagross|atk|1
|move|p1a: Metagross|Zen Headbutt|p2a: Landorus-Therian
|-damage|p2a: Landorus-Therian|233\/345
|
|-heal|p2a: Landorus-Therian|254\/345|[from] item: Leftovers
|turn|17
|
|switch|p1a: Gliscor|Gliscor, F|354\/354 tox
|move|p2a: Landorus-Therian|Earthquake|p1a: Gliscor
|-immune|p1a: Gliscor|[msg]
|
|-heal|p2a: Landorus-Therian|275\/345|[from] item: Leftovers
|turn|18
|
|switch|p2a: Lopunny|Lopunny-Mega, F|271\/271
|move|p1a: Gliscor|Earthquake|p2a: Lopunny
|-damage|p2a: Lopunny|154\/271
|
|turn|19
|
|switch|p1a: Metagross|Metagross-Mega|300\/364 par
|move|p2a: Lopunny|High Jump Kick|p1a: Metagross
|-damage|p1a: Metagross|137\/364 par
|
|turn|20
|
|cant|p1a: Metagross|par
|move|p2a: Lopunny|High Jump Kick|p1a: Metagross
|-damage|p1a: Metagross|0 fnt
|faint|p1a: Metagross
|
|
|switch|p1a: Clefable|Clefable, M|351\/394 par
|turn|21
|
|move|p2a: Lopunny|Return|p1a: Clefable
|-damage|p1a: Clefable|183\/394 par
|move|p1a: Clefable|Flamethrower|p2a: Lopunny
|-damage|p2a: Lopunny|83\/271
|
|-heal|p1a: Clefable|207\/394 par|[from] item: Leftovers
|turn|22
|
|move|p2a: Lopunny|Return|p1a: Clefable
|-damage|p1a: Clefable|42\/394 par
|move|p1a: Clefable|Moonblast|p2a: Lopunny
|-supereffective|p2a: Lopunny
|-damage|p2a: Lopunny|0 fnt
|faint|p2a: Lopunny
|
|-heal|p1a: Clefable|66\/394 par|[from] item: Leftovers
|
|switch|p2a: Rotom-Wash|Rotom-Wash|159\/303
|turn|23
|
|switch|p1a: Zapdos|Zapdos|384\/384
|-ability|p1a: Zapdos|Pressure
|move|p2a: Rotom-Wash|Hydro Pump|p1a: Zapdos
|-damage|p1a: Zapdos|270\/384
|
|-heal|p1a: Zapdos|294\/384|[from] item: Leftovers
|-heal|p2a: Rotom-Wash|177\/303|[from] item: Leftovers
|turn|24
|
|switch|p1a: Keldeo|Keldeo|386\/386
|switch|p2a: Latios|Latios, M|301\/301
|
|turn|25
|
|switch|p1a: Clefable|Clefable, M|66\/394 par
|move|p2a: Latios|Psyshock|p1a: Clefable
|-damage|p1a: Clefable|0 fnt
|-damage|p2a: Latios|271\/301|[from] item: Life Orb
|faint|p1a: Clefable
|
|
|switch|p1a: Gliscor|Gliscor, F|354\/354 tox
|turn|26
|
|move|p2a: Latios|Draco Meteor|p1a: Gliscor
|-damage|p1a: Gliscor|0 fnt
|-unboost|p2a: Latios|spa|2
|-damage|p2a: Latios|241\/301|[from] item: Life Orb
|faint|p1a: Gliscor
|
|
|switch|p1a: Keldeo|Keldeo|386\/386
|turn|27
|
|move|p2a: Latios|Psyshock|p1a: Keldeo
|-supereffective|p1a: Keldeo
|-damage|p1a: Keldeo|181\/386
|-damage|p2a: Latios|211\/301|[from] item: Life Orb
|move|p1a: Keldeo|Calm Mind|p1a: Keldeo
|-boost|p1a: Keldeo|spa|1
|-boost|p1a: Keldeo|spd|1
|
|-heal|p1a: Keldeo|205\/386|[from] item: Leftovers
|turn|28
|
|move|p2a: Latios|Psyshock|p1a: Keldeo
|-supereffective|p1a: Keldeo
|-damage|p1a: Keldeo|2\/386
|-damage|p2a: Latios|181\/301|[from] item: Life Orb
|move|p1a: Keldeo|Secret Sword|p2a: Latios
|-resisted|p2a: Latios
|-damage|p2a: Latios|49\/301
|
|-heal|p1a: Keldeo|26\/386|[from] item: Leftovers
|turn|29
|
|move|p2a: Latios|Psyshock|p1a: Keldeo
|-supereffective|p1a: Keldeo
|-damage|p1a: Keldeo|0 fnt
|-damage|p2a: Latios|19\/301|[from] item: Life Orb
|faint|p1a: Keldeo
|
|
|switch|p1a: Zapdos|Zapdos|294\/384
|-ability|p1a: Zapdos|Pressure
|turn|30
|
|move|p2a: Latios|Recover|p2a: Latios
|-heal|p2a: Latios|170\/301
|move|p1a: Zapdos|Roost|p1a: Zapdos
|-heal|p1a: Zapdos|384\/384
|
|turn|31
|
|move|p2a: Latios|Recover|p2a: Latios
|-heal|p2a: Latios|301\/301
|move|p1a: Zapdos|Heat Wave|p2a: Latios
|-crit|p2a: Latios
|-resisted|p2a: Latios
|-damage|p2a: Latios|244\/301
|
|turn|32
|
|move|p2a: Latios|Psyshock|p1a: Zapdos
|-damage|p1a: Zapdos|285\/384
|-damage|p2a: Latios|214\/301|[from] item: Life Orb
|move|p1a: Zapdos|Heat Wave|p2a: Latios
|-resisted|p2a: Latios
|-damage|p2a: Latios|172\/301
|
|-heal|p1a: Zapdos|309\/384|[from] item: Leftovers
|turn|33
|
|switch|p1a: Landorus|Landorus, M|339\/339
|move|p2a: Latios|Recover|p2a: Latios
|-heal|p2a: Latios|301\/301
|
|turn|34
|
|switch|p2a: Rotom-Wash|Rotom-Wash|177\/303
|move|p1a: Landorus|Sludge Wave|p2a: Rotom-Wash
|-damage|p2a: Rotom-Wash|15\/303
|
|-heal|p2a: Rotom-Wash|33\/303|[from] item: Leftovers
|turn|35
|
|switch|p2a: Scizor|Scizor, F|255\/343
|move|p1a: Landorus|Psychic|p2a: Scizor
|-resisted|p2a: Scizor
|-damage|p2a: Scizor|163\/343
|
|turn|36
|
|move|p2a: Scizor|Bullet Punch|p1a: Landorus
|-damage|p1a: Landorus|134\/339
|move|p1a: Landorus|Earth Power|p2a: Scizor
|-crit|p2a: Scizor
|-damage|p2a: Scizor|0 fnt
|faint|p2a: Scizor
|
|
|switch|p2a: Landorus-Therian|Landorus-Therian, M|275\/345
|-ability|p2a: Landorus-Therian|Intimidate|[of] p1a: Landorus
|-unboost|p1a: Landorus|atk|1
|turn|37
|
|move|p1a: Landorus|Psychic|p2a: Landorus-Therian
|-damage|p2a: Landorus-Therian|64\/345
|move|p2a: Landorus-Therian|Knock Off|p1a: Landorus
|-damage|p1a: Landorus|13\/339
|-enditem|p1a: Landorus|Life Orb|[from] move: Knock Off|[of] p2a: Landorus-Therian
|
|-heal|p2a: Landorus-Therian|85\/345|[from] item: Leftovers
|turn|38
|
|switch|p2a: Latios|Latios, M|301\/301
|move|p1a: Landorus|Sludge Wave|p2a: Latios
|-damage|p2a: Latios|175\/301
|
|turn|39
|
|move|p2a: Latios|Psyshock|p1a: Landorus
|-damage|p1a: Landorus|0 fnt
|-damage|p2a: Latios|145\/301|[from] item: Life Orb
|faint|p1a: Landorus
|
|
|switch|p1a: Zapdos|Zapdos|309\/384
|-ability|p1a: Zapdos|Pressure
|turn|40
|
|move|p2a: Latios|Recover|p2a: Latios
|-heal|p2a: Latios|296\/301
|move|p1a: Zapdos|Roost|p1a: Zapdos
|-heal|p1a: Zapdos|384\/384
|
|turn|41
|
|move|p2a: Latios|Psyshock|p1a: Zapdos
|-damage|p1a: Zapdos|176\/384
|-damage|p2a: Latios|266\/301|[from] item: Life Orb
|move|p1a: Zapdos|Roost|p1a: Zapdos
|-heal|p1a: Zapdos|368\/384
|
|-heal|p1a: Zapdos|384\/384|[from] item: Leftovers
|turn|42
|
|move|p2a: Latios|Psyshock|p1a: Zapdos
|-damage|p1a: Zapdos|188\/384
|-damage|p2a: Latios|236\/301|[from] item: Life Orb
|move|p1a: Zapdos|Roost|p1a: Zapdos
|-heal|p1a: Zapdos|380\/384
|
|-heal|p1a: Zapdos|384\/384|[from] item: Leftovers
|turn|43
|-message|S1mpleton forfeited.
|
|win|MetaFalken
|raw|Ladder updating...
|leave|S1mpleton
|player|p1
|raw|S1mpleton's rating: 1341 &rarr; <strong>1321<\/strong><br \/>(-20 for losing)
|raw|MetaFalken's rating: 1332 &rarr; <strong>1353<\/strong><br \/>(+21 for winning)