|join|Guesst_50790
|join|looiiyut
|player|p1|Guesst_50790|294
|player|p2|looiiyut|210
|gametype|singles
|gen|6
|tier|OU
|rated
|clearpoke
|poke|p1|Metagross
|poke|p1|Tyranitar, M
|poke|p1|Clefable, F
|poke|p1|Conkeldurr, M
|poke|p1|Landorus, M
|poke|p1|Dragonite, M
|poke|p2|Camerupt, M
|poke|p2|Clefable, M
|poke|p2|Chesnaught, M
|poke|p2|Bronzong
|poke|p2|Tentacruel, M
|poke|p2|Tyranitar, M
|rule|Swagger Clause: Swagger is banned
|rule|Baton Pass Clause: Limit one Pokémon knowing Baton Pass
|rule|Sleep Clause Mod: Limit one foe put to sleep
|rule|Species Clause: Limit one of each Pokémon
|rule|OHKO Clause: OHKO moves are banned
|rule|Moody Clause: Moody is banned
|rule|Evasion Moves Clause: Evasion moves are banned
|rule|Endless Battle Clause: Forcing endless battles is banned
|rule|HP Percentage Mod: HP is shown in percentages
|teampreview
|
|start
|switch|p1a: Dragonite|Dragonite, M|324\/324
|switch|p2a: Bronzong|Bronzong|338\/338
|turn|1
|
|switch|p2a: Clefable|Clefable, M|394\/394
|move|p1a: Dragonite|Fire Punch|p2a: Clefable
|-damage|p2a: Clefable|307\/394
|
|-heal|p2a: Clefable|331\/394|[from] item: Leftovers
|turn|2
|
|move|p1a: Dragonite|Earthquake|p2a: Clefable
|-damage|p2a: Clefable|206\/394
|move|p2a: Clefable|Flamethrower|p1a: Dragonite
|-resisted|p1a: Dragonite
|-damage|p1a: Dragonite|309\/324
|
|-heal|p2a: Clefable|230\/394|[from] item: Leftovers
|turn|3
|
|switch|p1a: Metagross|Metagross|301\/301
|move|p2a: Clefable|Moonlight|p2a: Clefable
|-heal|p2a: Clefable|394\/394
|
|turn|4
|join|locartes
|leave|locartes
|
|switch|p2a: Bronzong|Bronzong|338\/338
|detailschange|p1a: Metagross|Metagross-Mega
|message|Metagross has Mega Evolved into Mega Metagross!
|move|p1a: Metagross|Power-Up Punch|p2a: Bronzong
|-damage|p2a: Bronzong|292\/338
|-boost|p1a: Metagross|atk|1
|
|-heal|p2a: Bronzong|313\/338|[from] item: Leftovers
|turn|5
|
|move|p1a: Metagross|Meteor Mash|p2a: Bronzong
|-resisted|p2a: Bronzong
|-damage|p2a: Bronzong|181\/338
|move|p2a: Bronzong|Trick Room|p2a: Bronzong
|-fieldstart|move: Trick Room|[of] p2a: Bronzong
|
|-heal|p2a: Bronzong|202\/338|[from] item: Leftovers
|turn|6
|
|move|p2a: Bronzong|Gyro Ball|p1a: Metagross
|-resisted|p1a: Metagross
|-damage|p1a: Metagross|249\/301
|move|p1a: Metagross|Zen Headbutt|p2a: Bronzong
|-resisted|p2a: Bronzong
|-damage|p2a: Bronzong|145\/338
|
|-heal|p2a: Bronzong|166\/338|[from] item: Leftovers
|turn|7
|
|move|p2a: Bronzong|Explosion|p1a: Metagross
|-resisted|p1a: Metagross
|-damage|p1a: Metagross|190\/301
|faint|p2a: Bronzong
|move|p1a: Metagross|Power-Up Punch|p2: Bronzong|[notarget]
|-notarget
|
|
|switch|p2a: Tyranitar|Tyranitar, M|404\/404
|-weather|Sandstorm
|turn|8
|
|move|p2a: Tyranitar|Pursuit|p1a: Metagross
|-supereffective|p1a: Metagross
|-damage|p1a: Metagross|92\/301
|move|p1a: Metagross|Meteor Mash|p2a: Tyranitar
|-supereffective|p2a: Tyranitar
|-damage|p2a: Tyranitar|0 fnt
|faint|p2a: Tyranitar
|
|-weather|Sandstorm|[upkeep]
|
|switch|p2a: Camerupt|Camerupt, M|344\/344
|turn|9
|
|switch|p1a: Dragonite|Dragonite, M|309\/324
|detailschange|p2a: Camerupt|Camerupt-Mega, M
|message|Camerupt has Mega Evolved into Mega Camerupt!
|move|p2a: Camerupt|Fire Blast|p1a: Dragonite
|-resisted|p1a: Dragonite
|-damage|p1a: Dragonite|147\/324
|
|-weather|Sandstorm|[upkeep]
|-damage|p1a: Dragonite|127\/324|[from] sandstorm
|-fieldend|move: Trick Room
|turn|10
|
|switch|p2a: Clefable|Clefable, M|394\/394
|move|p1a: Dragonite|Dragon Dance|p1a: Dragonite
|-boost|p1a: Dragonite|atk|1
|-boost|p1a: Dragonite|spe|1
|
|-weather|Sandstorm|[upkeep]
|-damage|p1a: Dragonite|107\/324|[from] sandstorm
|-damage|p2a: Clefable|370\/394|[from] sandstorm
|-heal|p2a: Clefable|394\/394|[from] item: Leftovers
|turn|11
|
|move|p1a: Dragonite|Earthquake|p2a: Clefable
|-damage|p2a: Clefable|280\/394
|move|p2a: Clefable|Moonblast|p1a: Dragonite
|-supereffective|p1a: Dragonite
|-damage|p1a: Dragonite|0 fnt
|faint|p1a: Dragonite
|
|-weather|Sandstorm|[upkeep]
|-damage|p2a: Clefable|256\/394|[from] sandstorm
|-heal|p2a: Clefable|280\/394|[from] item: Leftovers
|
|switch|p1a: Metagross|Metagross-Mega|92\/301
|turn|12
|
|switch|p2a: Tentacruel|Tentacruel, M|364\/364
|move|p1a: Metagross|Meteor Mash|p2a: Tentacruel
|-resisted|p2a: Tentacruel
|-damage|p2a: Tentacruel|236\/364
|
|-weather|none
|-heal|p2a: Tentacruel|258\/364|[from] item: Black Sludge
|turn|13
|
|move|p1a: Metagross|Zen Headbutt|p2a: Tentacruel
|-supereffective|p2a: Tentacruel
|-damage|p2a: Tentacruel|0 fnt
|faint|p2a: Tentacruel
|
|
|switch|p2a: Camerupt|Camerupt-Mega, M|344\/344
|turn|14
|
|move|p1a: Metagross|Zen Headbutt|p2a: Camerupt
|-damage|p2a: Camerupt|157\/344
|move|p2a: Camerupt|Earth Power|p1a: Metagross
|-supereffective|p1a: Metagross
|-damage|p1a: Metagross|0 fnt
|faint|p1a: Metagross
|
|
|switch|p1a: Landorus|Landorus, M|319\/319
|turn|15
|
|move|p1a: Landorus|Earth Power|p2a: Camerupt
|-supereffective|p2a: Camerupt
|-damage|p2a: Camerupt|0 fnt
|-damage|p1a: Landorus|288\/319|[from] item: Life Orb
|faint|p2a: Camerupt
|
|
|switch|p2a: Clefable|Clefable, M|280\/394
|turn|16
|c|★looiiyut|gg
|
|move|p1a: Landorus|Sludge Wave|p2a: Clefable
|-supereffective|p2a: Clefable
|-damage|p2a: Clefable|0 fnt
|-damage|p1a: Landorus|257\/319|[from] item: Life Orb
|faint|p2a: Clefable
|
|-message|looiiyut forfeited.
|
|win|Guesst_50790
|raw|Ladder updating...
|raw|Guesst_50790's rating: 1434 &rarr; <strong>1455<\/strong><br \/>(+21 for winning)
|raw|looiiyut's rating: 1462 &rarr; <strong>1441<\/strong><br \/>(-21 for losing)