|join|looiiyut
|join|WECAMEASROMANS
|player|p1|looiiyut|210
|player|p2|WECAMEASROMANS|169
|gametype|singles
|gen|6
|tier|OU
|rated
|clearpoke
|poke|p1|Camerupt, M
|poke|p1|Clefable, M
|poke|p1|Tyranitar, F
|poke|p1|Breloom, F
|poke|p1|Mandibuzz, F
|poke|p1|Manaphy
|poke|p2|Thundurus, M
|poke|p2|Bisharp, F
|poke|p2|Starmie
|poke|p2|Heatran, M
|poke|p2|Venusaur, F
|poke|p2|Tornadus-Therian, M
|rule|Swagger Clause: Swagger is banned
|rule|Baton Pass Clause: Limit one Pokémon knowing Baton Pass
|rule|Sleep Clause Mod: Limit one foe put to sleep
|rule|Species Clause: Limit one of each Pokémon
|rule|OHKO Clause: OHKO moves are banned
|rule|Moody Clause: Moody is banned
|rule|Evasion Moves Clause: Evasion moves are banned
|rule|Endless Battle Clause: Forcing endless battles is banned
|rule|HP Percentage Mod: HP is shown in percentages
|teampreview
|
|start
|switch|p1a: Manaphy|Manaphy|404\/404
|switch|p2a: Venusaur|Venusaur, F|360\/360
|turn|1
|
|switch|p1a: Mandibuzz|Mandibuzz, F|424\/424
|detailschange|p2a: Venusaur|Venusaur-Mega, F
|-mega|p2a: Venusaur|Venusaur|Venusaurite
|move|p2a: Venusaur|Giga Drain|p1a: Mandibuzz
|-resisted|p1a: Mandibuzz
|-damage|p1a: Mandibuzz|364\/424
|
|-heal|p1a: Mandibuzz|390\/424|[from] item: Leftovers
|turn|2
|
|move|p2a: Venusaur|Sludge Bomb|p1a: Mandibuzz
|-damage|p1a: Mandibuzz|237\/424
|-status|p1a: Mandibuzz|psn
|move|p1a: Mandibuzz|Roost|p1a: Mandibuzz
|-heal|p1a: Mandibuzz|424\/424 psn
|
|-damage|p1a: Mandibuzz|371\/424 psn|[from] psn
|turn|3
|
|move|p2a: Venusaur|Sludge Bomb|p1a: Mandibuzz
|-damage|p1a: Mandibuzz|212\/424 psn
|move|p1a: Mandibuzz|Brave Bird|p2a: Venusaur
|-supereffective|p2a: Venusaur
|-damage|p2a: Venusaur|192\/360
|-damage|p1a: Mandibuzz|157\/424 psn|[from] recoil|[of] p2a: Venusaur
|
|-heal|p1a: Mandibuzz|183\/424 psn|[from] item: Leftovers
|-damage|p1a: Mandibuzz|130\/424 psn|[from] psn
|turn|4
|
|move|p2a: Venusaur|Sludge Bomb|p1a: Mandibuzz
|-damage|p1a: Mandibuzz|0 fnt
|faint|p1a: Mandibuzz
|
|
|switch|p1a: Camerupt|Camerupt, M|331\/331
|turn|5
|
|switch|p2a: Starmie|Starmie|261\/261
|detailschange|p1a: Camerupt|Camerupt-Mega, M
|-mega|p1a: Camerupt|Camerupt|Cameruptite
|move|p1a: Camerupt|Earth Power|p2a: Starmie
|-damage|p2a: Starmie|0 fnt
|faint|p2a: Starmie
|
|
|switch|p2a: Heatran|Heatran, M|327\/327
|turn|6
|
|move|p2a: Heatran|Earth Power|p1a: Camerupt
|-supereffective|p1a: Camerupt
|-damage|p1a: Camerupt|121\/331
|-unboost|p1a: Camerupt|spd|1
|move|p1a: Camerupt|Stealth Rock|p2a: Heatran
|-sidestart|p2: WECAMEASROMANS|move: Stealth Rock
|
|turn|7
|
|switch|p1a: Manaphy|Manaphy|404\/404
|move|p2a: Heatran|Stealth Rock|p1a: Manaphy
|-sidestart|p1: looiiyut|move: Stealth Rock
|
|turn|8
|
|move|p2a: Heatran|Earth Power|p1a: Manaphy
|-damage|p1a: Manaphy|291\/404
|move|p1a: Manaphy|Calm Mind|p1a: Manaphy
|-boost|p1a: Manaphy|spa|1
|-boost|p1a: Manaphy|spd|1
|
|-heal|p1a: Manaphy|316\/404|[from] item: Leftovers
|turn|9
|
|move|p2a: Heatran|Taunt|p1a: Manaphy
|-start|p1a: Manaphy|move: Taunt
|cant|p1a: Manaphy|move: Taunt|Calm Mind
|
|-heal|p1a: Manaphy|341\/404|[from] item: Leftovers
|turn|10
|
|move|p2a: Heatran|Earth Power|p1a: Manaphy
|-damage|p1a: Manaphy|268\/404
|move|p1a: Manaphy|Scald|p2a: Heatran
|-supereffective|p2a: Heatran
|-damage|p2a: Heatran|63\/327
|
|-heal|p2a: Heatran|83\/327|[from] item: Leftovers
|-heal|p1a: Manaphy|293\/404|[from] item: Leftovers
|turn|11
|
|move|p2a: Heatran|Earth Power|p1a: Manaphy
|-crit|p1a: Manaphy
|-damage|p1a: Manaphy|130\/404
|move|p1a: Manaphy|Scald|p2a: Heatran
|-supereffective|p2a: Heatran
|-damage|p2a: Heatran|0 fnt
|faint|p2a: Heatran
|
|-heal|p1a: Manaphy|155\/404|[from] item: Leftovers
|-end|p1a: Manaphy|move: Taunt
|
|switch|p2a: Venusaur|Venusaur-Mega, F|192\/360
|-damage|p2a: Venusaur|147\/360|[from] Stealth Rock
|turn|12
|
|move|p1a: Manaphy|Scald|p2a: Venusaur
|-resisted|p2a: Venusaur
|-damage|p2a: Venusaur|86\/360
|-status|p2a: Venusaur|brn
|move|p2a: Venusaur|Synthesis|p2a: Venusaur
|-heal|p2a: Venusaur|266\/360 brn
|
|-heal|p1a: Manaphy|180\/404|[from] item: Leftovers
|-damage|p2a: Venusaur|221\/360 brn|[from] brn
|turn|13
|
|move|p1a: Manaphy|Rain Dance|p1a: Manaphy
|-weather|RainDance
|move|p2a: Venusaur|Giga Drain|p1a: Manaphy
|-supereffective|p1a: Manaphy
|-damage|p1a: Manaphy|6\/404
|-heal|p2a: Venusaur|308\/360 brn|[from] drain|[of] p1a: Manaphy
|
|-weather|RainDance|[upkeep]
|-heal|p1a: Manaphy|31\/404|[from] item: Leftovers
|-damage|p2a: Venusaur|263\/360 brn|[from] brn
|turn|14
|
|move|p1a: Manaphy|Rest|p1a: Manaphy
|-status|p1a: Manaphy|slp
|-heal|p1a: Manaphy|404\/404 slp|[silent]
|-status|p1a: Manaphy|slp|[from] move: Rest
|move|p2a: Venusaur|Giga Drain|p1a: Manaphy
|-supereffective|p1a: Manaphy
|-damage|p1a: Manaphy|230\/404 slp
|-heal|p2a: Venusaur|350\/360 brn|[from] drain|[of] p1a: Manaphy
|
|-weather|RainDance|[upkeep]
|-curestatus|p1a: Manaphy|slp
|-heal|p1a: Manaphy|255\/404|[from] item: Leftovers
|-damage|p2a: Venusaur|305\/360 brn|[from] brn
|turn|15
|
|move|p1a: Manaphy|Calm Mind|p1a: Manaphy
|-boost|p1a: Manaphy|spa|1
|-boost|p1a: Manaphy|spd|1
|move|p2a: Venusaur|Giga Drain|p1a: Manaphy
|-supereffective|p1a: Manaphy
|-damage|p1a: Manaphy|121\/404
|-heal|p2a: Venusaur|360\/360 brn|[from] drain|[of] p1a: Manaphy
|
|-weather|RainDance|[upkeep]
|-heal|p1a: Manaphy|146\/404|[from] item: Leftovers
|-damage|p2a: Venusaur|315\/360 brn|[from] brn
|turn|16
|
|move|p1a: Manaphy|Rest|p1a: Manaphy
|-status|p1a: Manaphy|slp
|-heal|p1a: Manaphy|404\/404 slp|[silent]
|-status|p1a: Manaphy|slp|[from] move: Rest
|move|p2a: Venusaur|Giga Drain|p1a: Manaphy
|-supereffective|p1a: Manaphy
|-damage|p1a: Manaphy|254\/404 slp
|-heal|p2a: Venusaur|360\/360 brn|[from] drain|[of] p1a: Manaphy
|
|-weather|RainDance|[upkeep]
|-curestatus|p1a: Manaphy|slp
|-heal|p1a: Manaphy|279\/404|[from] item: Leftovers
|-damage|p2a: Venusaur|315\/360 brn|[from] brn
|turn|17
|
|move|p1a: Manaphy|Calm Mind|p1a: Manaphy
|-boost|p1a: Manaphy|spa|1
|-boost|p1a: Manaphy|spd|1
|move|p2a: Venusaur|Giga Drain|p1a: Manaphy
|-supereffective|p1a: Manaphy
|-damage|p1a: Manaphy|165\/404
|-heal|p2a: Venusaur|360\/360 brn|[from] drain|[of] p1a: Manaphy
|
|-weather|none
|-heal|p1a: Manaphy|190\/404|[from] item: Leftovers
|-damage|p2a: Venusaur|315\/360 brn|[from] brn
|turn|18
|
|move|p1a: Manaphy|Rain Dance|p1a: Manaphy
|-weather|RainDance
|move|p2a: Venusaur|Giga Drain|p1a: Manaphy
|-supereffective|p1a: Manaphy
|-damage|p1a: Manaphy|82\/404
|-heal|p2a: Venusaur|360\/360 brn|[from] drain|[of] p1a: Manaphy
|
|-weather|RainDance|[upkeep]
|-heal|p1a: Manaphy|107\/404|[from] item: Leftovers
|-damage|p2a: Venusaur|315\/360 brn|[from] brn
|turn|19
|
|move|p1a: Manaphy|Rest|p1a: Manaphy
|-status|p1a: Manaphy|slp
|-heal|p1a: Manaphy|404\/404 slp|[silent]
|-status|p1a: Manaphy|slp|[from] move: Rest
|move|p2a: Venusaur|Giga Drain|p1a: Manaphy
|-supereffective|p1a: Manaphy
|-damage|p1a: Manaphy|282\/404 slp
|-heal|p2a: Venusaur|360\/360 brn|[from] drain|[of] p1a: Manaphy
|
|-weather|RainDance|[upkeep]
|-curestatus|p1a: Manaphy|slp
|-heal|p1a: Manaphy|307\/404|[from] item: Leftovers
|-damage|p2a: Venusaur|315\/360 brn|[from] brn
|turn|20
|
|move|p1a: Manaphy|Scald|p2a: Venusaur
|-resisted|p2a: Venusaur
|-damage|p2a: Venusaur|176\/360 brn
|move|p2a: Venusaur|Giga Drain|p1a: Manaphy
|-supereffective|p1a: Manaphy
|-damage|p1a: Manaphy|185\/404
|-heal|p2a: Venusaur|237\/360 brn|[from] drain|[of] p1a: Manaphy
|
|-weather|RainDance|[upkeep]
|-heal|p1a: Manaphy|210\/404|[from] item: Leftovers
|-damage|p2a: Venusaur|192\/360 brn|[from] brn
|turn|21
|
|move|p1a: Manaphy|Rest|p1a: Manaphy
|-status|p1a: Manaphy|slp
|-heal|p1a: Manaphy|404\/404 slp|[silent]
|-status|p1a: Manaphy|slp|[from] move: Rest
|move|p2a: Venusaur|Giga Drain|p1a: Manaphy
|-supereffective|p1a: Manaphy
|-damage|p1a: Manaphy|282\/404 slp
|-heal|p2a: Venusaur|253\/360 brn|[from] drain|[of] p1a: Manaphy
|
|-weather|RainDance|[upkeep]
|-curestatus|p1a: Manaphy|slp
|-heal|p1a: Manaphy|307\/404|[from] item: Leftovers
|-damage|p2a: Venusaur|208\/360 brn|[from] brn
|turn|22
|
|move|p1a: Manaphy|Scald|p2a: Venusaur
|-resisted|p2a: Venusaur
|-damage|p2a: Venusaur|64\/360 brn
|move|p2a: Venusaur|Giga Drain|p1a: Manaphy
|-crit|p1a: Manaphy
|-supereffective|p1a: Manaphy
|-damage|p1a: Manaphy|0 fnt
|-heal|p2a: Venusaur|218\/360 brn|[from] drain|[of] p1a: Manaphy
|faint|p1a: Manaphy
|
|-weather|none
|-damage|p2a: Venusaur|173\/360 brn|[from] brn
|
|switch|p1a: Tyranitar|Tyranitar, F|404\/404
|-damage|p1a: Tyranitar|354\/404|[from] Stealth Rock
|-weather|Sandstorm
|turn|23
|c|★looiiyut|damn :)
|
|move|p2a: Venusaur|Giga Drain|p1a: Tyranitar
|-supereffective|p1a: Tyranitar
|-damage|p1a: Tyranitar|232\/404
|-heal|p2a: Venusaur|234\/360 brn|[from] drain|[of] p1a: Tyranitar
|move|p1a: Tyranitar|Stone Edge|p2a: Venusaur
|-crit|p2a: Venusaur
|-damage|p2a: Venusaur|24\/360 brn
|
|-weather|Sandstorm|[upkeep]
|-damage|p2a: Venusaur|2\/360 brn|[from] sandstorm
|-damage|p2a: Venusaur|0 fnt|[from] brn
|faint|p2a: Venusaur
|
|switch|p2a: Bisharp|Bisharp, F|271\/271
|-damage|p2a: Bisharp|255\/271|[from] Stealth Rock
|turn|24
|
|switch|p1a: Camerupt|Camerupt-Mega, M|121\/331
|-damage|p1a: Camerupt|80\/331|[from] Stealth Rock
|move|p2a: Bisharp|Iron Head|p1a: Camerupt
|-crit|p1a: Camerupt
|-resisted|p1a: Camerupt
|-damage|p1a: Camerupt|0 fnt
|-damage|p2a: Bisharp|228\/271|[from] item: Life Orb
|faint|p1a: Camerupt
|
|-weather|Sandstorm|[upkeep]
|
|switch|p1a: Breloom|Breloom, F|323\/323
|-damage|p1a: Breloom|303\/323|[from] Stealth Rock
|turn|25
|
|switch|p2a: Thundurus|Thundurus, M|299\/299
|-damage|p2a: Thundurus|225\/299|[from] Stealth Rock
|move|p1a: Breloom|Spore|p2a: Thundurus
|-status|p2a: Thundurus|slp
|
|-weather|Sandstorm|[upkeep]
|-damage|p2a: Thundurus|207\/299 slp|[from] sandstorm
|-damage|p1a: Breloom|283\/323|[from] sandstorm
|-heal|p2a: Thundurus|225\/299 slp|[from] item: Leftovers
|-status|p1a: Breloom|tox|[from] item: Toxic Orb
|turn|26
|
|switch|p2a: Tornadus-Therian|Tornadus-Therian, M|299\/299
|-damage|p2a: Tornadus-Therian|225\/299|[from] Stealth Rock
|move|p1a: Breloom|Seed Bomb|p2a: Tornadus-Therian
|-resisted|p2a: Tornadus-Therian
|-damage|p2a: Tornadus-Therian|147\/299
|
|-weather|Sandstorm|[upkeep]
|-damage|p2a: Tornadus-Therian|129\/299|[from] sandstorm
|-damage|p1a: Breloom|263\/323 tox|[from] sandstorm
|-heal|p1a: Breloom|303\/323 tox|[from] ability: Poison Heal
|turn|27
|
|switch|p1a: Clefable|Clefable, M|394\/394
|-damage|p1a: Clefable|345\/394|[from] Stealth Rock
|move|p2a: Tornadus-Therian|Hurricane|p1a: Clefable
|-damage|p1a: Clefable|88\/394
|-damage|p2a: Tornadus-Therian|100\/299|[from] item: Life Orb
|
|-weather|none
|-heal|p1a: Clefable|112\/394|[from] item: Leftovers
|turn|28
|
|move|p2a: Tornadus-Therian|Hurricane|p1a: Clefable
|-damage|p1a: Clefable|0 fnt
|-damage|p2a: Tornadus-Therian|71\/299|[from] item: Life Orb
|faint|p1a: Clefable
|
|
|switch|p1a: Tyranitar|Tyranitar, F|232\/404
|-damage|p1a: Tyranitar|182\/404|[from] Stealth Rock
|-weather|Sandstorm
|turn|29
|
|move|p2a: Tornadus-Therian|Superpower|p1a: Tyranitar
|-supereffective|p1a: Tyranitar
|-damage|p1a: Tyranitar|0 fnt
|-unboost|p2a: Tornadus-Therian|atk|1
|-unboost|p2a: Tornadus-Therian|def|1
|-damage|p2a: Tornadus-Therian|42\/299|[from] item: Life Orb
|faint|p1a: Tyranitar
|
|-weather|Sandstorm|[upkeep]
|-damage|p2a: Tornadus-Therian|24\/299|[from] sandstorm
|
|switch|p1a: Breloom|Breloom, F|303\/323 tox
|-damage|p1a: Breloom|283\/323 tox|[from] Stealth Rock
|turn|30
|
|switch|p2a: Bisharp|Bisharp, F|228\/271
|-damage|p2a: Bisharp|212\/271|[from] Stealth Rock
|move|p1a: Breloom|Mach Punch|p2a: Bisharp
|-supereffective|p2a: Bisharp
|-damage|p2a: Bisharp|0 fnt
|faint|p2a: Bisharp
|
|-weather|Sandstorm|[upkeep]
|-damage|p1a: Breloom|263\/323 tox|[from] sandstorm
|-heal|p1a: Breloom|303\/323 tox|[from] ability: Poison Heal
|
|switch|p2a: Tornadus-Therian|Tornadus-Therian, M|123\/299
|-damage|p2a: Tornadus-Therian|49\/299|[from] Stealth Rock
|turn|31
|
|switch|p2a: Thundurus|Thundurus, M|225\/299 slp
|-damage|p2a: Thundurus|151\/299 slp|[from] Stealth Rock
|move|p1a: Breloom|Mach Punch|p2a: Thundurus
|-resisted|p2a: Thundurus
|-damage|p2a: Thundurus|110\/299 slp
|
|-weather|Sandstorm|[upkeep]
|-damage|p2a: Thundurus|92\/299 slp|[from] sandstorm
|-damage|p1a: Breloom|283\/323 tox|[from] sandstorm
|-heal|p2a: Thundurus|110\/299 slp|[from] item: Leftovers
|-heal|p1a: Breloom|323\/323 tox|[from] ability: Poison Heal
|turn|32
|
|cant|p2a: Thundurus|slp
|move|p1a: Breloom|Seed Bomb|p2a: Thundurus
|-resisted|p2a: Thundurus
|-damage|p2a: Thundurus|32\/299 slp
|
|-weather|Sandstorm|[upkeep]
|-damage|p2a: Thundurus|14\/299 slp|[from] sandstorm
|-damage|p1a: Breloom|303\/323 tox|[from] sandstorm
|-heal|p2a: Thundurus|32\/299 slp|[from] item: Leftovers
|-heal|p1a: Breloom|323\/323 tox|[from] ability: Poison Heal
|turn|33
|
|move|p1a: Breloom|Mach Punch|p2a: Thundurus
|-resisted|p2a: Thundurus
|-damage|p2a: Thundurus|0 fnt
|faint|p2a: Thundurus
|
|-weather|none
|
|switch|p2a: Tornadus-Therian|Tornadus-Therian, M|148\/299
|-damage|p2a: Tornadus-Therian|74\/299|[from] Stealth Rock
|turn|34
|
|move|p2a: Tornadus-Therian|Hurricane|p1a: Breloom
|-supereffective|p1a: Breloom
|-damage|p1a: Breloom|0 fnt
|-damage|p2a: Tornadus-Therian|45\/299|[from] item: Life Orb
|faint|p1a: Breloom
|
|win|WECAMEASROMANS
|raw|Ladder updating...
|leave|WECAMEASROMANS
|raw|looiiyut's rating: 1567 &rarr; <strong>1551<\/strong><br \/>(-16 for losing)
|raw|WECAMEASROMANS's rating: 1626 &rarr; <strong>1643<\/strong><br \/>(+17 for winning)
|c|★looiiyut|gg
|player|p2