|join|LT2A TGMD
|join|LadderSoTall
|player|p1|LT2A TGMD|144
|player|p2|LadderSoTall|31
|gametype|singles
|gen|6
|tier|OU
|rated
|clearpoke
|poke|p1|Suicune
|poke|p1|Talonflame, M
|poke|p1|Latios, M
|poke|p1|Heracross, F
|poke|p1|Landorus-Therian, M
|poke|p1|Ferrothorn, F
|poke|p2|Slowbro, M
|poke|p2|Heracross, M
|poke|p2|Latios, M
|poke|p2|Heatran, M
|poke|p2|Clefable, M
|poke|p2|Terrakion
|rule|Swagger Clause: Swagger is banned
|rule|Baton Pass Clause: Limit one Pokémon knowing Baton Pass
|rule|Sleep Clause Mod: Limit one foe put to sleep
|rule|Species Clause: Limit one of each Pokémon
|rule|OHKO Clause: OHKO moves are banned
|rule|Moody Clause: Moody is banned
|rule|Evasion Moves Clause: Evasion moves are banned
|rule|Endless Battle Clause: Forcing endless battles is banned
|rule|HP Percentage Mod: HP is shown in percentages
|teampreview
|
|start
|switch|p1a: Heracross|Heracross, F|301\/301
|switch|p2a: Strong Bug|Heracross, M|302\/302
|turn|1
|
|detailschange|p1a: Heracross|Heracross-Mega, F
|message|Heracross has Mega Evolved into Mega Heracross!
|detailschange|p2a: Strong Bug|Heracross-Mega, M
|message|Heracross has Mega Evolved into Mega Heracross!
|move|p1a: Heracross|Rock Blast|p2a: Strong Bug
|-damage|p2a: Strong Bug|268\/302
|-damage|p2a: Strong Bug|231\/302
|-damage|p2a: Strong Bug|198\/302
|-damage|p2a: Strong Bug|163\/302
|-damage|p2a: Strong Bug|128\/302
|-hitcount|p2a: Strong Bug|5
|move|p2a: Strong Bug|Rock Blast|p1a: Heracross
|-damage|p1a: Heracross|268\/301
|-damage|p1a: Heracross|236\/301
|-damage|p1a: Heracross|199\/301
|-damage|p1a: Heracross|166\/301
|-damage|p1a: Heracross|133\/301
|-hitcount|p1a: Heracross|5
|
|turn|2
|
|switch|p1a: Landorus-Therian|Landorus-Therian, M|369\/369
|-ability|p1a: Landorus-Therian|Intimidate|[of] p2a: Strong Bug
|-unboost|p2a: Strong Bug|atk|1
|move|p2a: Strong Bug|Pin Missile|p1a: Landorus-Therian
|-crit|p1a: Landorus-Therian
|-resisted|p1a: Landorus-Therian
|-damage|p1a: Landorus-Therian|335\/369
|-resisted|p1a: Landorus-Therian
|-damage|p1a: Landorus-Therian|319\/369
|-resisted|p1a: Landorus-Therian
|-damage|p1a: Landorus-Therian|304\/369
|-resisted|p1a: Landorus-Therian
|-damage|p1a: Landorus-Therian|289\/369
|-resisted|p1a: Landorus-Therian
|-damage|p1a: Landorus-Therian|274\/369
|-hitcount|p1a: Landorus-Therian|5
|
|-heal|p1a: Landorus-Therian|297\/369|[from] item: Leftovers
|turn|3
|
|move|p2a: Strong Bug|Bullet Seed|p1a: Landorus-Therian
|-damage|p1a: Landorus-Therian|275\/369
|-damage|p1a: Landorus-Therian|255\/369
|-damage|p1a: Landorus-Therian|232\/369
|-crit|p1a: Landorus-Therian
|-damage|p1a: Landorus-Therian|183\/369
|-damage|p1a: Landorus-Therian|163\/369
|-hitcount|p1a: Landorus-Therian|5
|move|p1a: Landorus-Therian|Stealth Rock|p2a: Strong Bug
|-sidestart|p2: LadderSoTall|move: Stealth Rock
|
|-heal|p1a: Landorus-Therian|186\/369|[from] item: Leftovers
|turn|4
|
|move|p2a: Strong Bug|Bullet Seed|p1a: Landorus-Therian
|-damage|p1a: Landorus-Therian|164\/369
|-damage|p1a: Landorus-Therian|142\/369
|-damage|p1a: Landorus-Therian|121\/369
|-damage|p1a: Landorus-Therian|99\/369
|-damage|p1a: Landorus-Therian|77\/369
|-hitcount|p1a: Landorus-Therian|5
|move|p1a: Landorus-Therian|U-turn|p2a: Strong Bug
|-resisted|p2a: Strong Bug
|-damage|p2a: Strong Bug|91\/302
|
|switch|p1a: Talonflame|Talonflame, M|359\/359
|
|turn|5
|
|switch|p2a: Lava Flow|Heatran, M|386\/386
|-damage|p2a: Lava Flow|338\/386|[from] Stealth Rock
|move|p1a: Talonflame|Brave Bird|p2a: Lava Flow
|-resisted|p2a: Lava Flow
|-damage|p2a: Lava Flow|281\/386
|-damage|p1a: Talonflame|340\/359|[from] recoil|[of] p2a: Lava Flow
|
|-heal|p1a: Talonflame|359\/359|[from] item: Leftovers
|-heal|p2a: Lava Flow|305\/386|[from] item: Leftovers
|turn|6
|
|move|p1a: Talonflame|Taunt|p2a: Lava Flow
|-start|p2a: Lava Flow|move: Taunt
|move|p2a: Lava Flow|Lava Plume|p1a: Talonflame
|-resisted|p1a: Talonflame
|-damage|p1a: Talonflame|307\/359
|
|-heal|p1a: Talonflame|329\/359|[from] item: Leftovers
|-heal|p2a: Lava Flow|329\/386|[from] item: Leftovers
|turn|7
|join|Finchinator
|
|switch|p1a: Suicune|Suicune|404\/404
|-ability|p1a: Suicune|Pressure
|move|p2a: Lava Flow|Lava Plume|p1a: Suicune
|-crit|p1a: Suicune
|-resisted|p1a: Suicune
|-damage|p1a: Suicune|323\/404
|
|-heal|p1a: Suicune|348\/404|[from] item: Leftovers
|-heal|p2a: Lava Flow|353\/386|[from] item: Leftovers
|turn|8
|c|★LT2A TGMD|finchy poo
|c| Finchinator|o.o
|
|switch|p2a: Sky Flyer|Latios, M|302\/302
|-damage|p2a: Sky Flyer|265\/302|[from] Stealth Rock
|move|p1a: Suicune|Scald|p2a: Sky Flyer
|-resisted|p2a: Sky Flyer
|-damage|p2a: Sky Flyer|223\/302
|-status|p2a: Sky Flyer|brn
|
|-heal|p1a: Suicune|373\/404|[from] item: Leftovers
|-damage|p2a: Sky Flyer|186\/302 brn|[from] brn
|turn|9
|
|move|p2a: Sky Flyer|Trick|p1a: Suicune
|-activate|p2a: Sky Flyer|move: Trick|[of] p1a: Suicune
|-item|p1a: Suicune|Choice Scarf|[from] move: Trick
|-item|p2a: Sky Flyer|Leftovers|[from] move: Trick
|move|p1a: Suicune|Calm Mind|p1a: Suicune
|-boost|p1a: Suicune|spa|1
|-boost|p1a: Suicune|spd|1
|
|-heal|p2a: Sky Flyer|204\/302 brn|[from] item: Leftovers
|-damage|p2a: Sky Flyer|167\/302 brn|[from] brn
|turn|10
|c|★LT2A TGMD|oml
|
|switch|p2a: Lava Flow|Heatran, M|353\/386
|-damage|p2a: Lava Flow|305\/386|[from] Stealth Rock
|switch|p1a: Ferrothorn|Ferrothorn, F|351\/351
|
|-heal|p2a: Lava Flow|329\/386|[from] item: Leftovers
|turn|11
|
|switch|p1a: Latios|Latios, M|301\/301
|move|p2a: Lava Flow|Lava Plume|p1a: Latios
|-crit|p1a: Latios
|-resisted|p1a: Latios
|-damage|p1a: Latios|214\/301
|
|-heal|p2a: Lava Flow|353\/386|[from] item: Leftovers
|turn|12
|
|switch|p1a: Talonflame|Talonflame, M|329\/359
|move|p2a: Lava Flow|Stealth Rock|p1a: Talonflame
|-sidestart|p1: LT2A TGMD|move: Stealth Rock
|
|-heal|p1a: Talonflame|351\/359|[from] item: Leftovers
|-heal|p2a: Lava Flow|377\/386|[from] item: Leftovers
|turn|13
|
|switch|p1a: Latios|Latios, M|214\/301
|-damage|p1a: Latios|177\/301|[from] Stealth Rock
|move|p2a: Lava Flow|Lava Plume|p1a: Latios
|-resisted|p1a: Latios
|-damage|p1a: Latios|127\/301
|
|-heal|p2a: Lava Flow|386\/386|[from] item: Leftovers
|turn|14
|
|move|p1a: Latios|Defog|p2a: Lava Flow
|-unboost|p2a: Lava Flow|evasion|1
|-sideend|p2: LadderSoTall|Stealth Rock|[from] move: Defog|[of] p2a: Lava Flow
|-sideend|p1: LT2A TGMD|Stealth Rock|[from] move: Defog|[of] p1a: Latios
|move|p2a: Lava Flow|Toxic|p1a: Latios
|-status|p1a: Latios|tox
|
|-damage|p1a: Latios|109\/301 tox|[from] psn
|turn|15
|
|move|p1a: Latios|Recover|p1a: Latios
|-heal|p1a: Latios|260\/301 tox
|move|p2a: Lava Flow|Stealth Rock|p1a: Latios
|-sidestart|p1: LT2A TGMD|move: Stealth Rock
|
|-damage|p1a: Latios|224\/301 tox|[from] psn
|turn|16
|
|move|p1a: Latios|Defog|p2a: Lava Flow
|-unboost|p2a: Lava Flow|evasion|1
|-sideend|p1: LT2A TGMD|Stealth Rock|[from] move: Defog|[of] p1a: Latios
|move|p2a: Lava Flow|Lava Plume|p1a: Latios
|-resisted|p1a: Latios
|-damage|p1a: Latios|168\/301 tox
|
|-damage|p1a: Latios|114\/301 tox|[from] psn
|turn|17
|
|switch|p1a: Heracross|Heracross-Mega, F|133\/301
|move|p2a: Lava Flow|Stealth Rock|p1a: Heracross
|-sidestart|p1: LT2A TGMD|move: Stealth Rock
|
|turn|18
|
|switch|p2a: Sky Flyer|Latios, M|167\/302 brn
|move|p1a: Heracross|Close Combat|p2a: Sky Flyer
|-resisted|p2a: Sky Flyer
|-damage|p2a: Sky Flyer|0 fnt
|-unboost|p1a: Heracross|def|1
|-unboost|p1a: Heracross|spd|1
|faint|p2a: Sky Flyer
|
|
|switch|p2a: Mt. Rakion|Terrakion|324\/324
|turn|19
|join|Tesung
|
|switch|p1a: Landorus-Therian|Landorus-Therian, M|77\/369
|-damage|p1a: Landorus-Therian|31\/369|[from] Stealth Rock
|-ability|p1a: Landorus-Therian|Intimidate|[of] p2a: Mt. Rakion
|-unboost|p2a: Mt. Rakion|atk|1
|move|p2a: Mt. Rakion|Close Combat|p1a: Landorus-Therian
|-crit|p1a: Landorus-Therian
|-resisted|p1a: Landorus-Therian
|-damage|p1a: Landorus-Therian|0 fnt
|-unboost|p2a: Mt. Rakion|def|1
|-unboost|p2a: Mt. Rakion|spd|1
|faint|p1a: Landorus-Therian
|
|
|switch|p1a: Suicune|Suicune|373\/404
|-damage|p1a: Suicune|323\/404|[from] Stealth Rock
|-ability|p1a: Suicune|Pressure
|turn|20
|
|switch|p2a: Mega Audino 2.0|Clefable, M|394\/394
|move|p1a: Suicune|Scald|p2a: Mega Audino 2.0
|-crit|p2a: Mega Audino 2.0
|-damage|p2a: Mega Audino 2.0|264\/394
|
|-heal|p2a: Mega Audino 2.0|288\/394|[from] item: Leftovers
|turn|21
|
|switch|p1a: Talonflame|Talonflame, M|351\/359
|-damage|p1a: Talonflame|172\/359|[from] Stealth Rock
|move|p2a: Mega Audino 2.0|Moonblast|p1a: Talonflame
|-resisted|p1a: Talonflame
|-damage|p1a: Talonflame|123\/359
|
|-heal|p1a: Talonflame|145\/359|[from] item: Leftovers
|-heal|p2a: Mega Audino 2.0|312\/394|[from] item: Leftovers
|turn|22
|
|move|p1a: Talonflame|Will-O-Wisp|p2a: Mega Audino 2.0
|-status|p2a: Mega Audino 2.0|brn
|move|p2a: Mega Audino 2.0|Calm Mind|p2a: Mega Audino 2.0
|-boost|p2a: Mega Audino 2.0|spa|1
|-boost|p2a: Mega Audino 2.0|spd|1
|
|-heal|p1a: Talonflame|167\/359|[from] item: Leftovers
|-heal|p2a: Mega Audino 2.0|336\/394 brn|[from] item: Leftovers
|turn|23
|
|move|p1a: Talonflame|Taunt|p2a: Mega Audino 2.0
|-start|p2a: Mega Audino 2.0|move: Taunt
|move|p2a: Mega Audino 2.0|Moonblast|p1a: Talonflame
|-resisted|p1a: Talonflame
|-damage|p1a: Talonflame|89\/359
|
|-heal|p1a: Talonflame|111\/359|[from] item: Leftovers
|-heal|p2a: Mega Audino 2.0|360\/394 brn|[from] item: Leftovers
|turn|24
|
|move|p1a: Talonflame|Roost|p1a: Talonflame
|-heal|p1a: Talonflame|291\/359
|move|p2a: Mega Audino 2.0|Moonblast|p1a: Talonflame
|-resisted|p1a: Talonflame
|-damage|p1a: Talonflame|223\/359
|
|-heal|p1a: Talonflame|245\/359|[from] item: Leftovers
|-heal|p2a: Mega Audino 2.0|384\/394 brn|[from] item: Leftovers
|turn|25
|
|move|p1a: Talonflame|Brave Bird|p2a: Mega Audino 2.0
|-damage|p2a: Mega Audino 2.0|264\/394 brn
|-damage|p1a: Talonflame|205\/359|[from] recoil|[of] p2a: Mega Audino 2.0
|move|p2a: Mega Audino 2.0|Moonblast|p1a: Talonflame
|-resisted|p1a: Talonflame
|-damage|p1a: Talonflame|127\/359
|
|-heal|p1a: Talonflame|149\/359|[from] item: Leftovers
|-heal|p2a: Mega Audino 2.0|288\/394 brn|[from] item: Leftovers
|-end|p2a: Mega Audino 2.0|move: Taunt
|turn|26
|
|switch|p2a: Mt. Rakion|Terrakion|324\/324
|move|p1a: Talonflame|Taunt|p2a: Mt. Rakion
|-start|p2a: Mt. Rakion|move: Taunt
|
|-heal|p1a: Talonflame|171\/359|[from] item: Leftovers
|turn|27
|
|switch|p1a: Ferrothorn|Ferrothorn, F|351\/351
|-damage|p1a: Ferrothorn|330\/351|[from] Stealth Rock
|move|p2a: Mt. Rakion|Close Combat|p1a: Ferrothorn
|-supereffective|p1a: Ferrothorn
|-damage|p1a: Ferrothorn|28\/351
|-damage|p2a: Mt. Rakion|284\/324|[from] ability: Iron Barbs|[of] p1a: Ferrothorn
|-unboost|p2a: Mt. Rakion|def|1
|-unboost|p2a: Mt. Rakion|spd|1
|
|-heal|p1a: Ferrothorn|49\/351|[from] item: Leftovers
|turn|28
|
|move|p1a: Ferrothorn|Protect|p1a: Ferrothorn
|-singleturn|p1a: Ferrothorn|Protect
|move|p2a: Mt. Rakion|Close Combat|p1a: Ferrothorn
|-activate|p1a: Ferrothorn|Protect
|
|-heal|p1a: Ferrothorn|70\/351|[from] item: Leftovers
|turn|29
|
|move|p1a: Ferrothorn|Protect|p1a: Ferrothorn
|-fail|p1a: Ferrothorn
|move|p2a: Mt. Rakion|Close Combat|p1a: Ferrothorn
|-supereffective|p1a: Ferrothorn
|-damage|p1a: Ferrothorn|0 fnt
|-damage|p2a: Mt. Rakion|244\/324|[from] ability: Iron Barbs|[of] p1a: Ferrothorn
|-unboost|p2a: Mt. Rakion|def|1
|-unboost|p2a: Mt. Rakion|spd|1
|faint|p1a: Ferrothorn
|
|-end|p2a: Mt. Rakion|move: Taunt
|
|switch|p1a: Suicune|Suicune|323\/404
|-damage|p1a: Suicune|273\/404|[from] Stealth Rock
|-ability|p1a: Suicune|Pressure
|turn|30
|
|switch|p2a: Mega Audino 2.0|Clefable, M|288\/394 brn
|switch|p1a: Latios|Latios, M|114\/301 tox
|-damage|p1a: Latios|77\/301 tox|[from] Stealth Rock
|
|-heal|p2a: Mega Audino 2.0|312\/394 brn|[from] item: Leftovers
|-damage|p1a: Latios|59\/301 tox|[from] psn
|turn|31
|
|move|p1a: Latios|Defog|p2a: Mega Audino 2.0
|-unboost|p2a: Mega Audino 2.0|evasion|1
|-sideend|p1: LT2A TGMD|Stealth Rock|[from] move: Defog|[of] p1a: Latios
|move|p2a: Mega Audino 2.0|Moonblast|p1a: Latios
|-supereffective|p1a: Latios
|-damage|p1a: Latios|0 fnt
|faint|p1a: Latios
|
|-heal|p2a: Mega Audino 2.0|336\/394 brn|[from] item: Leftovers
|
|switch|p1a: Talonflame|Talonflame, M|171\/359
|turn|32
|
|move|p1a: Talonflame|Will-O-Wisp|p2a: Mega Audino 2.0
|-fail|p2a: Mega Audino 2.0|brn
|move|p2a: Mega Audino 2.0|Calm Mind|p2a: Mega Audino 2.0
|-boost|p2a: Mega Audino 2.0|spa|1
|-boost|p2a: Mega Audino 2.0|spd|1
|
|-heal|p1a: Talonflame|193\/359|[from] item: Leftovers
|-heal|p2a: Mega Audino 2.0|360\/394 brn|[from] item: Leftovers
|turn|33
|
|move|p1a: Talonflame|Taunt|p2a: Mega Audino 2.0
|-start|p2a: Mega Audino 2.0|move: Taunt
|cant|p2a: Mega Audino 2.0|move: Taunt|Calm Mind
|
|-heal|p1a: Talonflame|215\/359|[from] item: Leftovers
|-heal|p2a: Mega Audino 2.0|384\/394 brn|[from] item: Leftovers
|turn|34
|
|move|p1a: Talonflame|Brave Bird|p2a: Mega Audino 2.0
|-crit|p2a: Mega Audino 2.0
|-damage|p2a: Mega Audino 2.0|221\/394 brn
|-damage|p1a: Talonflame|161\/359|[from] recoil|[of] p2a: Mega Audino 2.0
|move|p2a: Mega Audino 2.0|Moonblast|p1a: Talonflame
|-resisted|p1a: Talonflame
|-damage|p1a: Talonflame|92\/359
|
|-heal|p1a: Talonflame|114\/359|[from] item: Leftovers
|-heal|p2a: Mega Audino 2.0|245\/394 brn|[from] item: Leftovers
|turn|35
|
|move|p1a: Talonflame|Roost|p1a: Talonflame
|-heal|p1a: Talonflame|294\/359
|move|p2a: Mega Audino 2.0|Moonblast|p1a: Talonflame
|-resisted|p1a: Talonflame
|-damage|p1a: Talonflame|222\/359
|-unboost|p1a: Talonflame|spa|1
|
|-heal|p1a: Talonflame|244\/359|[from] item: Leftovers
|-heal|p2a: Mega Audino 2.0|269\/394 brn|[from] item: Leftovers
|-end|p2a: Mega Audino 2.0|move: Taunt
|turn|36
|
|switch|p2a: Team Aqua|Slowbro, M|394\/394
|move|p1a: Talonflame|Taunt|p2a: Team Aqua
|-start|p2a: Team Aqua|move: Taunt
|
|-heal|p1a: Talonflame|266\/359|[from] item: Leftovers
|turn|37
|
|move|p1a: Talonflame|Will-O-Wisp|p2a: Team Aqua
|-status|p2a: Team Aqua|brn
|move|p2a: Team Aqua|Psyshock|p1a: Talonflame
|-damage|p1a: Talonflame|146\/359
|
|-heal|p1a: Talonflame|168\/359|[from] item: Leftovers
|-damage|p2a: Team Aqua|345\/394 brn|[from] brn
|turn|38
|
|move|p1a: Talonflame|Roost|p1a: Talonflame
|-heal|p1a: Talonflame|348\/359
|move|p2a: Team Aqua|Scald|p1a: Talonflame
|-supereffective|p1a: Talonflame
|-damage|p1a: Talonflame|174\/359
|
|-heal|p1a: Talonflame|196\/359|[from] item: Leftovers
|-heal|p2a: Team Aqua|369\/394 brn|[from] item: Leftovers
|-damage|p2a: Team Aqua|320\/394 brn|[from] brn
|turn|39
|
|move|p1a: Talonflame|Roost|p1a: Talonflame
|-heal|p1a: Talonflame|359\/359
|move|p2a: Team Aqua|Psyshock|p1a: Talonflame
|-damage|p1a: Talonflame|239\/359
|
|-heal|p1a: Talonflame|261\/359|[from] item: Leftovers
|-heal|p2a: Team Aqua|344\/394 brn|[from] item: Leftovers
|-damage|p2a: Team Aqua|295\/394 brn|[from] brn
|-end|p2a: Team Aqua|move: Taunt
|turn|40
|
|move|p1a: Talonflame|Taunt|p2a: Team Aqua
|-start|p2a: Team Aqua|move: Taunt
|cant|p2a: Team Aqua|move: Taunt|Thunder Wave
|
|-heal|p1a: Talonflame|283\/359|[from] item: Leftovers
|-heal|p2a: Team Aqua|319\/394 brn|[from] item: Leftovers
|-damage|p2a: Team Aqua|270\/394 brn|[from] brn
|turn|41
|
|switch|p2a: Lava Flow|Heatran, M|386\/386
|move|p1a: Talonflame|Brave Bird|p2a: Lava Flow
|-resisted|p2a: Lava Flow
|-damage|p2a: Lava Flow|333\/386
|-damage|p1a: Talonflame|266\/359|[from] recoil|[of] p2a: Lava Flow
|
|-heal|p1a: Talonflame|288\/359|[from] item: Leftovers
|-heal|p2a: Lava Flow|357\/386|[from] item: Leftovers
|turn|42
|
|move|p1a: Talonflame|Taunt|p2a: Lava Flow
|-start|p2a: Lava Flow|move: Taunt
|move|p2a: Lava Flow|Lava Plume|p1a: Talonflame
|-resisted|p1a: Talonflame
|-damage|p1a: Talonflame|236\/359
|
|-heal|p1a: Talonflame|258\/359|[from] item: Leftovers
|-heal|p2a: Lava Flow|381\/386|[from] item: Leftovers
|turn|43
|
|move|p1a: Talonflame|Brave Bird|p2a: Lava Flow
|-resisted|p2a: Lava Flow
|-damage|p2a: Lava Flow|327\/386
|-damage|p1a: Talonflame|240\/359|[from] recoil|[of] p2a: Lava Flow
|move|p2a: Lava Flow|Lava Plume|p1a: Talonflame
|-resisted|p1a: Talonflame
|-damage|p1a: Talonflame|185\/359
|
|-heal|p1a: Talonflame|207\/359|[from] item: Leftovers
|-heal|p2a: Lava Flow|351\/386|[from] item: Leftovers
|turn|44
|
|move|p1a: Talonflame|Brave Bird|p2a: Lava Flow
|-resisted|p2a: Lava Flow
|-damage|p2a: Lava Flow|297\/386
|-damage|p1a: Talonflame|189\/359|[from] recoil|[of] p2a: Lava Flow
|move|p2a: Lava Flow|Lava Plume|p1a: Talonflame
|-resisted|p1a: Talonflame
|-damage|p1a: Talonflame|139\/359
|
|-heal|p1a: Talonflame|161\/359|[from] item: Leftovers
|-heal|p2a: Lava Flow|321\/386|[from] item: Leftovers
|-end|p2a: Lava Flow|move: Taunt
|turn|45
|
|switch|p2a: Team Aqua|Slowbro, M|394\/394 brn
|move|p1a: Talonflame|Taunt|p2a: Team Aqua
|-start|p2a: Team Aqua|move: Taunt
|
|-heal|p1a: Talonflame|183\/359|[from] item: Leftovers
|-damage|p2a: Team Aqua|345\/394 brn|[from] brn
|turn|46
|c| Tesung|willo
|c| Tesung|bop
|
|move|p1a: Talonflame|Roost|p1a: Talonflame
|-heal|p1a: Talonflame|359\/359
|move|p2a: Team Aqua|Scald|p1a: Talonflame
|-crit|p1a: Talonflame
|-supereffective|p1a: Talonflame
|-damage|p1a: Talonflame|77\/359
|
|-heal|p1a: Talonflame|99\/359|[from] item: Leftovers
|-heal|p2a: Team Aqua|369\/394 brn|[from] item: Leftovers
|-damage|p2a: Team Aqua|320\/394 brn|[from] brn
|turn|47
|c|★LT2A TGMD|I nearly did
|c| Tesung|tgmd
|c| Tesung|why not
|c| Tesung|win with suicune
|c|★LT2A TGMD|it's scarfed
|c|★LT2A TGMD|:\/
|
|move|p1a: Talonflame|Roost|p1a: Talonflame
|-heal|p1a: Talonflame|279\/359
|move|p2a: Team Aqua|Scald|p1a: Talonflame
|-supereffective|p1a: Talonflame
|-damage|p1a: Talonflame|91\/359
|
|-heal|p1a: Talonflame|113\/359|[from] item: Leftovers
|-heal|p2a: Team Aqua|344\/394 brn|[from] item: Leftovers
|-damage|p2a: Team Aqua|295\/394 brn|[from] brn
|turn|48
|c| Tesung|ahh
|c| Tesung|rip
|c|★LT2A TGMD|trick :'(
|
|move|p1a: Talonflame|Roost|p1a: Talonflame
|-heal|p1a: Talonflame|293\/359
|move|p2a: Team Aqua|Scald|p1a: Talonflame
|-supereffective|p1a: Talonflame
|-damage|p1a: Talonflame|111\/359
|
|-heal|p1a: Talonflame|133\/359|[from] item: Leftovers
|-heal|p2a: Team Aqua|319\/394 brn|[from] item: Leftovers
|-damage|p2a: Team Aqua|270\/394 brn|[from] brn
|-end|p2a: Team Aqua|move: Taunt
|turn|49
|c| Tesung|yeh
|
|switch|p1a: Heracross|Heracross-Mega, F|133\/301
|move|p2a: Team Aqua|Scald|p1a: Heracross
|-damage|p1a: Heracross|48\/301
|-status|p1a: Heracross|brn
|
|-heal|p2a: Team Aqua|294\/394 brn|[from] item: Leftovers
|-damage|p1a: Heracross|11\/301 brn|[from] brn
|-damage|p2a: Team Aqua|245\/394 brn|[from] brn
|turn|50
|
|switch|p2a: Mega Audino 2.0|Clefable, M|269\/394 brn
|move|p1a: Heracross|Pin Missile|p2a: Mega Audino 2.0
|-resisted|p2a: Mega Audino 2.0
|-damage|p2a: Mega Audino 2.0|254\/394 brn
|-resisted|p2a: Mega Audino 2.0
|-damage|p2a: Mega Audino 2.0|241\/394 brn
|-resisted|p2a: Mega Audino 2.0
|-damage|p2a: Mega Audino 2.0|228\/394 brn
|-resisted|p2a: Mega Audino 2.0
|-damage|p2a: Mega Audino 2.0|213\/394 brn
|-resisted|p2a: Mega Audino 2.0
|-damage|p2a: Mega Audino 2.0|198\/394 brn
|-hitcount|p2a: Mega Audino 2.0|5
|
|-heal|p2a: Mega Audino 2.0|222\/394 brn|[from] item: Leftovers
|-damage|p1a: Heracross|0 fnt|[from] brn
|faint|p1a: Heracross
|
|switch|p1a: Talonflame|Talonflame, M|133\/359
|turn|51
|
|switch|p2a: Team Aqua|Slowbro, M|376\/394 brn
|move|p1a: Talonflame|Roost|p1a: Talonflame
|-heal|p1a: Talonflame|313\/359
|
|-heal|p1a: Talonflame|335\/359|[from] item: Leftovers
|-heal|p2a: Team Aqua|394\/394 brn|[from] item: Leftovers
|-damage|p2a: Team Aqua|345\/394 brn|[from] brn
|turn|52
|
|move|p1a: Talonflame|Taunt|p2a: Team Aqua
|-start|p2a: Team Aqua|move: Taunt
|move|p2a: Team Aqua|Scald|p1a: Talonflame
|-supereffective|p1a: Talonflame
|-damage|p1a: Talonflame|155\/359
|
|-heal|p1a: Talonflame|177\/359|[from] item: Leftovers
|-heal|p2a: Team Aqua|369\/394 brn|[from] item: Leftovers
|-damage|p2a: Team Aqua|320\/394 brn|[from] brn
|turn|53
|join|LT2A TM13
|c| Tesung|rip tgmd
|
|move|p1a: Talonflame|Roost|p1a: Talonflame
|-heal|p1a: Talonflame|357\/359
|move|p2a: Team Aqua|Scald|p1a: Talonflame
|-supereffective|p1a: Talonflame
|-damage|p1a: Talonflame|177\/359
|
|-heal|p1a: Talonflame|199\/359|[from] item: Leftovers
|-heal|p2a: Team Aqua|344\/394 brn|[from] item: Leftovers
|-damage|p2a: Team Aqua|295\/394 brn|[from] brn
|turn|54
|join|LT2A Yuttt
|
|move|p1a: Talonflame|Roost|p1a: Talonflame
|-heal|p1a: Talonflame|359\/359
|move|p2a: Team Aqua|Scald|p1a: Talonflame
|-supereffective|p1a: Talonflame
|-damage|p1a: Talonflame|183\/359
|
|-heal|p1a: Talonflame|205\/359|[from] item: Leftovers
|-heal|p2a: Team Aqua|319\/394 brn|[from] item: Leftovers
|-damage|p2a: Team Aqua|270\/394 brn|[from] brn
|-end|p2a: Team Aqua|move: Taunt
|turn|55
|c| LT2A Yuttt|:o
|c| LT2A Yuttt|cool avatar laddersotall
|
|move|p1a: Talonflame|Roost|p1a: Talonflame
|-heal|p1a: Talonflame|359\/359
|move|p2a: Team Aqua|Scald|p1a: Talonflame
|-supereffective|p1a: Talonflame
|-damage|p1a: Talonflame|191\/359
|
|-heal|p1a: Talonflame|213\/359|[from] item: Leftovers
|-heal|p2a: Team Aqua|294\/394 brn|[from] item: Leftovers
|-damage|p2a: Team Aqua|245\/394 brn|[from] brn
|turn|56
|
|move|p1a: Talonflame|Taunt|p2a: Team Aqua
|-start|p2a: Team Aqua|move: Taunt
|move|p2a: Team Aqua|Scald|p1a: Talonflame
|-supereffective|p1a: Talonflame
|-damage|p1a: Talonflame|49\/359
|
|-heal|p1a: Talonflame|71\/359|[from] item: Leftovers
|-heal|p2a: Team Aqua|269\/394 brn|[from] item: Leftovers
|-damage|p2a: Team Aqua|220\/394 brn|[from] brn
|turn|57
|join|lt2a hairy
|
|move|p1a: Talonflame|Roost|p1a: Talonflame
|-heal|p1a: Talonflame|251\/359
|move|p2a: Team Aqua|Scald|p1a: Talonflame
|-crit|p1a: Talonflame
|-supereffective|p1a: Talonflame
|-damage|p1a: Talonflame|0 fnt
|faint|p1a: Talonflame
|
|-heal|p2a: Team Aqua|244\/394 brn|[from] item: Leftovers
|-damage|p2a: Team Aqua|195\/394 brn|[from] brn
|c| LT2A Yuttt|well trained
|-message|LT2A TGMD forfeited.
|
|win|LadderSoTall
|raw|Ladder updating...
|leave|LT2A TGMD
|player|p1
|raw|LT2A TGMD's rating: 1784 &rarr; <strong>1761<\/strong><br \/>(-23 for losing)
|raw|LadderSoTall's rating: 1737 &rarr; <strong>1760<\/strong><br \/>(+23 for winning)
|leave|Tesung
|join|Cranham
|leave|LT2A Yuttt
|c| lt2a hairy|tele's team?
|c| lt2a hairy|w\/ hera > scizor
|c|★LadderSoTall|he gave it to me :]
|leave|LT2A TM13
|c| lt2a hairy|hm nice
|leave|lt2a hairy
|leave|Cranham