|join|MaskedMan
|join|LadderSoTall
|player|p1|MaskedMan|273
|player|p2|LadderSoTall|4
|gametype|singles
|gen|6
|tier|OU
|clearpoke
|poke|p1|Sceptile, M
|poke|p1|Milotic, F
|poke|p1|Entei, shiny
|poke|p1|Excadrill, M
|poke|p1|Togekiss, F, shiny
|poke|p1|Mew, shiny
|poke|p2|Rotom-Wash
|poke|p2|Diancie
|poke|p2|Landorus, M
|poke|p2|Clefable, M
|poke|p2|Heatran, M
|poke|p2|Thundurus, M, shiny
|rule|Swagger Clause: Swagger is banned
|rule|Baton Pass Clause: Limit one Pokémon knowing Baton Pass
|rule|Sleep Clause Mod: Limit one foe put to sleep
|rule|Species Clause: Limit one of each Pokémon
|rule|OHKO Clause: OHKO moves are banned
|rule|Moody Clause: Moody is banned
|rule|Evasion Moves Clause: Evasion moves are banned
|rule|Endless Battle Clause: Forcing endless battles is banned
|rule|HP Percentage Mod: HP is shown in percentages
|teampreview
|c|★LadderSoTall|mega scept :O
|join|adkjo
|c|★MaskedMan|yes bruh
|
|start
|switch|p1a: Colonel|Sceptile, M|281\/281
|switch|p2a: Diancie|Diancie|241\/241
|turn|1
|
|detailschange|p1a: Colonel|Sceptile-Mega, M
|-mega|p1a: Colonel|Sceptile|Sceptilite
|detailschange|p2a: Diancie|Diancie-Mega
|-mega|p2a: Diancie|Diancie|Diancite
|move|p2a: Diancie|Protect|p2a: Diancie
|-singleturn|p2a: Diancie|Protect
|move|p1a: Colonel|Giga Drain|p2a: Diancie
|-activate|p2a: Diancie|Protect
|
|turn|2
|
|switch|p2a: Clefable|Clefable, M|394\/394
|move|p1a: Colonel|Substitute|p1a: Colonel
|-start|p1a: Colonel|Substitute
|-damage|p1a: Colonel|211\/281
|
|turn|3
|leave|adkjo
|
|move|p1a: Colonel|Giga Drain|p2a: Clefable
|-damage|p2a: Clefable|258\/394
|-heal|p1a: Colonel|279\/281|[from] drain|[of] p2a: Clefable
|move|p2a: Clefable|Moonblast|p1a: Colonel
|-supereffective|p1a: Colonel
|-end|p1a: Colonel|Substitute
|
|-heal|p2a: Clefable|282\/394|[from] item: Leftovers
|turn|4
|
|switch|p1a: Ace|Entei, shiny|371\/371
|-ability|p1a: Ace|Pressure
|move|p2a: Clefable|Flamethrower|p1a: Ace
|-resisted|p1a: Ace
|-damage|p1a: Ace|330\/371
|
|-heal|p2a: Clefable|306\/394|[from] item: Leftovers
|turn|5
|c|★MaskedMan|eat this pls
|
|move|p1a: Ace|Sacred Fire|p2a: Clefable
|-damage|p2a: Clefable|72\/394
|-status|p2a: Clefable|brn
|-damage|p1a: Ace|293\/371|[from] item: Life Orb
|move|p2a: Clefable|Thunder Wave|p1a: Ace
|-status|p1a: Ace|par
|
|-heal|p2a: Clefable|96\/394 brn|[from] item: Leftovers
|-damage|p2a: Clefable|47\/394 brn|[from] brn
|turn|6
|c|★MaskedMan|unaware
|c|★MaskedMan|lovely
|
|move|p2a: Clefable|Moonlight|p2a: Clefable
|-heal|p2a: Clefable|244\/394 brn
|cant|p1a: Ace|par
|
|-heal|p2a: Clefable|268\/394 brn|[from] item: Leftovers
|-damage|p2a: Clefable|219\/394 brn|[from] brn
|turn|7
|
|switch|p2a: Heatran|Heatran, M|324\/324
|move|p1a: Ace|Bulldoze|p2a: Heatran
|-supereffective|p2a: Heatran
|-damage|p2a: Heatran|0 fnt
|-damage|p1a: Ace|256\/371 par|[from] item: Life Orb
|faint|p2a: Heatran
|
|c|★MaskedMan|Yum.
|
|switch|p2a: Diancie|Diancie-Mega|241\/241
|turn|8
|
|switch|p1a: Bason|Excadrill, M|361\/361
|-ability|p1a: Bason|Mold Breaker
|move|p2a: Diancie|Diamond Storm|p1a: Bason
|-resisted|p1a: Bason
|-damage|p1a: Bason|298\/361
|-boost|p2a: Diancie|def|1
|
|turn|9
|
|move|p2a: Diancie|Protect|p2a: Diancie
|-singleturn|p2a: Diancie|Protect
|move|p1a: Bason|Iron Head|p2a: Diancie
|-activate|p2a: Diancie|Protect
|
|turn|10
|
|switch|p2a: Rotom-Wash|Rotom-Wash|304\/304
|move|p1a: Bason|Iron Head|p2a: Rotom-Wash
|-resisted|p2a: Rotom-Wash
|-damage|p2a: Rotom-Wash|278\/304
|
|-heal|p2a: Rotom-Wash|297\/304|[from] item: Leftovers
|turn|11
|
|switch|p1a: Karin|Milotic, F|393\/393
|move|p2a: Rotom-Wash|Will-O-Wisp|p1a: Karin|[miss]
|-miss|p2a: Rotom-Wash|p1a: Karin
|
|-heal|p2a: Rotom-Wash|304\/304|[from] item: Leftovers
|turn|12
|c|★MaskedMan|aaawwwwww
|
|switch|p1a: Colonel|Sceptile-Mega, M|279\/281
|move|p2a: Rotom-Wash|Will-O-Wisp|p1a: Colonel
|-status|p1a: Colonel|brn
|
|-damage|p1a: Colonel|244\/281 brn|[from] brn
|turn|13
|
|switch|p2a: Clefable|Clefable, M|219\/394 brn
|move|p1a: Colonel|Giga Drain|p2a: Clefable
|-damage|p2a: Clefable|84\/394 brn
|-heal|p1a: Colonel|281\/281 brn|[from] drain|[of] p2a: Clefable
|
|-heal|p2a: Clefable|108\/394 brn|[from] item: Leftovers
|-damage|p1a: Colonel|246\/281 brn|[from] brn
|-damage|p2a: Clefable|59\/394 brn|[from] brn
|turn|14
|
|move|p1a: Colonel|Giga Drain|p2a: Clefable
|-damage|p2a: Clefable|0 fnt
|-heal|p1a: Colonel|276\/281 brn|[from] drain|[of] p2a: Clefable
|faint|p2a: Clefable
|
|-damage|p1a: Colonel|241\/281 brn|[from] brn
|
|switch|p2a: Thundurus|Thundurus, M, shiny|299\/299
|turn|15
|
|switch|p1a: Daichi|Mew, shiny|404\/404
|move|p2a: Thundurus|Hidden Power|p1a: Daichi
|-crit|p1a: Daichi
|-damage|p1a: Daichi|303\/404
|-damage|p2a: Thundurus|270\/299|[from] item: Life Orb
|
|-heal|p1a: Daichi|328\/404|[from] item: Leftovers
|turn|16
|
|switch|p2a: Diancie|Diancie-Mega|241\/241
|move|p1a: Daichi|Will-O-Wisp|p2a: Diancie
|move|p2a: Diancie|Will-O-Wisp|p1a: Daichi|[from]Magic Bounce|[miss]
|-miss|p2a: Diancie|p1a: Daichi
|
|-heal|p1a: Daichi|353\/404|[from] item: Leftovers
|turn|17
|c|★MaskedMan|ffs
|
|switch|p1a: Karin|Milotic, F|393\/393
|move|p2a: Diancie|Earth Power|p1a: Karin
|-damage|p1a: Karin|297\/393
|
|-heal|p1a: Karin|321\/393|[from] item: Leftovers
|turn|18
|
|switch|p2a: Rotom-Wash|Rotom-Wash|304\/304
|move|p1a: Karin|Scald|p2a: Rotom-Wash
|-resisted|p2a: Rotom-Wash
|-damage|p2a: Rotom-Wash|260\/304
|
|-heal|p2a: Rotom-Wash|279\/304|[from] item: Leftovers
|-heal|p1a: Karin|345\/393|[from] item: Leftovers
|turn|19
|
|switch|p2a: Thundurus|Thundurus, M, shiny|270\/299
|switch|p1a: Colonel|Sceptile-Mega, M|241\/281 brn
|
|-damage|p1a: Colonel|206\/281 brn|[from] brn
|turn|20
|
|switch|p1a: Daichi|Mew, shiny|353\/404
|move|p2a: Thundurus|Hidden Power|p1a: Daichi
|-damage|p1a: Daichi|285\/404
|-damage|p2a: Thundurus|241\/299|[from] item: Life Orb
|
|-heal|p1a: Daichi|310\/404|[from] item: Leftovers
|turn|21
|
|move|p2a: Thundurus|Thunderbolt|p1a: Daichi
|-crit|p1a: Daichi
|-damage|p1a: Daichi|98\/404
|-damage|p2a: Thundurus|212\/299|[from] item: Life Orb
|move|p1a: Daichi|Will-O-Wisp|p2a: Thundurus
|-status|p2a: Thundurus|brn
|
|-heal|p1a: Daichi|123\/404|[from] item: Leftovers
|-damage|p2a: Thundurus|175\/299 brn|[from] brn
|turn|22
|join|LMay
|
|move|p2a: Thundurus|Thunderbolt|p1a: Daichi
|-damage|p1a: Daichi|0 fnt
|-damage|p2a: Thundurus|146\/299 brn|[from] item: Life Orb
|faint|p1a: Daichi
|
|-damage|p2a: Thundurus|109\/299 brn|[from] brn
|
|switch|p1a: Colonel|Sceptile-Mega, M|206\/281 brn
|turn|23
|leave|LMay
|
|move|p1a: Colonel|Dragon Pulse|p2a: Thundurus
|-damage|p2a: Thundurus|0 fnt
|faint|p2a: Thundurus
|
|-damage|p1a: Colonel|171\/281 brn|[from] brn
|join|LMay
|
|switch|p2a: Landorus|Landorus, M|319\/319
|turn|24
|leave|LMay
|
|switch|p1a: Togekiss|Togekiss, F, shiny|373\/373
|move|p2a: Landorus|Rock Polish|p2a: Landorus
|-boost|p2a: Landorus|spe|2
|
|turn|25
|
|move|p2a: Landorus|Psychic|p1a: Togekiss
|-damage|p1a: Togekiss|212\/373
|move|p1a: Togekiss|Air Slash|p2a: Landorus
|-damage|p2a: Landorus|189\/319
|
|-heal|p1a: Togekiss|235\/373|[from] item: Leftovers
|turn|26
|
|move|p2a: Landorus|Psychic|p1a: Togekiss
|-damage|p1a: Togekiss|63\/373
|move|p1a: Togekiss|Roost|p1a: Togekiss
|-heal|p1a: Togekiss|250\/373
|
|-heal|p1a: Togekiss|273\/373|[from] item: Leftovers
|turn|27
|
|move|p2a: Landorus|Psychic|p1a: Togekiss
|-damage|p1a: Togekiss|112\/373
|move|p1a: Togekiss|Roost|p1a: Togekiss
|-heal|p1a: Togekiss|299\/373
|
|-heal|p1a: Togekiss|322\/373|[from] item: Leftovers
|turn|28
|
|move|p2a: Landorus|Psychic|p1a: Togekiss
|-damage|p1a: Togekiss|166\/373
|move|p1a: Togekiss|Air Slash|p2a: Landorus
|-damage|p2a: Landorus|51\/319
|
|-heal|p1a: Togekiss|189\/373|[from] item: Leftovers
|turn|29
|
|move|p2a: Landorus|Psychic|p1a: Togekiss
|-damage|p1a: Togekiss|17\/373
|move|p1a: Togekiss|Roost|p1a: Togekiss
|-heal|p1a: Togekiss|204\/373
|
|-heal|p1a: Togekiss|227\/373|[from] item: Leftovers
|turn|30
|
|move|p2a: Landorus|Psychic|p1a: Togekiss
|-damage|p1a: Togekiss|79\/373
|move|p1a: Togekiss|Roost|p1a: Togekiss
|-heal|p1a: Togekiss|266\/373
|
|-heal|p1a: Togekiss|289\/373|[from] item: Leftovers
|turn|31
|
|move|p2a: Landorus|Psychic|p1a: Togekiss
|-damage|p1a: Togekiss|138\/373
|move|p1a: Togekiss|Roost|p1a: Togekiss
|-heal|p1a: Togekiss|325\/373
|
|-heal|p1a: Togekiss|348\/373|[from] item: Leftovers
|turn|32
|
|move|p2a: Landorus|Psychic|p1a: Togekiss
|-damage|p1a: Togekiss|182\/373
|move|p1a: Togekiss|Heal Bell|p1a: Togekiss
|-cureteam|p1a: Togekiss|[from] move: HealBell
|
|-heal|p1a: Togekiss|205\/373|[from] item: Leftovers
|turn|33
|
|move|p2a: Landorus|Psychic|p1a: Togekiss
|-damage|p1a: Togekiss|44\/373
|move|p1a: Togekiss|Air Slash|p2a: Landorus
|-damage|p2a: Landorus|0 fnt
|faint|p2a: Landorus
|
|-heal|p1a: Togekiss|67\/373|[from] item: Leftovers
|join|fimbu1vetr
|
|switch|p2a: Diancie|Diancie-Mega|241\/241
|turn|34
|
|move|p2a: Diancie|Moonblast|p1a: Togekiss
|-damage|p1a: Togekiss|0 fnt
|faint|p1a: Togekiss
|
|join|RayDalio
|
|switch|p1a: Bason|Excadrill, M|298\/361
|-ability|p1a: Bason|Mold Breaker
|turn|35
|c|★MaskedMan|WP.
|
|move|p2a: Diancie|Protect|p2a: Diancie
|-singleturn|p2a: Diancie|Protect
|move|p1a: Bason|Earthquake|p2a: Diancie
|-activate|p2a: Diancie|Protect
|
|turn|36
|
|move|p1a: Bason|Earthquake|p2a: Diancie
|-supereffective|p2a: Diancie
|-damage|p2a: Diancie|0 fnt
|faint|p2a: Diancie
|
|leave|fimbu1vetr
|c|★LadderSoTall|gg
|
|switch|p2a: Rotom-Wash|Rotom-Wash|279\/304
|turn|37
|
|move|p1a: Bason|Earthquake|p2a: Rotom-Wash
|-supereffective|p2a: Rotom-Wash
|-damage|p2a: Rotom-Wash|3\/304
|move|p2a: Rotom-Wash|Hydro Pump|p1a: Bason
|-supereffective|p1a: Bason
|-damage|p1a: Bason|0 fnt
|faint|p1a: Bason
|
|-heal|p2a: Rotom-Wash|22\/304|[from] item: Leftovers
|c|★MaskedMan|gg
|
|switch|p1a: Colonel|Sceptile-Mega, M|171\/281
|turn|38
|
|move|p1a: Colonel|Giga Drain|p2a: Rotom-Wash
|-supereffective|p2a: Rotom-Wash
|-damage|p2a: Rotom-Wash|0 fnt
|-heal|p1a: Colonel|182\/281|[from] drain|[of] p2a: Rotom-Wash
|faint|p2a: Rotom-Wash
|
|win|MaskedMan
|leave|LadderSoTall
|player|p2
|leave|RayDalio