|join|kloshitt
|join|femt6
|player|p1|kloshitt|52
|player|p2|femt6|101
|gametype|singles
|gen|6
|tier|OU
|rated
|clearpoke
|poke|p1|Diancie
|poke|p1|Celebi
|poke|p1|Landorus-Therian, M
|poke|p1|Keldeo
|poke|p1|Heatran, M
|poke|p1|Crawdaunt, F
|poke|p2|Metagross
|poke|p2|Gothitelle, M
|poke|p2|Rotom-Wash
|poke|p2|Garchomp, F
|poke|p2|Azumarill, M
|poke|p2|Latios, M
|rule|Swagger Clause: Swagger is banned
|rule|Baton Pass Clause: Limit one Pokémon knowing Baton Pass
|rule|Sleep Clause Mod: Limit one foe put to sleep
|rule|Species Clause: Limit one of each Pokémon
|rule|OHKO Clause: OHKO moves are banned
|rule|Moody Clause: Moody is banned
|rule|Evasion Moves Clause: Evasion moves are banned
|rule|Endless Battle Clause: Forcing endless battles is banned
|rule|HP Percentage Mod: HP is shown in percentages
|teampreview
|
|start
|switch|p1a: Celebi|Celebi|396\/396
|switch|p2a: Garchomp|Garchomp, F|358\/358
|turn|1
|
|move|p2a: Garchomp|Stealth Rock|p1a: Celebi
|-sidestart|p1: kloshitt|move: Stealth Rock
|move|p1a: Celebi|Nasty Plot|p1a: Celebi
|-boost|p1a: Celebi|spa|2
|
|turn|2
|
|move|p2a: Garchomp|Swords Dance|p2a: Garchomp
|-boost|p2a: Garchomp|atk|2
|move|p1a: Celebi|Giga Drain|p2a: Garchomp
|-damage|p2a: Garchomp|160\/358
|
|turn|3
|
|move|p2a: Garchomp|Outrage|p1a: Celebi
|-damage|p1a: Celebi|84\/396
|move|p1a: Celebi|Giga Drain|p2a: Garchomp
|-damage|p2a: Garchomp|0 fnt
|-heal|p1a: Celebi|164\/396|[from] drain|[of] p2a: Garchomp
|faint|p2a: Garchomp
|
|-heal|p1a: Celebi|188\/396|[from] item: Leftovers
|
|switch|p2a: Latios|Latios, M|301\/301
|turn|4
|
|switch|p1a: Diancie|Diancie|241\/241
|-damage|p1a: Diancie|211\/241|[from] Stealth Rock
|move|p2a: Latios|Surf|p1a: Diancie
|-supereffective|p1a: Diancie
|-damage|p1a: Diancie|24\/241
|-damage|p2a: Latios|271\/301|[from] item: Life Orb
|
|turn|5
|
|switch|p1a: Heatran|Heatran, M|386\/386
|-damage|p1a: Heatran|338\/386|[from] Stealth Rock
|move|p2a: Latios|Surf|p1a: Heatran
|-supereffective|p1a: Heatran
|-damage|p1a: Heatran|148\/386
|-damage|p2a: Latios|241\/301|[from] item: Life Orb
|
|-heal|p1a: Heatran|172\/386|[from] item: Leftovers
|turn|6
|
|switch|p1a: Celebi|Celebi|188\/396
|-damage|p1a: Celebi|139\/396|[from] Stealth Rock
|move|p2a: Latios|Surf|p1a: Celebi
|-resisted|p1a: Celebi
|-damage|p1a: Celebi|66\/396
|-damage|p2a: Latios|211\/301|[from] item: Life Orb
|
|-heal|p1a: Celebi|90\/396|[from] item: Leftovers
|turn|7
|
|move|p2a: Latios|Draco Meteor|p1a: Celebi
|-damage|p1a: Celebi|0 fnt
|-unboost|p2a: Latios|spa|2
|-damage|p2a: Latios|181\/301|[from] item: Life Orb
|faint|p1a: Celebi
|
|
|switch|p1a: Landorus-Therian|Landorus-Therian, M|319\/319
|-damage|p1a: Landorus-Therian|280\/319|[from] Stealth Rock
|-ability|p1a: Landorus-Therian|Intimidate|[of] p2a: Latios
|-unboost|p2a: Latios|atk|1
|turn|8
|
|switch|p2a: Rotom-Wash|Rotom-Wash|303\/303
|move|p1a: Landorus-Therian|U-turn|p2a: Rotom-Wash
|-damage|p2a: Rotom-Wash|233\/303
|
|switch|p1a: Keldeo|Keldeo|323\/323
|-damage|p1a: Keldeo|303\/323|[from] Stealth Rock
|
|-heal|p2a: Rotom-Wash|251\/303|[from] item: Leftovers
|turn|9
|
|move|p1a: Keldeo|Scald|p2a: Rotom-Wash
|-resisted|p2a: Rotom-Wash
|-damage|p2a: Rotom-Wash|189\/303
|move|p2a: Rotom-Wash|Volt Switch|p1a: Keldeo
|-supereffective|p1a: Keldeo
|-damage|p1a: Keldeo|105\/323
|
|switch|p2a: Latios|Latios, M|181\/301
|
|turn|10
|
|switch|p1a: Heatran|Heatran, M|172\/386
|-damage|p1a: Heatran|124\/386|[from] Stealth Rock
|move|p2a: Latios|Psyshock|p1a: Heatran
|-resisted|p1a: Heatran
|-damage|p1a: Heatran|34\/386
|-damage|p2a: Latios|151\/301|[from] item: Life Orb
|
|-heal|p1a: Heatran|58\/386|[from] item: Leftovers
|turn|11
|
|move|p2a: Latios|Surf|p1a: Heatran
|-supereffective|p1a: Heatran
|-damage|p1a: Heatran|0 fnt
|-damage|p2a: Latios|121\/301|[from] item: Life Orb
|faint|p1a: Heatran
|
|
|switch|p1a: Landorus-Therian|Landorus-Therian, M|280\/319
|-damage|p1a: Landorus-Therian|241\/319|[from] Stealth Rock
|-ability|p1a: Landorus-Therian|Intimidate|[of] p2a: Latios
|-unboost|p2a: Latios|atk|1
|turn|12
|
|switch|p2a: Rotom-Wash|Rotom-Wash|189\/303
|move|p1a: Landorus-Therian|U-turn|p2a: Rotom-Wash
|-damage|p2a: Rotom-Wash|119\/303
|
|switch|p1a: Crawdaunt|Crawdaunt, F|268\/268
|-damage|p1a: Crawdaunt|235\/268|[from] Stealth Rock
|
|-heal|p2a: Rotom-Wash|137\/303|[from] item: Leftovers
|turn|13
|
|move|p1a: Crawdaunt|Knock Off|p2a: Rotom-Wash
|-damage|p2a: Rotom-Wash|0 fnt
|-enditem|p2a: Rotom-Wash|Leftovers|[from] move: Knock Off|[of] p1a: Crawdaunt
|-damage|p1a: Crawdaunt|209\/268|[from] item: Life Orb
|faint|p2a: Rotom-Wash
|
|
|switch|p2a: Latios|Latios, M|121\/301
|turn|14
|
|switch|p1a: Diancie|Diancie|24\/241
|-damage|p1a: Diancie|0 fnt|[from] Stealth Rock
|faint|p1a: Diancie
|move|p2a: Latios|Draco Meteor|p1: Diancie|[notarget]
|-notarget
|
|
|switch|p1a: Landorus-Therian|Landorus-Therian, M|241\/319
|-damage|p1a: Landorus-Therian|202\/319|[from] Stealth Rock
|-ability|p1a: Landorus-Therian|Intimidate|[of] p2a: Latios
|-unboost|p2a: Latios|atk|1
|turn|15
|
|switch|p2a: Gothitelle|Gothitelle, M|282\/282
|move|p1a: Landorus-Therian|U-turn|p2a: Gothitelle
|-crit|p2a: Gothitelle
|-supereffective|p2a: Gothitelle
|-damage|p2a: Gothitelle|16\/282
|
|switch|p1a: Crawdaunt|Crawdaunt, F|209\/268
|-damage|p1a: Crawdaunt|176\/268|[from] Stealth Rock
|
|turn|16
|
|move|p1a: Crawdaunt|Aqua Jet|p2a: Gothitelle
|-damage|p2a: Gothitelle|0 fnt
|-damage|p1a: Crawdaunt|150\/268|[from] item: Life Orb
|faint|p2a: Gothitelle
|
|
|switch|p2a: Azumarill|Azumarill, M|364\/364
|turn|17
|
|move|p1a: Crawdaunt|Knock Off|p2a: Azumarill
|-resisted|p2a: Azumarill
|-damage|p2a: Azumarill|186\/364
|-enditem|p2a: Azumarill|Sitrus Berry|[from] move: Knock Off|[of] p1a: Crawdaunt
|-damage|p1a: Crawdaunt|124\/268|[from] item: Life Orb
|move|p2a: Azumarill|Belly Drum|p2a: Azumarill
|-damage|p2a: Azumarill|4\/364
|-setboost|p2a: Azumarill|atk|6|[from] move: Belly Drum
|
|turn|18
|
|move|p1a: Crawdaunt|Aqua Jet|p2a: Azumarill
|-resisted|p2a: Azumarill
|-damage|p2a: Azumarill|0 fnt
|-damage|p1a: Crawdaunt|98\/268|[from] item: Life Orb
|faint|p2a: Azumarill
|
|
|switch|p2a: Latios|Latios, M|121\/301
|turn|19
|
|move|p2a: Latios|Draco Meteor|p1a: Crawdaunt
|-damage|p1a: Crawdaunt|0 fnt
|-unboost|p2a: Latios|spa|2
|-damage|p2a: Latios|91\/301|[from] item: Life Orb
|faint|p1a: Crawdaunt
|
|
|switch|p1a: Landorus-Therian|Landorus-Therian, M|202\/319
|-damage|p1a: Landorus-Therian|163\/319|[from] Stealth Rock
|-ability|p1a: Landorus-Therian|Intimidate|[of] p2a: Latios
|-unboost|p2a: Latios|atk|1
|turn|20
|
|move|p1a: Landorus-Therian|U-turn|p2a: Latios
|-supereffective|p2a: Latios
|-damage|p2a: Latios|0 fnt
|faint|p2a: Latios
|
|switch|p1a: Keldeo|Keldeo|105\/323
|-damage|p1a: Keldeo|85\/323|[from] Stealth Rock
|
|
|switch|p2a: Metagross|Metagross|321\/321
|turn|21
|join|fgjkltzfuk
|
|detailschange|p2a: Metagross|Metagross-Mega
|-mega|p2a: Metagross|Metagross|Metagrossite
|move|p1a: Keldeo|Scald|p2a: Metagross
|-damage|p2a: Metagross|200\/321
|move|p2a: Metagross|Rock Polish|p2a: Metagross
|-boost|p2a: Metagross|spe|2
|
|turn|22
|
|move|p2a: Metagross|Earthquake|p1a: Keldeo
|-damage|p1a: Keldeo|0 fnt
|faint|p1a: Keldeo
|
|
|switch|p1a: Landorus-Therian|Landorus-Therian, M|163\/319
|-damage|p1a: Landorus-Therian|124\/319|[from] Stealth Rock
|-ability|p1a: Landorus-Therian|Intimidate|[of] p2a: Metagross
|-unboost|p2a: Metagross|atk|1
|turn|23
|
|move|p2a: Metagross|Iron Head|p1a: Landorus-Therian
|-damage|p1a: Landorus-Therian|0 fnt
|faint|p1a: Landorus-Therian
|
|win|femt6
|raw|Ladder updating...
|raw|kloshitt's rating: 1739 &rarr; <strong>1711<\/strong><br \/>(-28 for losing)
|raw|femt6's rating: 1600 &rarr; <strong>1627<\/strong><br \/>(+27 for winning)
|leave|fgjkltzfuk
|leave|femt6
|player|p2