|join|femt6
|join|O Sombra
|player|p1|femt6|266
|player|p2|O Sombra|167
|gametype|singles
|tier|OU
|rated
|rule|Evasion Abilities Clause: Evasion abilities are banned
|clearpoke
|poke|p1|Tyranitar, F
|poke|p1|Salamence, F
|poke|p1|Lucario, M
|poke|p1|Alakazam, M
|poke|p1|Jellicent, M
|poke|p1|Ferrothorn, M
|poke|p2|Jellicent, M
|poke|p2|Breloom, M
|poke|p2|Heatran, M
|poke|p2|Dragonite, M
|poke|p2|Latios, M
|poke|p2|Ferrothorn, M
|rule|Sleep Clause Mod: Limit one foe put to sleep
|rule|Species Clause: Limit one of each Pokemon
|rule|OHKO Clause: OHKO moves are banned
|rule|Moody Clause: Moody is banned
|rule|Evasion Moves Clause: Evasion moves are banned
|rule|HP Percentage Mod: HP is reported as percentages
|teampreview
|callback|decision
|
|start
|switch|p1a: Tyranitar|Tyranitar, F|401\/401
|switch|p2a: Breloom|Breloom, M|320\/320
|-weather|Sandstorm|[from] ability: Sand Stream|[of] p1a: Tyranitar
|turn|1
|callback|decision
|
|switch|p1a: Salamence|Salamence, F|331\/331
|move|p2a: Breloom|Spore|p1a: Salamence
|-status|p1a: Salamence|slp
|
|-weather|Sandstorm|[upkeep]
|-damage|p1a: Salamence|311\/331 slp|[from] sandstorm
|-damage|p2a: Breloom|300\/320|[from] sandstorm
|-activate|p2a: Breloom|item: Toxic Orb
|-status|p2a: Breloom|tox
|turn|2
|callback|decision
|
|cant|p1a: Salamence|slp
|move|p1a: Salamence|Sleep Talk|p1a: Salamence
|move|p1a: Salamence|Fire Blast|p2a: Breloom|[from]Sleep Talk
|-supereffective|p2a: Breloom
|-damage|p2a: Breloom|6\/320 tox
|move|p2a: Breloom|Substitute|p2a: Breloom
|-fail|p2a: Breloom|move: Substitute|[weak]
|
|-weather|Sandstorm|[upkeep]
|-damage|p1a: Salamence|291\/331 slp|[from] sandstorm
|-damage|p2a: Breloom|0 fnt|[from] sandstorm
|faint|p2a: Breloom
|callback|decision
|chat|O Sombra|sleep tak?
|
|switch|p2a: Latios|Latios, M|302\/302
|turn|3
|callback|decision
|chat|femt6|=)
|
|switch|p1a: Tyranitar|Tyranitar, F|401\/401
|move|p2a: Latios|Hidden Power|p1a: Tyranitar
|-resisted|p1a: Tyranitar
|-damage|p1a: Tyranitar|369\/401
|
|-weather|Sandstorm|[upkeep]
|-damage|p2a: Latios|284\/302|[from] sandstorm
|-heal|p1a: Tyranitar|394\/401|[from] item: Leftovers
|turn|4
|callback|decision
|-message|O Sombra forfeited.
|
|win|femt6
|raw|Ladder updating...
|raw|femt6's rating: 1928 &rarr; <strong>1933<\/strong><br \/>(+5 for winning)
|raw|O Sombra's rating: 1828 &rarr; <strong>1821<\/strong><br \/>(-7 for losing)
|leave|O Sombra
|player|p2