|join|Typhozzz
|join|MoB Barley
|player|p1|Typhozzz|143
|player|p2|MoB Barley|161
|gametype|singles
|gen|6
|tier|UU
|rated
|rule|Sleep Clause Mod: Limit one foe put to sleep
|rule|Species Clause: Limit one of each Pokémon
|rule|OHKO Clause: OHKO moves are banned
|rule|Moody Clause: Moody is banned
|rule|Evasion Moves Clause: Evasion moves are banned
|rule|Endless Battle Clause: Forcing endless battles is banned
|rule|HP Percentage Mod: HP is shown in percentages
|clearpoke
|poke|p1|Blastoise, M
|poke|p1|Florges, F
|poke|p1|Chesnaught, M
|poke|p1|Arcanine, M
|poke|p1|Hippowdon, M
|poke|p1|Darmanitan, M
|poke|p2|Entei, shiny
|poke|p2|Swampert, M
|poke|p2|Empoleon, M
|poke|p2|Chesnaught, M, shiny
|poke|p2|Nidoqueen, F
|poke|p2|Hydreigon, M
|rule|Swagger Clause: Swagger is banned
|rule|Baton Pass Clause: Limit one Pokémon knowing Baton Pass
|teampreview
|c|★Typhozzz|gl hf
|c|★MoB Barley|gl
|join|MyLittleDick
|c| MyLittleDick|mob
|join|Emma Bae
|c| MyLittleDick|u are a savage
|join|weeslayer
|c|★Typhozzz|oh shit just noticed who im playing
|c|★Typhozzz|lol
|
|start
|switch|p1a: Eyebrows On Fleek|Darmanitan, M|351\/351
|switch|p2a: Nidoqueen|Nidoqueen, F|373\/373
|turn|1
|join|Yuttt.TRUE POWER
|c| MyLittleDick|i never get why people say "ijust noticed who im playing"
|c| MyLittleDick|i always look at the name first lol
|
|move|p1a: Eyebrows On Fleek|U-turn|p2a: Nidoqueen
|-resisted|p2a: Nidoqueen
|-damage|p2a: Nidoqueen|320\/373
|c| Emma Bae|same here! XD
|
|switch|p1a: ArmCannons|Blastoise, M|362\/362
|move|p2a: Nidoqueen|Earth Power|p1a: ArmCannons
|-damage|p1a: ArmCannons|175\/362
|
|turn|2
|c|★Typhozzz|my switchin is no where to be found
|join|gay af
|c| Emma Bae|pls tell me its speed
|c| Emma Bae|and predict the hydreigon
|c|★Typhozzz|sure wish it was
|c| Emma Bae|and aura sphere
|c| Emma Bae|y\/n n\/y
|
|switch|p1a: Flower Power|Florges, F|360\/360
|move|p2a: Nidoqueen|Thunderbolt|p1a: Flower Power
|-damage|p1a: Flower Power|281\/360
|
|-heal|p1a: Flower Power|303\/360|[from] item: Leftovers
|turn|3
|c| gay af|eyebrows on fleek rofl
|c| MyLittleDick|ikr
|join|Hariyana Grande
|c| MyLittleDick|some people have some funny ass names
|
|move|p2a: Nidoqueen|Earth Power|p1a: Flower Power
|-damage|p1a: Flower Power|167\/360
|move|p1a: Flower Power|Moonblast|p2a: Nidoqueen
|-resisted|p2a: Nidoqueen
|-damage|p2a: Nidoqueen|248\/373
|-unboost|p2a: Nidoqueen|spa|1
|
|-heal|p1a: Flower Power|189\/360|[from] item: Leftovers
|turn|4
|join|MonoConvergence
|c| MyLittleDick|nigga wheres the sludge wave
|c| Emma Bae|mob tbolt>sludge
|c| Emma Bae|?
|
|move|p1a: Flower Power|Protect|p1a: Flower Power
|-singleturn|p1a: Flower Power|Protect
|move|p2a: Nidoqueen|Sludge Wave|p1a: Flower Power
|-activate|p1a: Flower Power|Protect
|
|-heal|p1a: Flower Power|211\/360|[from] item: Leftovers
|turn|5
|c| Emma Bae|ah
|c| gay af|nope
|c|★Typhozzz|rightn on q lol
|c| MyLittleDick|nbbb
|
|switch|p2a: Empoleon|Empoleon, M|372\/372
|move|p1a: Flower Power|Wish|p1a: Flower Power
|
|-heal|p1a: Flower Power|233\/360|[from] item: Leftovers
|turn|6
|c| MyLittleDick|no
|c| Emma Bae|ballzy
|join|beksinski
|
|switch|p1a: ArmCannons|Blastoise, M|175\/362
|move|p2a: Empoleon|Stealth Rock|p1a: ArmCannons
|-sidestart|p1: Typhozzz|move: Stealth Rock
|
|-heal|p1a: ArmCannons|355\/362|[from] move: Wish|[wisher] Flower Power
|turn|7
|c| MyLittleDick|he was gonna roar the toise
|c| gay af|..
|c| MyLittleDick|shoulda
|c| MyLittleDick|not gonna
|
|detailschange|p1a: ArmCannons|Blastoise-Mega, M
|-mega|p1a: ArmCannons|Blastoise|Blastoisinite
|move|p1a: ArmCannons|Rapid Spin|p2a: Empoleon
|-resisted|p2a: Empoleon
|-damage|p2a: Empoleon|364\/372
|-sideend|p1: Typhozzz|Stealth Rock|[from] move: Rapid Spin|[of] p1a: ArmCannons
|move|p2a: Empoleon|Scald|p1a: ArmCannons
|-resisted|p1a: ArmCannons
|-damage|p1a: ArmCannons|312\/362
|
|-heal|p2a: Empoleon|372\/372|[from] item: Leftovers
|turn|8
|c| gay af|^
|
|switch|p2a: Chesnaught|Chesnaught, M, shiny|380\/380
|move|p1a: ArmCannons|Aura Sphere|p2a: Chesnaught
|-immune|p2a: Chesnaught|[msg]|[from] Bulletproof
|
|turn|9
|c| MyLittleDick|but who am i to question the great mob barley
|c|★Typhozzz|woopsies
|c| Emma Bae|"great"?
|c| MyLittleDick|id suck his dick
|join|3y3brows on fleek
|c| MyLittleDick|^
|c|★Typhozzz|lol
|
|switch|p1a: Gimme Dem Soulz|Chesnaught, M|380\/380
|move|p2a: Chesnaught|Leech Seed|p1a: Gimme Dem Soulz
|-immune|p1a: Gimme Dem Soulz|[msg]
|
|turn|10
|c| MyLittleDick|u can call me obsessed
|c| MyLittleDick|i still get jealous
|
|move|p1a: Gimme Dem Soulz|Spikes|p2a: Chesnaught
|-sidestart|p2: MoB Barley|Spikes
|move|p2a: Chesnaught|Spikes|p1a: Gimme Dem Soulz
|-sidestart|p1: Typhozzz|Spikes
|
|turn|11
|c| 3y3brows on fleek|iz all gucci
|
|switch|p2a: Nidoqueen|Nidoqueen, F|248\/373
|-damage|p2a: Nidoqueen|202\/373|[from] Spikes
|move|p1a: Gimme Dem Soulz|Spikes|p2a: Nidoqueen
|-sidestart|p2: MoB Barley|Spikes
|
|turn|12
|c| MyLittleDick|pick ur fodder bruh
|
|switch|p1a: FAT BWOII|Hippowdon, M|420\/420
|-damage|p1a: FAT BWOII|368\/420|[from] Spikes
|-weather|Sandstorm
|move|p2a: Nidoqueen|Sludge Wave|p1a: FAT BWOII
|-resisted|p1a: FAT BWOII
|-damage|p1a: FAT BWOII|280\/420
|
|-weather|Sandstorm|[upkeep]
|-heal|p1a: FAT BWOII|306\/420|[from] item: Leftovers
|turn|13
|
|move|p2a: Nidoqueen|Ice Beam|p1a: FAT BWOII
|-supereffective|p1a: FAT BWOII
|-damage|p1a: FAT BWOII|82\/420
|move|p1a: FAT BWOII|Slack Off|p1a: FAT BWOII
|-heal|p1a: FAT BWOII|292\/420
|
|-weather|Sandstorm|[upkeep]
|-heal|p1a: FAT BWOII|318\/420|[from] item: Leftovers
|turn|14
|c| 3y3brows on fleek|why queen over king?
|c| MyLittleDick|rocks
|c| MyLittleDick|hes not staying in
|c|★MoB Barley|bulkier
|c|★Typhozzz|bulk
|c| Yuttt.TRUE POWER|balk
|c| Yuttt.TRUE POWER|BALK
|c| Yuttt.TRUE POWER|TRUE BALK
|c| Hariyana Grande|bulk
|c| 3y3brows on fleek|ah
|c| 3y3brows on fleek|bulkmaster9000 yutt?
|c| 3y3brows on fleek|or
|c| 3y3brows on fleek|not quit
|c| 3y3brows on fleek|e
|
|switch|p2a: Chesnaught|Chesnaught, M, shiny|380\/380
|-damage|p2a: Chesnaught|317\/380|[from] Spikes
|move|p1a: FAT BWOII|Earthquake|p2a: Chesnaught
|-resisted|p2a: Chesnaught
|-damage|p2a: Chesnaught|274\/380
|
|-weather|Sandstorm|[upkeep]
|-damage|p2a: Chesnaught|251\/380|[from] sandstorm
|-heal|p2a: Chesnaught|274\/380|[from] item: Leftovers
|-heal|p1a: FAT BWOII|344\/420|[from] item: Leftovers
|turn|15
|c| MyLittleDick|told u
|
|move|p2a: Chesnaught|Spikes|p1a: FAT BWOII
|-sidestart|p1: Typhozzz|Spikes
|move|p1a: FAT BWOII|Toxic|p2a: Chesnaught
|-status|p2a: Chesnaught|tox
|
|-weather|Sandstorm|[upkeep]
|-damage|p2a: Chesnaught|251\/380 tox|[from] sandstorm
|-heal|p2a: Chesnaught|274\/380 tox|[from] item: Leftovers
|-heal|p1a: FAT BWOII|370\/420|[from] item: Leftovers
|-damage|p2a: Chesnaught|251\/380 tox|[from] psn
|turn|16
|c|★Typhozzz|its too late to be predicting meh
|
|move|p2a: Chesnaught|Spikes|p1a: FAT BWOII
|-sidestart|p1: Typhozzz|Spikes
|move|p1a: FAT BWOII|Stealth Rock|p2a: Chesnaught
|-sidestart|p2: MoB Barley|move: Stealth Rock
|
|-weather|none
|-heal|p2a: Chesnaught|274\/380 tox|[from] item: Leftovers
|-heal|p1a: FAT BWOII|396\/420|[from] item: Leftovers
|-damage|p2a: Chesnaught|228\/380 tox|[from] psn
|turn|17
|
|switch|p1a: Gimme Dem Soulz|Chesnaught, M|380\/380
|-damage|p1a: Gimme Dem Soulz|285\/380|[from] Spikes
|move|p2a: Chesnaught|Synthesis|p2a: Chesnaught
|-heal|p2a: Chesnaught|380\/380 tox
|
|-damage|p2a: Chesnaught|311\/380 tox|[from] psn
|turn|18
|c| MyLittleDick|hes not stayin in
|c| MyLittleDick|obv
|c|★Typhozzz|eh
|c| MyLittleDick|too much toxic
|
|switch|p2a: Hydreigon|Hydreigon, M|325\/325
|-damage|p2a: Hydreigon|285\/325|[from] Stealth Rock
|move|p1a: Gimme Dem Soulz|Leech Seed|p2a: Hydreigon|[miss]
|-miss|p1a: Gimme Dem Soulz|p2a: Hydreigon
|
|turn|19
|c|★Typhozzz|the aids eater
|c|★Typhozzz|ah nb
|c|★Typhozzz|coming thru
|c| Yuttt.TRUE POWER|brightpowder
|c| Yuttt.TRUE POWER|moddreigon
|
|move|p1a: Gimme Dem Soulz|Spiky Shield|p1a: Gimme Dem Soulz
|-singleturn|p1a: Gimme Dem Soulz|move: Protect
|move|p2a: Hydreigon|Fire Blast|p1a: Gimme Dem Soulz
|-activate|p1a: Gimme Dem Soulz|move: Protect
|
|turn|20
|c| Yuttt.TRUE POWER|mobdreigon
|leave|3y3brows on fleek
|
|switch|p1a: Flower Power|Florges, F|233\/360
|-damage|p1a: Flower Power|143\/360|[from] Spikes
|move|p2a: Hydreigon|Fire Blast|p1a: Flower Power
|-damage|p1a: Flower Power|64\/360
|
|-heal|p1a: Flower Power|86\/360|[from] item: Leftovers
|turn|21
|c| Emma Bae|never understood why dell is mod and fingerscrossed was RO o.O
|
|switch|p2a: Empoleon|Empoleon, M|372\/372
|-damage|p2a: Empoleon|310\/372|[from] Spikes
|-damage|p2a: Empoleon|287\/372|[from] Stealth Rock
|move|p1a: Flower Power|Wish|p1a: Flower Power
|
|-heal|p1a: Flower Power|108\/360|[from] item: Leftovers
|-heal|p2a: Empoleon|310\/372|[from] item: Leftovers
|turn|22
|c|★Typhozzz|dont be expert belt iron tail ty
|
|move|p1a: Flower Power|Protect|p1a: Flower Power
|-singleturn|p1a: Flower Power|Protect
|move|p2a: Empoleon|Roar|p1a: Flower Power
|drag|p1a: Eyebrows On Fleek|Darmanitan, M|351\/351
|-damage|p1a: Eyebrows On Fleek|264\/351|[from] Spikes
|
|-heal|p1a: Eyebrows On Fleek|351\/351|[from] move: Wish|[wisher] Flower Power
|-heal|p2a: Empoleon|333\/372|[from] item: Leftovers
|turn|23
|c| Emma Bae|wrong chat \/10
|join|leremyju
|
|switch|p2a: Chesnaught|Chesnaught, M, shiny|311\/380 tox
|-damage|p2a: Chesnaught|288\/380 tox|[from] Stealth Rock
|-damage|p2a: Chesnaught|225\/380 tox|[from] Spikes
|move|p1a: Eyebrows On Fleek|Superpower|p2a: Chesnaught
|-damage|p2a: Chesnaught|131\/380 tox
|-unboost|p1a: Eyebrows On Fleek|atk|1
|-unboost|p1a: Eyebrows On Fleek|def|1
|
|-heal|p2a: Chesnaught|154\/380 tox|[from] item: Leftovers
|-damage|p2a: Chesnaught|131\/380 tox|[from] psn
|turn|24
|
|switch|p1a: Gimme Dem Soulz|Chesnaught, M|285\/380
|-damage|p1a: Gimme Dem Soulz|190\/380|[from] Spikes
|move|p2a: Chesnaught|Synthesis|p2a: Chesnaught
|-heal|p2a: Chesnaught|321\/380 tox
|
|-heal|p2a: Chesnaught|344\/380 tox|[from] item: Leftovers
|-damage|p2a: Chesnaught|298\/380 tox|[from] psn
|turn|25
|leave|Emma Bae
|
|move|p2a: Chesnaught|Drain Punch|p1a: Gimme Dem Soulz
|-damage|p1a: Gimme Dem Soulz|130\/380
|-heal|p2a: Chesnaught|328\/380 tox|[from] drain|[of] p1a: Gimme Dem Soulz
|-damage|p2a: Chesnaught|265\/380 tox|[from] item: Rocky Helmet|[of] p1a: Gimme Dem Soulz
|move|p1a: Gimme Dem Soulz|Leech Seed|p2a: Chesnaught
|-immune|p2a: Chesnaught|[msg]
|
|-heal|p2a: Chesnaught|288\/380 tox|[from] item: Leftovers
|-damage|p2a: Chesnaught|219\/380 tox|[from] psn
|turn|26
|
|move|p1a: Gimme Dem Soulz|Drain Punch|p2a: Chesnaught
|-damage|p2a: Chesnaught|162\/380 tox
|-heal|p1a: Gimme Dem Soulz|159\/380|[from] drain|[of] p2a: Chesnaught
|move|p2a: Chesnaught|Synthesis|p2a: Chesnaught
|-heal|p2a: Chesnaught|352\/380 tox
|
|-heal|p2a: Chesnaught|375\/380 tox|[from] item: Leftovers
|-damage|p2a: Chesnaught|283\/380 tox|[from] psn
|turn|27
|
|move|p2a: Chesnaught|Drain Punch|p1a: Gimme Dem Soulz
|-damage|p1a: Gimme Dem Soulz|102\/380
|-heal|p2a: Chesnaught|312\/380 tox|[from] drain|[of] p1a: Gimme Dem Soulz
|-damage|p2a: Chesnaught|249\/380 tox|[from] item: Rocky Helmet|[of] p1a: Gimme Dem Soulz
|move|p1a: Gimme Dem Soulz|Leech Seed|p2a: Chesnaught|[miss]
|-miss|p1a: Gimme Dem Soulz|p2a: Chesnaught
|
|-heal|p2a: Chesnaught|272\/380 tox|[from] item: Leftovers
|-damage|p2a: Chesnaught|157\/380 tox|[from] psn
|turn|28
|
|move|p2a: Chesnaught|Drain Punch|p1a: Gimme Dem Soulz
|-crit|p1a: Gimme Dem Soulz
|-damage|p1a: Gimme Dem Soulz|17\/380
|-heal|p2a: Chesnaught|200\/380 tox|[from] drain|[of] p1a: Gimme Dem Soulz
|-damage|p2a: Chesnaught|137\/380 tox|[from] item: Rocky Helmet|[of] p1a: Gimme Dem Soulz
|move|p1a: Gimme Dem Soulz|Drain Punch|p2a: Chesnaught
|-damage|p2a: Chesnaught|76\/380 tox
|-heal|p1a: Gimme Dem Soulz|48\/380|[from] drain|[of] p2a: Chesnaught
|
|-heal|p2a: Chesnaught|99\/380 tox|[from] item: Leftovers
|-damage|p2a: Chesnaught|0 fnt|[from] psn
|faint|p2a: Chesnaught
|
|switch|p2a: Hydreigon|Hydreigon, M|285\/325
|-damage|p2a: Hydreigon|245\/325|[from] Stealth Rock
|turn|29
|
|move|p2a: Hydreigon|Dark Pulse|p1a: Gimme Dem Soulz
|-resisted|p1a: Gimme Dem Soulz
|-damage|p1a: Gimme Dem Soulz|0 fnt
|faint|p1a: Gimme Dem Soulz
|
|
|switch|p1a: ArmCannons|Blastoise-Mega, M|312\/362
|-damage|p1a: ArmCannons|222\/362|[from] Spikes
|turn|30
|
|move|p2a: Hydreigon|Dark Pulse|p1a: ArmCannons
|-damage|p1a: ArmCannons|95\/362
|move|p1a: ArmCannons|Rapid Spin|p2a: Hydreigon
|-crit|p2a: Hydreigon
|-damage|p2a: Hydreigon|222\/325
|-sideend|p1: Typhozzz|Spikes|[from] move: Rapid Spin|[of] p1a: ArmCannons
|
|turn|31
|c| Yuttt.TRUE POWER|wowa weewa
|c| Yuttt.TRUE POWER|there is no GHOST
|
|switch|p1a: FAT BWOII|Hippowdon, M|396\/420
|-weather|Sandstorm
|move|p2a: Hydreigon|Dark Pulse|p1a: FAT BWOII
|-damage|p1a: FAT BWOII|279\/420
|
|-weather|Sandstorm|[upkeep]
|-damage|p2a: Hydreigon|202\/325|[from] sandstorm
|-heal|p1a: FAT BWOII|305\/420|[from] item: Leftovers
|turn|32
|c| Yuttt.TRUE POWER|that can take
|c| leremyju|what
|c| Yuttt.TRUE POWER|TRUE POWER
|
|move|p2a: Hydreigon|Dark Pulse|p1a: FAT BWOII
|-damage|p1a: FAT BWOII|173\/420
|move|p1a: FAT BWOII|Toxic|p2a: Hydreigon
|-status|p2a: Hydreigon|tox
|
|-weather|Sandstorm|[upkeep]
|-damage|p2a: Hydreigon|182\/325 tox|[from] sandstorm
|-heal|p1a: FAT BWOII|199\/420|[from] item: Leftovers
|-damage|p2a: Hydreigon|162\/325 tox|[from] psn
|turn|33
|c| leremyju|dr-dr-draco
|
|switch|p2a: Empoleon|Empoleon, M|333\/372
|-damage|p2a: Empoleon|271\/372|[from] Spikes
|-damage|p2a: Empoleon|248\/372|[from] Stealth Rock
|move|p1a: FAT BWOII|Slack Off|p1a: FAT BWOII
|-heal|p1a: FAT BWOII|409\/420
|
|-weather|Sandstorm|[upkeep]
|-heal|p2a: Empoleon|271\/372|[from] item: Leftovers
|-heal|p1a: FAT BWOII|420\/420|[from] item: Leftovers
|turn|34
|join|Yer Bad
|c| Yer Bad|ch-ch-choiced
|
|move|p2a: Empoleon|Defog|p1a: FAT BWOII
|-unboost|p1a: FAT BWOII|evasion|1
|-sideend|p2: MoB Barley|Spikes|[from] move: Defog|[of] p2a: Empoleon
|-sideend|p2: MoB Barley|Stealth Rock|[from] move: Defog|[of] p2a: Empoleon
|move|p1a: FAT BWOII|Earthquake|p2a: Empoleon
|-supereffective|p2a: Empoleon
|-damage|p2a: Empoleon|0 fnt
|faint|p2a: Empoleon
|
|-weather|Sandstorm|[upkeep]
|
|switch|p2a: Swampert|Swampert, M|361\/361
|turn|35
|
|detailschange|p2a: Swampert|Swampert-Mega, M
|-mega|p2a: Swampert|Swampert|Swampertite
|move|p2a: Swampert|Waterfall|p1a: FAT BWOII
|-supereffective|p1a: FAT BWOII
|-damage|p1a: FAT BWOII|114\/420
|move|p1a: FAT BWOII|Toxic|p2a: Swampert
|-status|p2a: Swampert|tox
|
|-weather|none
|-heal|p1a: FAT BWOII|140\/420|[from] item: Leftovers
|-damage|p2a: Swampert|339\/361 tox|[from] psn
|turn|36
|c| Yuttt.TRUE POWER|what is a rain dance
|c| Yuttt.TRUE POWER|MOB
|c| Yuttt.TRUE POWER|is there
|c| Yuttt.TRUE POWER|UU RAIN TEAM
|
|move|p2a: Swampert|Waterfall|p1a: FAT BWOII
|-supereffective|p1a: FAT BWOII
|-damage|p1a: FAT BWOII|0 fnt
|faint|p1a: FAT BWOII
|
|-damage|p2a: Swampert|295\/361 tox|[from] psn
|c| Yuttt.TRUE POWER|UU RAIN STALL WITH GOODRA
|c|★MoB Barley|i have dance as the filler
|c|★MoB Barley|and no yutt
|
|switch|p1a: Eyebrows On Fleek|Darmanitan, M|351\/351
|turn|37
|c|★MoB Barley|we should make something
|join|Hazey
|c| Yuttt.TRUE POWER|yes we should
|
|move|p1a: Eyebrows On Fleek|U-turn|p2a: Swampert
|-crit|p2a: Swampert
|-damage|p2a: Swampert|181\/361 tox
|c| Yuttt.TRUE POWER|dd chomp was never released
|
|switch|p1a: Yummy|Arcanine, M|384\/384
|-ability|p1a: Yummy|Intimidate|[of] p2a: Swampert
|-unboost|p2a: Swampert|atk|1
|move|p2a: Swampert|Earthquake|p1a: Yummy
|-supereffective|p1a: Yummy
|-damage|p1a: Yummy|136\/384
|
|-heal|p1a: Yummy|160\/384|[from] item: Leftovers
|-damage|p2a: Swampert|115\/361 tox|[from] psn
|turn|38
|c| Yuttt.TRUE POWER|rofl rain dance rest sleep talk waterfall swmapert
|
|switch|p2a: Entei|Entei, shiny|371\/371
|-ability|p2a: Entei|Pressure
|move|p1a: Yummy|Morning Sun|p1a: Yummy
|-heal|p1a: Yummy|352\/384
|
|-heal|p1a: Yummy|376\/384|[from] item: Leftovers
|turn|39
|
|move|p2a: Entei|Stone Edge|p1a: Yummy
|-supereffective|p1a: Yummy
|-damage|p1a: Yummy|98\/384
|move|p1a: Yummy|Roar|p2a: Entei
|drag|p2a: Nidoqueen|Nidoqueen, F|202\/373
|
|-heal|p1a: Yummy|122\/384|[from] item: Leftovers
|turn|40
|
|move|p1a: Yummy|Flare Blitz|p2a: Nidoqueen
|-damage|p2a: Nidoqueen|24\/373
|-damage|p1a: Yummy|63\/384|[from] recoil|[of] p2a: Nidoqueen
|move|p2a: Nidoqueen|Earth Power|p1a: Yummy
|-supereffective|p1a: Yummy
|-damage|p1a: Yummy|0 fnt
|faint|p1a: Yummy
|
|c|★MoB Barley|queen>
|c| Yuttt.TRUE POWER|and they wonder why no king
|
|switch|p1a: Eyebrows On Fleek|Darmanitan, M|351\/351
|turn|41
|
|switch|p2a: Hydreigon|Hydreigon, M|162\/325 tox
|move|p1a: Eyebrows On Fleek|U-turn|p2a: Hydreigon
|-supereffective|p2a: Hydreigon
|-damage|p2a: Hydreigon|0 fnt
|faint|p2a: Hydreigon
|c| Yuttt.TRUE POWER|mob what should we build
|c| Yuttt.TRUE POWER|belch endure weather ball giga drain petaya victreebel?
|
|switch|p1a: Flower Power|Florges, F|108\/360
|
|-heal|p1a: Flower Power|130\/360|[from] item: Leftovers
|
|switch|p2a: Nidoqueen|Nidoqueen, F|24\/373
|turn|42
|join|Khaliem
|c|★MoB Barley|rain stall
|c| Yuttt.TRUE POWER|:o
|c| Yuttt.TRUE POWER|ok
|c| Yuttt.TRUE POWER|in uu?
|c|★MoB Barley|ye
|c| leremyju|:O
|c| leremyju|can i steal team
|c|★MoB Barley|tornadus i
|c|★MoB Barley|damp rock
|
|move|p1a: Flower Power|Protect|p1a: Flower Power
|-singleturn|p1a: Flower Power|Protect
|move|p2a: Nidoqueen|Sludge Wave|p1a: Flower Power
|-activate|p1a: Flower Power|Protect
|
|-heal|p1a: Flower Power|152\/360|[from] item: Leftovers
|turn|43
|c|★MoB Barley|lgi
|c| Yuttt.TRUE POWER|:o
|c| Yuttt.TRUE POWER|mega swampert?
|
|switch|p1a: ArmCannons|Blastoise-Mega, M|95\/362
|move|p2a: Nidoqueen|Sludge Wave|p1a: ArmCannons
|-crit|p1a: ArmCannons
|-damage|p1a: ArmCannons|0 fnt
|faint|p1a: ArmCannons
|
|c| Yuttt.TRUE POWER|or blastoise
|
|switch|p1a: Eyebrows On Fleek|Darmanitan, M|351\/351
|turn|44
|c|★MoB Barley|tentacruel?
|c| leremyju|ludiyolo?
|
|switch|p2a: Swampert|Swampert-Mega, M|115\/361 tox
|move|p1a: Eyebrows On Fleek|Rock Slide|p2a: Swampert
|-resisted|p2a: Swampert
|-damage|p2a: Swampert|60\/361 tox
|
|-damage|p2a: Swampert|38\/361 tox|[from] psn
|turn|45
|
|move|p1a: Eyebrows On Fleek|Rock Slide|p2a: Swampert
|-miss|p1a: Eyebrows On Fleek|p2a: Swampert
|move|p2a: Swampert|Earthquake|p1a: Eyebrows On Fleek
|-supereffective|p1a: Eyebrows On Fleek
|-damage|p1a: Eyebrows On Fleek|0 fnt
|faint|p1a: Eyebrows On Fleek
|
|-damage|p2a: Swampert|0 fnt|[from] psn
|faint|p2a: Swampert
|c| Yuttt.TRUE POWER|omalord maybe
|c|★Typhozzz|ugh
|c|★Typhozzz|there it is
|c|★Typhozzz|right on q
|c| MonoConvergence|bop
|c|★Typhozzz|gg i guess
|c| leremyju|hows that pert faster
|
|switch|p2a: Nidoqueen|Nidoqueen, F|24\/373
|switch|p1a: Flower Power|Florges, F|152\/360
|turn|46
|c|★MoB Barley|gg
|
|move|p2a: Nidoqueen|Sludge Wave|p1a: Flower Power
|-supereffective|p1a: Flower Power
|-damage|p1a: Flower Power|0 fnt
|faint|p1a: Flower Power
|
|win|MoB Barley
|raw|Ladder updating...
|raw|Typhozzz's rating: 1431 &rarr; <strong>1418<\/strong><br \/>(-13 for losing)
|raw|MoB Barley's rating: 1560 &rarr; <strong>1573<\/strong><br \/>(+13 for winning)
|leave|MoB Barley
|player|p2
|leave|Hazey
|leave|leremyju
|c| weeslayer|uploaded
|leave|MonoConvergence
|leave|Typhozzz
|leave|Yuttt.TRUE POWER
|player|p1
|leave|Khaliem
|leave|weeslayer
|leave|Hariyana Grande