|join|MoB Barley
|join|Planet Hell
|player|p1|MoB Barley|161
|player|p2|Planet Hell|190
|gametype|singles
|gen|6
|tier|UU
|rated
|rule|Sleep Clause Mod: Limit one foe put to sleep
|rule|Species Clause: Limit one of each Pokémon
|rule|OHKO Clause: OHKO moves are banned
|rule|Moody Clause: Moody is banned
|rule|Evasion Moves Clause: Evasion moves are banned
|rule|Endless Battle Clause: Forcing endless battles is banned
|rule|HP Percentage Mod: HP is shown in percentages
|clearpoke
|poke|p1|Entei, shiny
|poke|p1|Ampharos, M
|poke|p1|Jirachi, shiny
|poke|p1|Roserade, F
|poke|p1|Starmie, shiny
|poke|p1|Granbull, M
|poke|p2|Medicham, M
|poke|p2|Tentacruel, F
|poke|p2|Celebi
|poke|p2|Suicune
|poke|p2|Krookodile, F
|poke|p2|Entei, shiny
|rule|Swagger Clause: Swagger is banned
|rule|Baton Pass Clause: Limit one Pokémon knowing Baton Pass
|teampreview
|join|bloons4dayz
|
|start
|switch|p1a: Granbull|Granbull, M|384\/384
|switch|p2a: Krookodile|Krookodile, F|331\/331
|-ability|p2a: Krookodile|Intimidate|[of] p1a: Granbull
|-unboost|p1a: Granbull|atk|1
|-ability|p1a: Granbull|Intimidate|[of] p2a: Krookodile
|-unboost|p2a: Krookodile|atk|1
|turn|1
|
|switch|p2a: Suicune|Suicune|404\/404
|-ability|p2a: Suicune|Pressure
|switch|p1a: Jirachi|Jirachi, shiny|404\/404
|
|turn|2
|
|switch|p2a: Krookodile|Krookodile, F|331\/331
|-ability|p2a: Krookodile|Intimidate|[of] p1a: Jirachi
|-unboost|p1a: Jirachi|atk|1
|move|p1a: Jirachi|Stealth Rock|p2a: Krookodile
|-sidestart|p2: Planet Hell|move: Stealth Rock
|
|turn|3
|
|move|p2a: Krookodile|Pursuit|p1a: Jirachi
|-crit|p1a: Jirachi
|-supereffective|p1a: Jirachi
|-damage|p1a: Jirachi|84\/404
|move|p1a: Jirachi|U-turn|p2a: Krookodile
|-supereffective|p2a: Krookodile
|-damage|p2a: Krookodile|249\/331
|
|switch|p1a: Ampharos|Ampharos, M|371\/371
|
|turn|4
|
|switch|p2a: Celebi|Celebi|404\/404
|-damage|p2a: Celebi|354\/404|[from] Stealth Rock
|detailschange|p1a: Ampharos|Ampharos-Mega, M
|-mega|p1a: Ampharos|Ampharos|Ampharosite
|-ability|p1a: Ampharos|Mold Breaker
|move|p1a: Ampharos|Volt Switch|p2a: Celebi
|-resisted|p2a: Celebi
|-damage|p2a: Celebi|268\/404
|
|switch|p1a: Entei|Entei, shiny|371\/371
|-ability|p1a: Entei|Pressure
|
|-heal|p2a: Celebi|293\/404|[from] item: Leftovers
|turn|5
|join|Hax Is BullShiTTT
|
|switch|p1a: Ampharos|Ampharos-Mega, M|371\/371
|-ability|p1a: Ampharos|Mold Breaker
|move|p2a: Celebi|Stealth Rock|p1a: Ampharos
|-sidestart|p1: MoB Barley|move: Stealth Rock
|
|-heal|p2a: Celebi|318\/404|[from] item: Leftovers
|turn|6
|
|move|p2a: Celebi|Toxic|p1a: Ampharos
|-status|p1a: Ampharos|tox
|move|p1a: Ampharos|Volt Switch|p2a: Celebi
|-resisted|p2a: Celebi
|-damage|p2a: Celebi|242\/404
|
|switch|p1a: Jirachi|Jirachi, shiny|84\/404
|-damage|p1a: Jirachi|59\/404|[from] Stealth Rock
|
|-heal|p2a: Celebi|267\/404|[from] item: Leftovers
|-heal|p1a: Jirachi|84\/404|[from] item: Leftovers
|turn|7
|
|switch|p2a: Tentacruel|Tentacruel, F|361\/361
|-damage|p2a: Tentacruel|316\/361|[from] Stealth Rock
|move|p1a: Jirachi|U-turn|p2a: Tentacruel
|-resisted|p2a: Tentacruel
|-damage|p2a: Tentacruel|290\/361
|
|switch|p1a: Ampharos|Ampharos-Mega, M|371\/371 tox
|-damage|p1a: Ampharos|325\/371 tox|[from] Stealth Rock
|-ability|p1a: Ampharos|Mold Breaker
|
|-heal|p2a: Tentacruel|312\/361|[from] item: Black Sludge
|-damage|p1a: Ampharos|302\/371 tox|[from] psn
|turn|8
|
|switch|p2a: Krookodile|Krookodile, F|249\/331
|-damage|p2a: Krookodile|229\/331|[from] Stealth Rock
|-ability|p2a: Krookodile|Intimidate|[of] p1a: Ampharos
|-unboost|p1a: Ampharos|atk|1
|move|p1a: Ampharos|Volt Switch|p2a: Krookodile
|-immune|p2a: Krookodile|[msg]
|
|-damage|p1a: Ampharos|256\/371 tox|[from] psn
|turn|9
|
|move|p2a: Krookodile|Pursuit|p1a: Ampharos|[from]Pursuit
|-damage|p1a: Ampharos|58\/371 tox
|switch|p1a: Starmie|Starmie, shiny|324\/324
|-damage|p1a: Starmie|284\/324|[from] Stealth Rock
|
|-heal|p1a: Starmie|304\/324|[from] item: Leftovers
|turn|10
|
|switch|p2a: Suicune|Suicune|404\/404
|-damage|p2a: Suicune|354\/404|[from] Stealth Rock
|-ability|p2a: Suicune|Pressure
|move|p1a: Starmie|Rapid Spin|p2a: Suicune
|-damage|p2a: Suicune|346\/404
|-sideend|p1: MoB Barley|Stealth Rock|[from] move: Rapid Spin|[of] p1a: Starmie
|
|-heal|p1a: Starmie|324\/324|[from] item: Leftovers
|-heal|p2a: Suicune|371\/404|[from] item: Leftovers
|turn|11
|
|switch|p1a: Roserade|Roserade, F|323\/323
|move|p2a: Suicune|Scald|p1a: Roserade
|-resisted|p1a: Roserade
|-damage|p1a: Roserade|289\/323
|-status|p1a: Roserade|brn
|
|-heal|p1a: Roserade|309\/323 brn|[from] item: Black Sludge
|-heal|p2a: Suicune|396\/404|[from] item: Leftovers
|-damage|p1a: Roserade|269\/323 brn|[from] brn
|turn|12
|
|switch|p1a: Entei|Entei, shiny|371\/371
|-ability|p1a: Entei|Pressure
|switch|p2a: Tentacruel|Tentacruel, F|312\/361
|-damage|p2a: Tentacruel|267\/361|[from] Stealth Rock
|
|-heal|p2a: Tentacruel|289\/361|[from] item: Black Sludge
|turn|13
|
|switch|p2a: Suicune|Suicune|396\/404
|-damage|p2a: Suicune|346\/404|[from] Stealth Rock
|-ability|p2a: Suicune|Pressure
|move|p1a: Entei|Sacred Fire|p2a: Suicune
|-resisted|p2a: Suicune
|-damage|p2a: Suicune|258\/404
|
|-heal|p2a: Suicune|283\/404|[from] item: Leftovers
|turn|14
|
|switch|p1a: Roserade|Roserade, F|269\/323
|switch|p2a: Tentacruel|Tentacruel, F|289\/361
|-damage|p2a: Tentacruel|244\/361|[from] Stealth Rock
|
|-heal|p2a: Tentacruel|266\/361|[from] item: Black Sludge
|-heal|p1a: Roserade|289\/323|[from] item: Black Sludge
|turn|15
|
|move|p2a: Tentacruel|Rapid Spin|p1a: Roserade
|-damage|p1a: Roserade|275\/323
|-sideend|p2: Planet Hell|Stealth Rock|[from] move: Rapid Spin|[of] p2a: Tentacruel
|move|p1a: Roserade|Giga Drain|p2a: Tentacruel
|-damage|p2a: Tentacruel|176\/361
|-damage|p1a: Roserade|230\/323|[from] ability: Liquid Ooze|[of] p2a: Tentacruel
|
|-heal|p2a: Tentacruel|198\/361|[from] item: Black Sludge
|-heal|p1a: Roserade|250\/323|[from] item: Black Sludge
|turn|16
|
|move|p2a: Tentacruel|Knock Off|p1a: Roserade
|-damage|p1a: Roserade|191\/323
|-enditem|p1a: Roserade|Black Sludge|[from] move: Knock Off|[of] p2a: Tentacruel
|move|p1a: Roserade|Spikes|p2a: Tentacruel
|-sidestart|p2: Planet Hell|Spikes
|
|-heal|p2a: Tentacruel|220\/361|[from] item: Black Sludge
|turn|17
|
|move|p2a: Tentacruel|Rapid Spin|p1a: Roserade
|-damage|p1a: Roserade|179\/323
|-sideend|p2: Planet Hell|Spikes|[from] move: Rapid Spin|[of] p2a: Tentacruel
|move|p1a: Roserade|Giga Drain|p2a: Tentacruel
|-damage|p2a: Tentacruel|129\/361
|-damage|p1a: Roserade|133\/323|[from] ability: Liquid Ooze|[of] p2a: Tentacruel
|
|-heal|p2a: Tentacruel|151\/361|[from] item: Black Sludge
|turn|18
|
|move|p2a: Tentacruel|Scald|p1a: Roserade
|-resisted|p1a: Roserade
|-damage|p1a: Roserade|103\/323
|-status|p1a: Roserade|brn
|move|p1a: Roserade|Synthesis|p1a: Roserade
|-heal|p1a: Roserade|264\/323 brn
|
|-heal|p2a: Tentacruel|173\/361|[from] item: Black Sludge
|-damage|p1a: Roserade|224\/323 brn|[from] brn
|turn|19
|
|move|p2a: Tentacruel|Knock Off|p1a: Roserade
|-damage|p1a: Roserade|182\/323 brn
|move|p1a: Roserade|Giga Drain|p2a: Tentacruel
|-damage|p2a: Tentacruel|86\/361
|-damage|p1a: Roserade|138\/323 brn|[from] ability: Liquid Ooze|[of] p2a: Tentacruel
|
|-heal|p2a: Tentacruel|108\/361|[from] item: Black Sludge
|-damage|p1a: Roserade|98\/323 brn|[from] brn
|turn|20
|
|switch|p2a: Krookodile|Krookodile, F|229\/331
|-ability|p2a: Krookodile|Intimidate|[of] p1a: Roserade
|-unboost|p1a: Roserade|atk|1
|move|p1a: Roserade|Synthesis|p1a: Roserade
|-heal|p1a: Roserade|259\/323 brn
|
|-damage|p1a: Roserade|219\/323 brn|[from] brn
|turn|21
|
|switch|p1a: Granbull|Granbull, M|384\/384
|-ability|p1a: Granbull|Intimidate|[of] p2a: Krookodile
|-unboost|p2a: Krookodile|atk|1
|move|p2a: Krookodile|Earthquake|p1a: Granbull
|-damage|p1a: Granbull|174\/384
|
|-heal|p1a: Granbull|198\/384|[from] item: Leftovers
|turn|22
|
|switch|p1a: Starmie|Starmie, shiny|324\/324
|move|p2a: Krookodile|Earthquake|p1a: Starmie
|-damage|p1a: Starmie|134\/324
|
|-heal|p1a: Starmie|154\/324|[from] item: Leftovers
|turn|23
|
|switch|p2a: Celebi|Celebi|267\/404
|move|p1a: Starmie|Recover|p1a: Starmie
|-heal|p1a: Starmie|316\/324
|
|-heal|p1a: Starmie|324\/324|[from] item: Leftovers
|-heal|p2a: Celebi|292\/404|[from] item: Leftovers
|turn|24
|
|switch|p1a: Jirachi|Jirachi, shiny|84\/404
|move|p2a: Celebi|Stealth Rock|p1a: Jirachi
|-sidestart|p1: MoB Barley|move: Stealth Rock
|
|-heal|p2a: Celebi|317\/404|[from] item: Leftovers
|-heal|p1a: Jirachi|109\/404|[from] item: Leftovers
|turn|25
|
|switch|p2a: Krookodile|Krookodile, F|229\/331
|-ability|p2a: Krookodile|Intimidate|[of] p1a: Jirachi
|-unboost|p1a: Jirachi|atk|1
|move|p1a: Jirachi|Stealth Rock|p2a: Krookodile
|-sidestart|p2: Planet Hell|move: Stealth Rock
|
|-heal|p1a: Jirachi|134\/404|[from] item: Leftovers
|turn|26
|
|move|p2a: Krookodile|Pursuit|p1a: Jirachi
|-supereffective|p1a: Jirachi
|-damage|p1a: Jirachi|0 fnt
|faint|p1a: Jirachi
|
|
|switch|p1a: Granbull|Granbull, M|198\/384
|-damage|p1a: Granbull|150\/384|[from] Stealth Rock
|-ability|p1a: Granbull|Intimidate|[of] p2a: Krookodile
|-unboost|p2a: Krookodile|atk|1
|turn|27
|
|switch|p2a: Suicune|Suicune|283\/404
|-damage|p2a: Suicune|233\/404|[from] Stealth Rock
|-ability|p2a: Suicune|Pressure
|move|p1a: Granbull|Thunder Wave|p2a: Suicune
|-status|p2a: Suicune|par
|
|-heal|p1a: Granbull|174\/384|[from] item: Leftovers
|-heal|p2a: Suicune|258\/404 par|[from] item: Leftovers
|turn|28
|join|FUQ GLISCORE
|
|switch|p2a: Krookodile|Krookodile, F|229\/331
|-damage|p2a: Krookodile|209\/331|[from] Stealth Rock
|-ability|p2a: Krookodile|Intimidate|[of] p1a: Granbull
|-unboost|p1a: Granbull|atk|1
|move|p1a: Granbull|Earthquake|p2a: Krookodile
|-damage|p2a: Krookodile|110\/331
|
|-heal|p1a: Granbull|198\/384|[from] item: Leftovers
|turn|29
|
|move|p2a: Krookodile|Earthquake|p1a: Granbull
|-damage|p1a: Granbull|0 fnt
|faint|p1a: Granbull
|
|
|switch|p1a: Starmie|Starmie, shiny|324\/324
|-damage|p1a: Starmie|284\/324|[from] Stealth Rock
|turn|30
|
|move|p1a: Starmie|Scald|p2a: Krookodile
|-supereffective|p2a: Krookodile
|-damage|p2a: Krookodile|0 fnt
|faint|p2a: Krookodile
|
|-heal|p1a: Starmie|304\/324|[from] item: Leftovers
|join|WaitTilYesterday
|
|switch|p2a: Celebi|Celebi|317\/404
|-damage|p2a: Celebi|267\/404|[from] Stealth Rock
|turn|31
|
|move|p1a: Starmie|Reflect Type|p2a: Celebi
|-start|p1a: Starmie|typechange|[from] move: Reflect Type|[of] p2a: Celebi
|move|p2a: Celebi|Recover|p2a: Celebi
|-heal|p2a: Celebi|404\/404
|
|-heal|p1a: Starmie|324\/324|[from] item: Leftovers
|turn|32
|c| WaitTilYesterday|is granbull a thin in uu or are you just a lord
|c| WaitTilYesterday|thing*
|c|★MoB Barley|its viable
|
|switch|p2a: Suicune|Suicune|258\/404 par
|-damage|p2a: Suicune|208\/404 par|[from] Stealth Rock
|-ability|p2a: Suicune|Pressure
|move|p1a: Starmie|Scald|p2a: Suicune
|-resisted|p2a: Suicune
|-damage|p2a: Suicune|180\/404 par
|
|-heal|p2a: Suicune|205\/404 par|[from] item: Leftovers
|turn|33
|c| WaitTilYesterday|i might give it a shit
|c| WaitTilYesterday|shot*
|c| WaitTilYesterday|:x
|
|move|p1a: Starmie|Rapid Spin|p2a: Suicune
|-crit|p2a: Suicune
|-damage|p2a: Suicune|193\/404 par
|-sideend|p1: MoB Barley|Stealth Rock|[from] move: Rapid Spin|[of] p1a: Starmie
|cant|p2a: Suicune|par
|
|-heal|p2a: Suicune|218\/404 par|[from] item: Leftovers
|turn|34
|
|switch|p1a: Ampharos|Ampharos-Mega, M|58\/371 tox
|-ability|p1a: Ampharos|Mold Breaker
|move|p2a: Suicune|Scald|p1a: Ampharos
|-resisted|p1a: Ampharos
|-damage|p1a: Ampharos|22\/371 tox
|
|-heal|p2a: Suicune|243\/404 par|[from] item: Leftovers
|-damage|p1a: Ampharos|0 fnt|[from] psn
|faint|p1a: Ampharos
|
|switch|p1a: Roserade|Roserade, F|219\/323
|turn|35
|
|switch|p2a: Medicham|Medicham, M|261\/261
|-damage|p2a: Medicham|245\/261|[from] Stealth Rock
|move|p1a: Roserade|Spikes|p2a: Medicham
|-sidestart|p2: Planet Hell|Spikes
|
|turn|36
|
|switch|p1a: Starmie|Starmie, shiny|324\/324
|detailschange|p2a: Medicham|Medicham-Mega, M
|-mega|p2a: Medicham|Medicham|Medichamite
|move|p2a: Medicham|High Jump Kick|p1a: Starmie
|-resisted|p1a: Starmie
|-damage|p1a: Starmie|110\/324
|
|-heal|p1a: Starmie|130\/324|[from] item: Leftovers
|turn|37
|c| WaitTilYesterday|can we talk about how
|c| WaitTilYesterday|roserade
|c| WaitTilYesterday|looks like ellen
|
|move|p1a: Starmie|Scald|p2a: Medicham
|-damage|p2a: Medicham|133\/261
|move|p2a: Medicham|High Jump Kick|p1a: Starmie
|-resisted|p1a: Starmie
|-damage|p1a: Starmie|0 fnt
|faint|p1a: Starmie
|
|
|switch|p1a: Entei|Entei, shiny|371\/371
|-ability|p1a: Entei|Pressure
|turn|38
|
|switch|p2a: Tentacruel|Tentacruel, F|108\/361
|-damage|p2a: Tentacruel|63\/361|[from] Stealth Rock
|-damage|p2a: Tentacruel|18\/361|[from] Spikes
|move|p1a: Entei|Extreme Speed|p2a: Tentacruel
|-damage|p2a: Tentacruel|0 fnt
|faint|p2a: Tentacruel
|
|
|switch|p2a: Entei|Entei, shiny|371\/371
|-damage|p2a: Entei|279\/371|[from] Stealth Rock
|-damage|p2a: Entei|233\/371|[from] Spikes
|-ability|p2a: Entei|Pressure
|turn|39
|
|move|p1a: Entei|Extreme Speed|p2a: Entei
|-crit|p2a: Entei
|-damage|p2a: Entei|4\/371
|move|p2a: Entei|Bulldoze|p1a: Entei
|-supereffective|p1a: Entei
|-damage|p1a: Entei|197\/371
|-unboost|p1a: Entei|spe|1
|
|turn|40
|leave|FUQ GLISCORE
|
|move|p2a: Entei|Extreme Speed|p1a: Entei
|-damage|p1a: Entei|81\/371
|move|p1a: Entei|Extreme Speed|p2a: Entei
|-damage|p2a: Entei|0 fnt
|faint|p2a: Entei
|
|
|switch|p2a: Medicham|Medicham-Mega, M|133\/261
|-damage|p2a: Medicham|101\/261|[from] Spikes
|-damage|p2a: Medicham|85\/261|[from] Stealth Rock
|turn|41
|
|move|p2a: Medicham|Fake Out|p1a: Entei
|-damage|p1a: Entei|0 fnt
|faint|p1a: Entei
|
|-message|MoB Barley forfeited.
|leave|MoB Barley
|
|win|Planet Hell
|raw|Ladder updating...
|player|p1
|raw|MoB Barley's rating: 1608 &rarr; <strong>1582<\/strong><br \/>(-26 for losing)
|raw|Planet Hell's rating: 1504 &rarr; <strong>1530<\/strong><br \/>(+26 for winning)
|leave|Planet Hell
|leave|bloons4dayz
|player|p2