|join|Itsuki
|join|imnoob9000
|player|p1|Itsuki|1
|player|p2|imnoob9000|266
|gametype|singles
|gen|6
|tier|OU
|rated
|clearpoke
|poke|p1|Pinsir, F
|poke|p1|Talonflame, F
|poke|p1|Latias, F
|poke|p1|Landorus-Therian, M
|poke|p1|Ferrothorn, M
|poke|p1|Heatran, F
|poke|p2|Klefki, F, shiny
|poke|p2|Mew, shiny
|poke|p2|Bisharp, M, shiny
|poke|p2|Rotom-Wash
|poke|p2|Clefable, F, shiny
|poke|p2|Sableye, F
|rule|Swagger Clause: Swagger is banned
|rule|Baton Pass Clause: Limit one Pokémon knowing Baton Pass
|rule|Sleep Clause Mod: Limit one foe put to sleep
|rule|Species Clause: Limit one of each Pokémon
|rule|OHKO Clause: OHKO moves are banned
|rule|Moody Clause: Moody is banned
|rule|Evasion Moves Clause: Evasion moves are banned
|rule|Endless Battle Clause: Forcing endless battles is banned
|rule|HP Percentage Mod: HP is shown in percentages
|teampreview
|
|start
|switch|p1a: Landorus-Therian|Landorus-Therian, M|319\/319
|switch|p2a: Mew|Mew, shiny|404\/404
|-ability|p1a: Landorus-Therian|Intimidate|[of] p2a: Mew
|-unboost|p2a: Mew|atk|1
|turn|1
|
|move|p1a: Landorus-Therian|U-turn|p2a: Mew
|-supereffective|p2a: Mew
|-damage|p2a: Mew|264\/404
|
|switch|p1a: Heatran|Heatran, F|386\/386
|move|p2a: Mew|Iron Defense|p2a: Mew
|-boost|p2a: Mew|def|2
|
|-heal|p2a: Mew|289\/404|[from] item: Leftovers
|turn|2
|
|move|p2a: Mew|Amnesia|p2a: Mew
|-boost|p2a: Mew|spd|2
|move|p1a: Heatran|Lava Plume|p2a: Mew
|-damage|p2a: Mew|235\/404
|-status|p2a: Mew|brn
|
|-heal|p2a: Mew|260\/404 brn|[from] item: Leftovers
|-damage|p2a: Mew|210\/404 brn|[from] brn
|turn|3
|
|move|p2a: Mew|Amnesia|p2a: Mew
|-boost|p2a: Mew|spd|2
|move|p1a: Heatran|Roar|p2a: Mew
|drag|p2a: Rotom-Wash|Rotom-Wash|304\/304
|
|turn|4
|
|switch|p1a: Ferrothorn|Ferrothorn, M|352\/352
|move|p2a: Rotom-Wash|Hydro Pump|p1a: Ferrothorn
|-resisted|p1a: Ferrothorn
|-damage|p1a: Ferrothorn|293\/352
|
|-heal|p1a: Ferrothorn|315\/352|[from] item: Leftovers
|turn|5
|join|Nebirosz
|
|move|p2a: Rotom-Wash|Will-O-Wisp|p1a: Ferrothorn
|-status|p1a: Ferrothorn|brn
|move|p1a: Ferrothorn|Leech Seed|p2a: Rotom-Wash
|-start|p2a: Rotom-Wash|move: Leech Seed
|
|-heal|p1a: Ferrothorn|337\/352 brn|[from] item: Leftovers
|-damage|p2a: Rotom-Wash|266\/304|[from] Leech Seed|[of] p1a: Ferrothorn
|-heal|p1a: Ferrothorn|352\/352 brn|[silent]
|-damage|p1a: Ferrothorn|308\/352 brn|[from] brn
|turn|6
|
|switch|p2a: Sableye|Sableye, F|304\/304
|move|p1a: Ferrothorn|Leech Seed|p2a: Sableye
|-start|p2a: Sableye|move: Leech Seed
|
|-heal|p1a: Ferrothorn|330\/352 brn|[from] item: Leftovers
|-damage|p2a: Sableye|266\/304|[from] Leech Seed|[of] p1a: Ferrothorn
|-heal|p1a: Ferrothorn|352\/352 brn|[silent]
|-damage|p1a: Ferrothorn|308\/352 brn|[from] brn
|turn|7
|
|switch|p1a: Heatran|Heatran, F|386\/386
|detailschange|p2a: Sableye|Sableye-Mega, F
|-mega|p2a: Sableye|Sableye|Sablenite
|move|p2a: Sableye|Recover|p2a: Sableye
|-heal|p2a: Sableye|304\/304
|
|-damage|p2a: Sableye|266\/304|[from] Leech Seed|[of] p1a: Heatran
|turn|8
|
|switch|p2a: Rotom-Wash|Rotom-Wash|266\/304
|move|p1a: Heatran|Lava Plume|p2a: Rotom-Wash
|-resisted|p2a: Rotom-Wash
|-damage|p2a: Rotom-Wash|224\/304
|
|-heal|p2a: Rotom-Wash|243\/304|[from] item: Leftovers
|turn|9
|
|switch|p1a: Ferrothorn|Ferrothorn, M|308\/352 brn
|move|p2a: Rotom-Wash|Volt Switch|p1a: Ferrothorn
|-resisted|p1a: Ferrothorn
|-damage|p1a: Ferrothorn|269\/352 brn
|
|switch|p2a: Clefable|Clefable, F, shiny|394\/394
|
|-heal|p1a: Ferrothorn|291\/352 brn|[from] item: Leftovers
|-damage|p1a: Ferrothorn|247\/352 brn|[from] brn
|turn|10
|
|switch|p1a: Heatran|Heatran, F|386\/386
|move|p2a: Clefable|Heal Bell|p2a: Clefable
|-cureteam|p2a: Clefable|[from] move: HealBell
|
|turn|11
|
|switch|p2a: Rotom-Wash|Rotom-Wash|243\/304
|move|p1a: Heatran|Stealth Rock|p2a: Rotom-Wash
|-sidestart|p2: imnoob9000|move: Stealth Rock
|
|-heal|p2a: Rotom-Wash|262\/304|[from] item: Leftovers
|turn|12
|
|switch|p1a: Ferrothorn|Ferrothorn, M|247\/352 brn
|move|p2a: Rotom-Wash|Hydro Pump|p1a: Ferrothorn
|-resisted|p1a: Ferrothorn
|-damage|p1a: Ferrothorn|189\/352 brn
|
|-heal|p2a: Rotom-Wash|281\/304|[from] item: Leftovers
|-heal|p1a: Ferrothorn|211\/352 brn|[from] item: Leftovers
|-damage|p1a: Ferrothorn|167\/352 brn|[from] brn
|turn|13
|
|move|p2a: Rotom-Wash|Volt Switch|p1a: Ferrothorn
|-resisted|p1a: Ferrothorn
|-damage|p1a: Ferrothorn|132\/352 brn
|
|switch|p2a: Sableye|Sableye-Mega, F|266\/304
|-damage|p2a: Sableye|228\/304|[from] Stealth Rock
|move|p1a: Ferrothorn|Leech Seed|p2a: Sableye
|move|p2a: Sableye|Leech Seed|p1a: Ferrothorn|[from]Magic Bounce
|-immune|p1a: Ferrothorn|[msg]
|
|-heal|p1a: Ferrothorn|154\/352 brn|[from] item: Leftovers
|-damage|p1a: Ferrothorn|110\/352 brn|[from] brn
|turn|14
|
|switch|p1a: Heatran|Heatran, F|386\/386
|move|p2a: Sableye|Recover|p2a: Sableye
|-heal|p2a: Sableye|304\/304
|
|turn|15
|
|switch|p2a: Rotom-Wash|Rotom-Wash|281\/304
|-damage|p2a: Rotom-Wash|243\/304|[from] Stealth Rock
|move|p1a: Heatran|Lava Plume|p2a: Rotom-Wash
|-resisted|p2a: Rotom-Wash
|-damage|p2a: Rotom-Wash|200\/304
|-status|p2a: Rotom-Wash|brn
|
|-heal|p2a: Rotom-Wash|219\/304 brn|[from] item: Leftovers
|-damage|p2a: Rotom-Wash|181\/304 brn|[from] brn
|turn|16
|
|switch|p1a: Latias|Latias, F|301\/301
|move|p2a: Rotom-Wash|Volt Switch|p1a: Latias
|-resisted|p1a: Latias
|-damage|p1a: Latias|269\/301
|
|switch|p2a: Clefable|Clefable, F, shiny|394\/394
|-damage|p2a: Clefable|345\/394|[from] Stealth Rock
|
|-heal|p2a: Clefable|369\/394|[from] item: Leftovers
|turn|17
|
|switch|p1a: Heatran|Heatran, F|386\/386
|move|p2a: Clefable|Heal Bell|p2a: Clefable
|-cureteam|p2a: Clefable|[from] move: HealBell
|
|-heal|p2a: Clefable|393\/394|[from] item: Leftovers
|turn|18
|
|switch|p2a: Rotom-Wash|Rotom-Wash|181\/304
|-damage|p2a: Rotom-Wash|143\/304|[from] Stealth Rock
|move|p1a: Heatran|Lava Plume|p2a: Rotom-Wash
|-resisted|p2a: Rotom-Wash
|-damage|p2a: Rotom-Wash|100\/304
|
|-heal|p2a: Rotom-Wash|119\/304|[from] item: Leftovers
|turn|19
|
|switch|p1a: Latias|Latias, F|269\/301
|move|p2a: Rotom-Wash|Pain Split|p1a: Latias
|-sethp|p1a: Latias|194\/301|p2a: Rotom-Wash|194\/304|[from] move: Pain Split
|
|-heal|p2a: Rotom-Wash|213\/304|[from] item: Leftovers
|turn|20
|
|move|p1a: Latias|Psyshock|p2a: Rotom-Wash
|-damage|p2a: Rotom-Wash|48\/304
|-damage|p1a: Latias|164\/301|[from] item: Life Orb
|move|p2a: Rotom-Wash|Will-O-Wisp|p1a: Latias
|-status|p1a: Latias|brn
|
|-heal|p2a: Rotom-Wash|67\/304|[from] item: Leftovers
|-damage|p1a: Latias|127\/301 brn|[from] brn
|turn|21
|
|switch|p2a: Clefable|Clefable, F, shiny|393\/394
|-damage|p2a: Clefable|344\/394|[from] Stealth Rock
|move|p1a: Latias|Draco Meteor|p2a: Clefable
|-immune|p2a: Clefable|[msg]
|
|-heal|p2a: Clefable|368\/394|[from] item: Leftovers
|-damage|p1a: Latias|90\/301 brn|[from] brn
|turn|22
|
|switch|p1a: Heatran|Heatran, F|386\/386
|move|p2a: Clefable|Wish|p2a: Clefable
|
|-heal|p2a: Clefable|392\/394|[from] item: Leftovers
|turn|23
|
|move|p2a: Clefable|Moonblast|p1a: Heatran
|-resisted|p1a: Heatran
|-damage|p1a: Heatran|368\/386
|-unboost|p1a: Heatran|spa|1
|move|p1a: Heatran|Roar|p2a: Clefable
|drag|p2a: Sableye|Sableye-Mega, F|304\/304
|-damage|p2a: Sableye|266\/304|[from] Stealth Rock
|
|-heal|p2a: Sableye|304\/304|[from] move: Wish|[wisher] Clefable
|-heal|p1a: Heatran|386\/386|[from] item: Leftovers
|turn|24
|
|move|p1a: Heatran|Lava Plume|p2a: Sableye
|-damage|p2a: Sableye|231\/304
|move|p2a: Sableye|Recover|p2a: Sableye
|-heal|p2a: Sableye|304\/304
|
|turn|25
|
|switch|p2a: Clefable|Clefable, F, shiny|392\/394
|-damage|p2a: Clefable|343\/394|[from] Stealth Rock
|move|p1a: Heatran|Lava Plume|p2a: Clefable
|-damage|p2a: Clefable|217\/394
|
|-heal|p2a: Clefable|241\/394|[from] item: Leftovers
|turn|26
|
|move|p1a: Heatran|Lava Plume|p2a: Clefable
|-damage|p2a: Clefable|103\/394
|move|p2a: Clefable|Wish|p2a: Clefable
|
|-heal|p2a: Clefable|127\/394|[from] item: Leftovers
|turn|27
|
|switch|p1a: Pinsir|Pinsir, F|271\/271
|move|p2a: Clefable|Moonblast|p1a: Pinsir
|-damage|p1a: Pinsir|121\/271
|
|-heal|p2a: Clefable|324\/394|[from] move: Wish|[wisher] Clefable
|-heal|p2a: Clefable|348\/394|[from] item: Leftovers
|turn|28
|
|switch|p1a: Ferrothorn|Ferrothorn, M|110\/352 brn
|move|p2a: Clefable|Moonblast|p1a: Ferrothorn
|-resisted|p1a: Ferrothorn
|-damage|p1a: Ferrothorn|64\/352 brn
|-unboost|p1a: Ferrothorn|spa|1
|
|-heal|p2a: Clefable|372\/394|[from] item: Leftovers
|-heal|p1a: Ferrothorn|86\/352 brn|[from] item: Leftovers
|-damage|p1a: Ferrothorn|42\/352 brn|[from] brn
|turn|29
|
|switch|p1a: Heatran|Heatran, F|386\/386
|move|p2a: Clefable|Moonblast|p1a: Heatran
|-resisted|p1a: Heatran
|-damage|p1a: Heatran|369\/386
|
|-heal|p1a: Heatran|386\/386|[from] item: Leftovers
|-heal|p2a: Clefable|394\/394|[from] item: Leftovers
|turn|30
|
|move|p1a: Heatran|Lava Plume|p2a: Clefable
|-damage|p2a: Clefable|268\/394
|move|p2a: Clefable|Wish|p2a: Clefable
|
|-heal|p2a: Clefable|292\/394|[from] item: Leftovers
|turn|31
|
|move|p2a: Clefable|Moonblast|p1a: Heatran
|-crit|p1a: Heatran
|-resisted|p1a: Heatran
|-damage|p1a: Heatran|359\/386
|-unboost|p1a: Heatran|spa|1
|move|p1a: Heatran|Roar|p2a: Clefable
|drag|p2a: Mew|Mew, shiny|210\/404
|-damage|p2a: Mew|160\/404|[from] Stealth Rock
|
|-heal|p2a: Mew|357\/404|[from] move: Wish|[wisher] Clefable
|-heal|p2a: Mew|382\/404|[from] item: Leftovers
|-heal|p1a: Heatran|383\/386|[from] item: Leftovers
|turn|32
|
|switch|p2a: Klefki|Klefki, F, shiny|318\/318
|-damage|p2a: Klefki|299\/318|[from] Stealth Rock
|move|p1a: Heatran|Lava Plume|p2a: Klefki
|-supereffective|p2a: Klefki
|-damage|p2a: Klefki|113\/318
|-status|p2a: Klefki|brn
|
|-heal|p1a: Heatran|386\/386|[from] item: Leftovers
|-heal|p2a: Klefki|132\/318 brn|[from] item: Leftovers
|-damage|p2a: Klefki|93\/318 brn|[from] brn
|turn|33
|
|move|p2a: Klefki|Thunder Wave|p1a: Heatran
|-status|p1a: Heatran|par
|cant|p1a: Heatran|par
|
|-heal|p2a: Klefki|112\/318 brn|[from] item: Leftovers
|-damage|p2a: Klefki|73\/318 brn|[from] brn
|turn|34
|
|move|p2a: Klefki|Light Screen|p2a: Klefki
|-sidestart|p2: imnoob9000|move: Light Screen
|move|p1a: Heatran|Lava Plume|p2a: Klefki
|-crit|p2a: Klefki
|-supereffective|p2a: Klefki
|-damage|p2a: Klefki|0 fnt
|faint|p2a: Klefki
|
|
|switch|p2a: Rotom-Wash|Rotom-Wash|67\/304
|-damage|p2a: Rotom-Wash|29\/304|[from] Stealth Rock
|turn|35
|
|switch|p1a: Ferrothorn|Ferrothorn, M|42\/352 brn
|move|p2a: Rotom-Wash|Pain Split|p1a: Ferrothorn
|-sethp|p1a: Ferrothorn|35\/352 brn|p2a: Rotom-Wash|35\/304|[from] move: Pain Split
|
|-heal|p2a: Rotom-Wash|54\/304|[from] item: Leftovers
|-heal|p1a: Ferrothorn|57\/352 brn|[from] item: Leftovers
|-damage|p1a: Ferrothorn|13\/352 brn|[from] brn
|turn|36
|
|move|p2a: Rotom-Wash|Hydro Pump|p1a: Ferrothorn
|-resisted|p1a: Ferrothorn
|-damage|p1a: Ferrothorn|0 fnt
|faint|p1a: Ferrothorn
|
|-heal|p2a: Rotom-Wash|73\/304|[from] item: Leftovers
|
|switch|p1a: Latias|Latias, F|90\/301 brn
|turn|37
|
|switch|p2a: Clefable|Clefable, F, shiny|292\/394
|-damage|p2a: Clefable|243\/394|[from] Stealth Rock
|move|p1a: Latias|Draco Meteor|p2a: Clefable
|-immune|p2a: Clefable|[msg]
|
|-heal|p2a: Clefable|267\/394|[from] item: Leftovers
|-damage|p1a: Latias|53\/301 brn|[from] brn
|turn|38
|
|move|p1a: Latias|Healing Wish|p1a: Latias
|faint|p1a: Latias
|move|p2a: Clefable|Moonblast|p1: Latias|[notarget]
|-notarget
|
|-heal|p2a: Clefable|291\/394|[from] item: Leftovers
|-sideend|p2: imnoob9000|move: Light Screen
|
|switch|p1a: Pinsir|Pinsir, F|121\/271
|-heal|p1a: Pinsir|271\/271|[from] move: Healing Wish
|turn|39
|
|detailschange|p1a: Pinsir|Pinsir-Mega, F
|-mega|p1a: Pinsir|Pinsir|Pinsirite
|move|p1a: Pinsir|Swords Dance|p1a: Pinsir
|-boost|p1a: Pinsir|atk|2
|move|p2a: Clefable|Fire Blast|p1a: Pinsir
|-supereffective|p1a: Pinsir
|-damage|p1a: Pinsir|87\/271
|
|-heal|p2a: Clefable|315\/394|[from] item: Leftovers
|turn|40
|
|move|p1a: Pinsir|Return|p2a: Clefable
|-damage|p2a: Clefable|95\/394
|move|p2a: Clefable|Moonblast|p1a: Pinsir
|-damage|p1a: Pinsir|0 fnt
|faint|p1a: Pinsir
|
|-heal|p2a: Clefable|119\/394|[from] item: Leftovers
|
|switch|p1a: Talonflame|Talonflame, F|297\/297
|turn|41
|
|move|p1a: Talonflame|Flare Blitz|p2a: Clefable
|-damage|p2a: Clefable|0 fnt
|-damage|p1a: Talonflame|258\/297|[from] recoil|[of] p2a: Clefable
|-damage|p1a: Talonflame|229\/297|[from] item: Life Orb
|faint|p2a: Clefable
|
|
|switch|p2a: Rotom-Wash|Rotom-Wash|73\/304
|-damage|p2a: Rotom-Wash|35\/304|[from] Stealth Rock
|turn|42
|
|move|p1a: Talonflame|Brave Bird|p2a: Rotom-Wash
|-resisted|p2a: Rotom-Wash
|-damage|p2a: Rotom-Wash|0 fnt
|-damage|p1a: Talonflame|217\/297|[from] recoil|[of] p2a: Rotom-Wash
|-damage|p1a: Talonflame|188\/297|[from] item: Life Orb
|faint|p2a: Rotom-Wash
|
|
|switch|p2a: Bisharp|Bisharp, M, shiny|272\/272
|-damage|p2a: Bisharp|255\/272|[from] Stealth Rock
|turn|43
|
|move|p1a: Talonflame|Roost|p1a: Talonflame
|-heal|p1a: Talonflame|297\/297
|move|p2a: Bisharp|Sucker Punch|p1a: Talonflame
|-fail|p1a: Talonflame
|
|turn|44
|
|switch|p2a: Mew|Mew, shiny|382\/404
|-damage|p2a: Mew|332\/404|[from] Stealth Rock
|move|p1a: Talonflame|Flare Blitz|p2a: Mew
|-damage|p2a: Mew|157\/404
|-damage|p1a: Talonflame|239\/297|[from] recoil|[of] p2a: Mew
|-damage|p1a: Talonflame|210\/297|[from] item: Life Orb
|
|-heal|p2a: Mew|182\/404|[from] item: Leftovers
|turn|45
|
|move|p1a: Talonflame|Swords Dance|p1a: Talonflame
|-boost|p1a: Talonflame|atk|2
|move|p2a: Mew|Soft-Boiled|p2a: Mew
|-heal|p2a: Mew|384\/404
|
|-heal|p2a: Mew|404\/404|[from] item: Leftovers
|turn|46
|
|move|p1a: Talonflame|Swords Dance|p1a: Talonflame
|-boost|p1a: Talonflame|atk|2
|move|p2a: Mew|Iron Defense|p2a: Mew
|-boost|p2a: Mew|def|2
|
|turn|47
|
|move|p1a: Talonflame|Flare Blitz|p2a: Mew
|-damage|p2a: Mew|138\/404
|-damage|p1a: Talonflame|122\/297|[from] recoil|[of] p2a: Mew
|-damage|p1a: Talonflame|93\/297|[from] item: Life Orb
|move|p2a: Mew|Iron Defense|p2a: Mew
|-boost|p2a: Mew|def|2
|
|-heal|p2a: Mew|163\/404|[from] item: Leftovers
|turn|48
|
|move|p1a: Talonflame|Flare Blitz|p2a: Mew
|-damage|p2a: Mew|6\/404
|-damage|p1a: Talonflame|41\/297|[from] recoil|[of] p2a: Mew
|-damage|p1a: Talonflame|12\/297|[from] item: Life Orb
|move|p2a: Mew|Soft-Boiled|p2a: Mew
|-heal|p2a: Mew|208\/404
|
|-heal|p2a: Mew|233\/404|[from] item: Leftovers
|turn|49
|
|move|p1a: Talonflame|Roost|p1a: Talonflame
|-heal|p1a: Talonflame|161\/297
|move|p2a: Mew|Baton Pass|p2a: Mew
|
|switch|p2a: Sableye|Sableye-Mega, F|304\/304
|-damage|p2a: Sableye|266\/304|[from] Stealth Rock
|
|turn|50
|
|move|p1a: Talonflame|Roost|p1a: Talonflame
|-heal|p1a: Talonflame|297\/297
|move|p2a: Sableye|Nasty Plot|p2a: Sableye
|-boost|p2a: Sableye|spa|2
|
|turn|51
|
|move|p1a: Talonflame|Swords Dance|p1a: Talonflame
|-boost|p1a: Talonflame|atk|2
|move|p2a: Sableye|Dark Pulse|p1a: Talonflame
|-damage|p1a: Talonflame|60\/297
|
|turn|52
|
|move|p1a: Talonflame|Flare Blitz|p2a: Sableye
|-damage|p2a: Sableye|113\/304
|-damage|p1a: Talonflame|10\/297|[from] recoil|[of] p2a: Sableye
|-damage|p1a: Talonflame|0 fnt|[from] item: Life Orb
|faint|p1a: Talonflame
|move|p2a: Sableye|Dark Pulse|p1: Talonflame|[notarget]
|-notarget
|
|
|switch|p1a: Heatran|Heatran, F|386\/386 par
|turn|53
|
|move|p2a: Sableye|Recover|p2a: Sableye
|-heal|p2a: Sableye|265\/304
|move|p1a: Heatran|Lava Plume|p2a: Sableye
|-damage|p2a: Sableye|153\/304
|
|turn|54
|
|move|p2a: Sableye|Recover|p2a: Sableye
|-heal|p2a: Sableye|304\/304
|move|p1a: Heatran|Lava Plume|p2a: Sableye
|-damage|p2a: Sableye|190\/304
|-status|p2a: Sableye|brn
|
|-damage|p2a: Sableye|152\/304 brn|[from] brn
|turn|55
|
|move|p2a: Sableye|Dark Pulse|p1a: Heatran
|-damage|p1a: Heatran|271\/386 par
|cant|p1a: Heatran|flinch
|
|-heal|p1a: Heatran|295\/386 par|[from] item: Leftovers
|-damage|p2a: Sableye|114\/304 brn|[from] brn
|turn|56
|
|move|p2a: Sableye|Recover|p2a: Sableye
|-heal|p2a: Sableye|266\/304 brn
|move|p1a: Heatran|Lava Plume|p2a: Sableye
|-damage|p2a: Sableye|170\/304 brn
|
|-heal|p1a: Heatran|319\/386 par|[from] item: Leftovers
|-damage|p2a: Sableye|132\/304 brn|[from] brn
|turn|57
|
|move|p2a: Sableye|Recover|p2a: Sableye
|-heal|p2a: Sableye|284\/304 brn
|move|p1a: Heatran|Lava Plume|p2a: Sableye
|-damage|p2a: Sableye|176\/304 brn
|
|-heal|p1a: Heatran|343\/386 par|[from] item: Leftovers
|-damage|p2a: Sableye|138\/304 brn|[from] brn
|turn|58
|
|move|p2a: Sableye|Recover|p2a: Sableye
|-heal|p2a: Sableye|290\/304 brn
|move|p1a: Heatran|Lava Plume|p2a: Sableye
|-damage|p2a: Sableye|179\/304 brn
|
|-heal|p1a: Heatran|367\/386 par|[from] item: Leftovers
|-damage|p2a: Sableye|141\/304 brn|[from] brn
|turn|59
|
|move|p2a: Sableye|Recover|p2a: Sableye
|-heal|p2a: Sableye|293\/304 brn
|move|p1a: Heatran|Earth Power|p2a: Sableye
|-damage|p2a: Sableye|210\/304 brn
|
|-heal|p1a: Heatran|386\/386 par|[from] item: Leftovers
|-damage|p2a: Sableye|172\/304 brn|[from] brn
|turn|60
|
|move|p2a: Sableye|Nasty Plot|p2a: Sableye
|-boost|p2a: Sableye|spa|2
|move|p1a: Heatran|Earth Power|p2a: Sableye
|-damage|p2a: Sableye|93\/304 brn
|
|-damage|p2a: Sableye|55\/304 brn|[from] brn
|turn|61
|
|move|p2a: Sableye|Recover|p2a: Sableye
|-heal|p2a: Sableye|207\/304 brn
|move|p1a: Heatran|Earth Power|p2a: Sableye
|-damage|p2a: Sableye|129\/304 brn
|
|-damage|p2a: Sableye|91\/304 brn|[from] brn
|turn|62
|
|move|p2a: Sableye|Recover|p2a: Sableye
|-heal|p2a: Sableye|243\/304 brn
|cant|p1a: Heatran|par
|
|-damage|p2a: Sableye|205\/304 brn|[from] brn
|turn|63
|
|move|p2a: Sableye|Nasty Plot|p2a: Sableye
|-boost|p2a: Sableye|spa|2
|move|p1a: Heatran|Lava Plume|p2a: Sableye
|-damage|p2a: Sableye|97\/304 brn
|
|-damage|p2a: Sableye|59\/304 brn|[from] brn
|turn|64
|
|move|p2a: Sableye|Recover|p2a: Sableye
|-heal|p2a: Sableye|211\/304 brn
|move|p1a: Heatran|Lava Plume|p2a: Sableye
|-damage|p2a: Sableye|112\/304 brn
|
|-damage|p2a: Sableye|74\/304 brn|[from] brn
|turn|65
|
|move|p2a: Sableye|Recover|p2a: Sableye
|-heal|p2a: Sableye|226\/304 brn
|move|p1a: Heatran|Lava Plume|p2a: Sableye
|-damage|p2a: Sableye|120\/304 brn
|
|-damage|p2a: Sableye|82\/304 brn|[from] brn
|turn|66
|
|move|p2a: Sableye|Recover|p2a: Sableye
|-heal|p2a: Sableye|234\/304 brn
|cant|p1a: Heatran|par
|
|-damage|p2a: Sableye|196\/304 brn|[from] brn
|turn|67
|
|move|p2a: Sableye|Dark Pulse|p1a: Heatran
|-damage|p1a: Heatran|155\/386 par
|cant|p1a: Heatran|par
|
|-heal|p1a: Heatran|179\/386 par|[from] item: Leftovers
|-damage|p2a: Sableye|158\/304 brn|[from] brn
|turn|68
|c|★imnoob9000|this is intense
|
|move|p2a: Sableye|Dark Pulse|p1a: Heatran
|-damage|p1a: Heatran|0 fnt
|faint|p1a: Heatran
|
|-damage|p2a: Sableye|120\/304 brn|[from] brn
|
|switch|p1a: Landorus-Therian|Landorus-Therian, M|319\/319
|-ability|p1a: Landorus-Therian|Intimidate|[of] p2a: Sableye
|-unboost|p2a: Sableye|atk|1
|turn|69
|
|move|p1a: Landorus-Therian|Earthquake|p2a: Sableye
|-damage|p2a: Sableye|87\/304 brn
|move|p2a: Sableye|Will-O-Wisp|p1a: Landorus-Therian
|-status|p1a: Landorus-Therian|brn
|
|-damage|p1a: Landorus-Therian|280\/319 brn|[from] brn
|-damage|p2a: Sableye|49\/304 brn|[from] brn
|turn|70
|-message|Itsuki forfeited.
|
|win|imnoob9000
|raw|Ladder updating...
|leave|Itsuki
|player|p1
|raw|Itsuki's rating: 1264 &rarr; <strong>1238<\/strong><br \/>(-26 for losing)
|raw|imnoob9000's rating: 1250 &rarr; <strong>1276<\/strong><br \/>(+26 for winning)