|join|freekazoid
|join|yuna28
|player|p1|freekazoid|196
|player|p2|yuna28|192
|gametype|singles
|gen|6
|tier|OU
|rated
|clearpoke
|poke|p1|Azumarill, M, shiny
|poke|p1|Venusaur, F, shiny
|poke|p1|Heatran, M, shiny
|poke|p1|Scizor, M, shiny
|poke|p1|Latios, M, shiny
|poke|p1|Slowbro, F, shiny
|poke|p2|Charizard, F
|poke|p2|Weavile, M, shiny
|poke|p2|Reuniclus, M
|poke|p2|Sylveon, F
|poke|p2|Gyarados, M, shiny
|poke|p2|Mew
|rule|Swagger Clause: Swagger is banned
|rule|Baton Pass Clause: Limit one Pokémon knowing Baton Pass
|rule|Sleep Clause Mod: Limit one foe put to sleep
|rule|Species Clause: Limit one of each Pokémon
|rule|OHKO Clause: OHKO moves are banned
|rule|Moody Clause: Moody is banned
|rule|Evasion Moves Clause: Evasion moves are banned
|rule|Endless Battle Clause: Forcing endless battles is banned
|rule|HP Percentage Mod: HP is shown in percentages
|teampreview
|
|start
|switch|p1a: *PK*Fire|Heatran, M, shiny|386\/386
|switch|p2a: Charizard|Charizard, F|297\/297
|turn|1
|
|detailschange|p2a: Charizard|Charizard-Mega-Y, F
|message|Charizard has Mega Evolved into Mega Charizard!
|-weather|SunnyDay
|move|p2a: Charizard|Earthquake|p1a: *PK*Fire
|-supereffective|p1a: *PK*Fire
|-damage|p1a: *PK*Fire|98\/386
|move|p1a: *PK*Fire|Roar|p2a: Charizard
|drag|p2a: Mew|Mew|404\/404
|
|-weather|SunnyDay|[upkeep]
|-heal|p1a: *PK*Fire|122\/386|[from] item: Leftovers
|turn|2
|
|move|p2a: Mew|Drain Punch|p1a: *PK*Fire
|-supereffective|p1a: *PK*Fire
|-damage|p1a: *PK*Fire|18\/386
|move|p1a: *PK*Fire|Stealth Rock|p2a: Mew
|-sidestart|p2: yuna28|move: Stealth Rock
|
|-weather|SunnyDay|[upkeep]
|-heal|p1a: *PK*Fire|42\/386|[from] item: Leftovers
|turn|3
|
|switch|p1a: Kareim|Scizor, M, shiny|343\/343
|move|p2a: Mew|Drain Punch|p1a: Kareim
|-damage|p1a: Kareim|280\/343
|
|-weather|SunnyDay|[upkeep]
|turn|4
|
|move|p2a: Mew|Thunder Wave|p1a: Kareim
|-status|p1a: Kareim|par
|cant|p1a: Kareim|par
|
|-weather|SunnyDay|[upkeep]
|turn|5
|
|move|p2a: Mew|Defog|p1a: Kareim
|-unboost|p1a: Kareim|evasion|1
|-sideend|p2: yuna28|Stealth Rock|[from] move: Defog|[of] p2a: Mew
|move|p1a: Kareim|Knock Off|p2a: Mew
|-supereffective|p2a: Mew
|-damage|p2a: Mew|112\/404
|-enditem|p2a: Mew|Leftovers|[from] move: Knock Off|[of] p1a: Kareim
|
|-weather|none
|turn|6
|
|move|p2a: Mew|Stealth Rock|p1a: Kareim
|-sidestart|p1: freekazoid|move: Stealth Rock
|move|p1a: Kareim|Knock Off|p2a: Mew
|-supereffective|p2a: Mew
|-damage|p2a: Mew|0 fnt
|faint|p2a: Mew
|
|
|switch|p2a: Charizard|Charizard-Mega-Y, F|297\/297
|-weather|SunnyDay
|turn|7
|
|switch|p1a: Lugia's Son|Latios, M, shiny|302\/302
|-damage|p1a: Lugia's Son|265\/302|[from] Stealth Rock
|move|p2a: Charizard|Flamethrower|p1a: Lugia's Son
|-resisted|p1a: Lugia's Son
|-damage|p1a: Lugia's Son|126\/302
|-status|p1a: Lugia's Son|brn
|
|-weather|SunnyDay|[upkeep]
|-damage|p1a: Lugia's Son|89\/302 brn|[from] brn
|turn|8
|
|switch|p2a: Sylveon|Sylveon, F|391\/391
|move|p1a: Lugia's Son|Recover|p1a: Lugia's Son
|-heal|p1a: Lugia's Son|240\/302 brn
|
|-weather|SunnyDay|[upkeep]
|-damage|p1a: Lugia's Son|203\/302 brn|[from] brn
|turn|9
|
|switch|p1a: Cheikh Anta Diop|Azumarill, M, shiny|363\/363
|-damage|p1a: Cheikh Anta Diop|318\/363|[from] Stealth Rock
|move|p2a: Sylveon|Calm Mind|p2a: Sylveon
|-boost|p2a: Sylveon|spa|1
|-boost|p2a: Sylveon|spd|1
|
|-weather|SunnyDay|[upkeep]
|turn|10
|
|move|p1a: Cheikh Anta Diop|Play Rough|p2a: Sylveon
|-damage|p2a: Sylveon|49\/391
|move|p2a: Sylveon|Hyper Voice|p1a: Cheikh Anta Diop
|-damage|p1a: Cheikh Anta Diop|0 fnt
|faint|p1a: Cheikh Anta Diop
|
|-weather|SunnyDay|[upkeep]
|-heal|p2a: Sylveon|73\/391|[from] item: Leftovers
|
|switch|p1a: Lugia's Son|Latios, M, shiny|203\/302 brn
|-damage|p1a: Lugia's Son|166\/302 brn|[from] Stealth Rock
|turn|11
|
|move|p1a: Lugia's Son|Psyshock|p2a: Sylveon
|-damage|p2a: Sylveon|0 fnt
|-damage|p1a: Lugia's Son|136\/302 brn|[from] item: Life Orb
|faint|p2a: Sylveon
|
|-weather|none
|-damage|p1a: Lugia's Son|99\/302 brn|[from] brn
|
|switch|p2a: Weavile|Weavile, M, shiny|282\/282
|-ability|p2a: Weavile|Pressure
|turn|12
|
|switch|p1a: Venuwhore|Venusaur, F, shiny|364\/364
|-damage|p1a: Venuwhore|319\/364|[from] Stealth Rock
|move|p2a: Weavile|Swords Dance|p2a: Weavile
|-boost|p2a: Weavile|atk|2
|
|turn|13
|
|detailschange|p1a: Venuwhore|Venusaur-Mega, F, shiny
|message|Venusaur has Mega Evolved into Mega Venusaur!
|move|p2a: Weavile|Knock Off|p1a: Venuwhore
|-damage|p1a: Venuwhore|144\/364
|-damage|p2a: Weavile|254\/282|[from] item: Life Orb
|move|p1a: Venuwhore|Sleep Powder|p2a: Weavile
|-status|p2a: Weavile|slp
|
|turn|14
|
|switch|p2a: Reuniclus|Reuniclus, M|424\/424
|move|p1a: Venuwhore|Synthesis|p1a: Venuwhore
|-heal|p1a: Venuwhore|326\/364
|
|turn|15
|
|switch|p1a: Slowbabe|Slowbro, F, shiny|394\/394
|-damage|p1a: Slowbabe|345\/394|[from] Stealth Rock
|move|p2a: Reuniclus|Calm Mind|p2a: Reuniclus
|-boost|p2a: Reuniclus|spa|1
|-boost|p2a: Reuniclus|spd|1
|
|-heal|p1a: Slowbabe|369\/394|[from] item: Leftovers
|turn|16
|
|move|p2a: Reuniclus|Calm Mind|p2a: Reuniclus
|-boost|p2a: Reuniclus|spa|1
|-boost|p2a: Reuniclus|spd|1
|move|p1a: Slowbabe|Thunder Wave|p2a: Reuniclus
|-status|p2a: Reuniclus|par
|
|-heal|p1a: Slowbabe|393\/394|[from] item: Leftovers
|turn|17
|
|switch|p1a: *PK*Fire|Heatran, M, shiny|42\/386
|-damage|p1a: *PK*Fire|0 fnt|[from] Stealth Rock
|faint|p1a: *PK*Fire
|move|p2a: Reuniclus|Psyshock|p1: *PK*Fire|[notarget]
|-notarget
|
|
|switch|p1a: Kareim|Scizor, M, shiny|280\/343 par
|-damage|p1a: Kareim|238\/343 par|[from] Stealth Rock
|turn|18
|
|switch|p2a: Charizard|Charizard-Mega-Y, F|297\/297
|-weather|SunnyDay
|move|p1a: Kareim|U-turn|p2a: Charizard
|-crit|p2a: Charizard
|-resisted|p2a: Charizard
|-damage|p2a: Charizard|188\/297
|
|switch|p1a: Lugia's Son|Latios, M, shiny|99\/302 brn
|-damage|p1a: Lugia's Son|62\/302 brn|[from] Stealth Rock
|
|-weather|SunnyDay|[upkeep]
|-damage|p1a: Lugia's Son|25\/302 brn|[from] brn
|turn|19
|
|move|p1a: Lugia's Son|Recover|p1a: Lugia's Son
|-heal|p1a: Lugia's Son|176\/302 brn
|move|p2a: Charizard|Fire Blast|p1a: Lugia's Son
|-resisted|p1a: Lugia's Son
|-damage|p1a: Lugia's Son|18\/302 brn
|
|-weather|SunnyDay|[upkeep]
|-damage|p1a: Lugia's Son|0 fnt|[from] brn
|faint|p1a: Lugia's Son
|c|★freekazoid|gg
|c|★yuna28|gg
|-message|freekazoid forfeited.
|
|win|yuna28
|raw|Ladder updating...
|leave|freekazoid
|player|p1
|raw|freekazoid's rating: 1552 &rarr; <strong>1534<\/strong><br \/>(-18 for losing)
|raw|yuna28's rating: 1593 &rarr; <strong>1614<\/strong><br \/>(+21 for winning)