|join|yuna28
|join|tibsbro
|player|p1|yuna28|192
|player|p2|tibsbro|102
|gametype|singles
|gen|6
|tier|OU
|rated
|clearpoke
|poke|p1|Charizard, F
|poke|p1|Weavile, M, shiny
|poke|p1|Reuniclus, F
|poke|p1|Sylveon, M
|poke|p1|Gyarados, F, shiny
|poke|p1|Mew
|poke|p2|Greninja, F
|poke|p2|Gyarados, F
|poke|p2|Latios, M
|poke|p2|Scizor, F
|poke|p2|Tyranitar, F
|poke|p2|Skarmory, F
|rule|Swagger Clause: Swagger is banned
|rule|Baton Pass Clause: Limit one Pokémon knowing Baton Pass
|rule|Sleep Clause Mod: Limit one foe put to sleep
|rule|Species Clause: Limit one of each Pokémon
|rule|OHKO Clause: OHKO moves are banned
|rule|Moody Clause: Moody is banned
|rule|Evasion Moves Clause: Evasion moves are banned
|rule|Endless Battle Clause: Forcing endless battles is banned
|rule|HP Percentage Mod: HP is shown in percentages
|teampreview
|leave|tibsbro
|player|p2
|join|tibsbro
|player|p2|tibsbro|102
|teampreview
|
|start
|switch|p1a: Mew|Mew|404\/404
|switch|p2a: Scizor|Scizor, F|282\/282
|turn|1
|
|move|p2a: Scizor|U-turn|p1a: Mew
|-supereffective|p1a: Mew
|-damage|p1a: Mew|216\/404
|
|switch|p2a: Greninja|Greninja, F|286\/286
|move|p1a: Mew|Thunder Wave|p2a: Greninja
|-status|p2a: Greninja|par
|
|-heal|p1a: Mew|241\/404|[from] item: Leftovers
|turn|2
|
|move|p1a: Mew|Stealth Rock|p2a: Greninja
|-sidestart|p2: tibsbro|move: Stealth Rock
|cant|p2a: Greninja|par
|
|-heal|p1a: Mew|266\/404|[from] item: Leftovers
|turn|3
|
|move|p1a: Mew|Drain Punch|p2a: Greninja
|-supereffective|p2a: Greninja
|-damage|p2a: Greninja|136\/286 par
|-heal|p1a: Mew|341\/404|[from] drain|[of] p2a: Greninja
|move|p2a: Greninja|Dark Pulse|p1a: Mew
|-start|p2a: Greninja|typechange|Dark|[from] Protean
|-supereffective|p1a: Mew
|-damage|p1a: Mew|13\/404
|-damage|p2a: Greninja|108\/286 par|[from] item: Life Orb
|
|-heal|p1a: Mew|38\/404|[from] item: Leftovers
|turn|4
|
|move|p1a: Mew|Drain Punch|p2a: Greninja
|-supereffective|p2a: Greninja
|-damage|p2a: Greninja|0 fnt
|-heal|p1a: Mew|92\/404|[from] drain|[of] p2a: Greninja
|faint|p2a: Greninja
|
|-heal|p1a: Mew|117\/404|[from] item: Leftovers
|
|switch|p2a: Scizor|Scizor, F|282\/282
|-damage|p2a: Scizor|247\/282|[from] Stealth Rock
|turn|5
|
|switch|p1a: Gyarados|Gyarados, F, shiny|332\/332
|move|p2a: Scizor|U-turn|p1a: Gyarados
|-resisted|p1a: Gyarados
|-damage|p1a: Gyarados|254\/332
|
|switch|p2a: Skarmory|Skarmory, F|334\/334
|-damage|p2a: Skarmory|293\/334|[from] Stealth Rock
|
|-heal|p1a: Gyarados|274\/332|[from] item: Leftovers
|turn|6
|
|switch|p1a: Mew|Mew|117\/404
|move|p2a: Skarmory|Stealth Rock|p1a: Mew
|-sidestart|p1: yuna28|move: Stealth Rock
|
|-heal|p1a: Mew|142\/404|[from] item: Leftovers
|turn|7
|
|move|p1a: Mew|Thunder Wave|p2a: Skarmory
|-status|p2a: Skarmory|par
|move|p2a: Skarmory|Brave Bird|p1a: Mew
|-damage|p1a: Mew|57\/404
|-damage|p2a: Skarmory|265\/334 par|[from] recoil|[of] p1a: Mew
|
|-heal|p1a: Mew|82\/404|[from] item: Leftovers
|turn|8
|
|switch|p2a: Tyranitar|Tyranitar, F|403\/403
|-damage|p2a: Tyranitar|353\/403|[from] Stealth Rock
|-weather|Sandstorm
|move|p1a: Mew|Defog|p2a: Tyranitar
|-unboost|p2a: Tyranitar|evasion|1
|-sideend|p2: tibsbro|Stealth Rock|[from] move: Defog|[of] p2a: Tyranitar
|-sideend|p1: yuna28|Stealth Rock|[from] move: Defog|[of] p1a: Mew
|
|-weather|Sandstorm|[upkeep]
|-damage|p1a: Mew|57\/404|[from] sandstorm
|-heal|p1a: Mew|82\/404|[from] item: Leftovers
|-heal|p2a: Tyranitar|378\/403|[from] item: Leftovers
|turn|9
|
|switch|p2a: Skarmory|Skarmory, F|265\/334 par
|move|p1a: Mew|Thunder Wave|p2a: Skarmory
|-fail|p2a: Skarmory|par
|
|-weather|Sandstorm|[upkeep]
|-damage|p1a: Mew|57\/404|[from] sandstorm
|-heal|p1a: Mew|82\/404|[from] item: Leftovers
|turn|10
|
|switch|p1a: Sylveon|Sylveon, M|391\/391
|cant|p2a: Skarmory|par
|
|-weather|Sandstorm|[upkeep]
|-damage|p1a: Sylveon|367\/391|[from] sandstorm
|-heal|p1a: Sylveon|391\/391|[from] item: Leftovers
|turn|11
|
|move|p1a: Sylveon|Wish|p1a: Sylveon
|move|p2a: Skarmory|Stealth Rock|p1a: Sylveon
|-sidestart|p1: yuna28|move: Stealth Rock
|
|-weather|Sandstorm|[upkeep]
|-damage|p1a: Sylveon|367\/391|[from] sandstorm
|-heal|p1a: Sylveon|391\/391|[from] item: Leftovers
|turn|12
|
|move|p1a: Sylveon|Hidden Power|p2a: Skarmory
|-supereffective|p2a: Skarmory
|-damage|p2a: Skarmory|97\/334 par
|move|p2a: Skarmory|Whirlwind|p1a: Sylveon
|drag|p1a: Weavile|Weavile, M, shiny|282\/282
|-damage|p1a: Weavile|212\/282|[from] Stealth Rock
|-ability|p1a: Weavile|Pressure
|
|-weather|none
|-heal|p1a: Weavile|282\/282|[from] move: Wish|[wisher] Sylveon
|turn|13
|
|move|p1a: Weavile|Knock Off|p2a: Skarmory
|-damage|p2a: Skarmory|0 fnt
|-damage|p1a: Weavile|235\/282|[from] item: Rocky Helmet|[of] p2a: Skarmory
|-enditem|p2a: Skarmory|Rocky Helmet|[from] move: Knock Off|[of] p1a: Weavile
|-damage|p1a: Weavile|207\/282|[from] item: Life Orb
|faint|p2a: Skarmory
|
|
|switch|p2a: Scizor|Scizor, F|247\/282
|turn|14
|
|switch|p1a: Gyarados|Gyarados, F, shiny|274\/332
|-damage|p1a: Gyarados|191\/332|[from] Stealth Rock
|move|p2a: Scizor|U-turn|p1a: Gyarados
|-resisted|p1a: Gyarados
|-damage|p1a: Gyarados|120\/332
|
|switch|p2a: Latios|Latios, M|301\/301
|
|-heal|p1a: Gyarados|140\/332|[from] item: Leftovers
|turn|15
|
|move|p2a: Latios|Psyshock|p1a: Gyarados
|-damage|p1a: Gyarados|0 fnt
|-damage|p2a: Latios|271\/301|[from] item: Life Orb
|faint|p1a: Gyarados
|
|
|switch|p1a: Sylveon|Sylveon, M|391\/391
|-damage|p1a: Sylveon|343\/391|[from] Stealth Rock
|turn|16
|
|switch|p2a: Scizor|Scizor, F|247\/282
|move|p1a: Sylveon|Calm Mind|p1a: Sylveon
|-boost|p1a: Sylveon|spa|1
|-boost|p1a: Sylveon|spd|1
|
|-heal|p1a: Sylveon|367\/391|[from] item: Leftovers
|turn|17
|
|move|p2a: Scizor|Bullet Punch|p1a: Sylveon
|-crit|p1a: Sylveon
|-supereffective|p1a: Sylveon
|-damage|p1a: Sylveon|29\/391
|move|p1a: Sylveon|Hidden Power|p2a: Scizor
|-supereffective|p2a: Scizor
|-damage|p2a: Scizor|0 fnt
|faint|p2a: Scizor
|
|-heal|p1a: Sylveon|53\/391|[from] item: Leftovers
|
|switch|p2a: Gyarados|Gyarados, F|332\/332
|turn|18
|
|move|p2a: Gyarados|Waterfall|p1a: Sylveon
|-damage|p1a: Sylveon|0 fnt
|faint|p1a: Sylveon
|-boost|p2a: Gyarados|atk|1|[from] ability: Moxie
|
|
|switch|p1a: Charizard|Charizard, F|297\/297
|-damage|p1a: Charizard|149\/297|[from] Stealth Rock
|turn|19
|
|detailschange|p1a: Charizard|Charizard-Mega-Y, F
|message|Charizard has Mega Evolved into Mega Charizard!
|-weather|SunnyDay
|detailschange|p2a: Gyarados|Gyarados-Mega, F
|message|Gyarados has Mega Evolved into Mega Gyarados!
|-ability|p2a: Gyarados|Mold Breaker
|move|p1a: Charizard|Solar Beam|p2a: Gyarados|[still]
|-prepare|p1a: Charizard|Solar Beam|p2a: Gyarados
|-anim|p1a: Charizard|Solar Beam|p2a: Gyarados
|-supereffective|p2a: Gyarados
|-damage|p2a: Gyarados|76\/332
|move|p2a: Gyarados|Dragon Dance|p2a: Gyarados
|-boost|p2a: Gyarados|atk|1
|-boost|p2a: Gyarados|spe|1
|
|-weather|SunnyDay|[upkeep]
|turn|20
|
|move|p2a: Gyarados|Waterfall|p1a: Charizard
|-crit|p1a: Charizard
|-supereffective|p1a: Charizard
|-damage|p1a: Charizard|0 fnt
|faint|p1a: Charizard
|
|-weather|SunnyDay|[upkeep]
|
|switch|p1a: Reuniclus|Reuniclus, F|424\/424
|turn|21
|
|move|p2a: Gyarados|Waterfall|p1a: Reuniclus
|-damage|p1a: Reuniclus|279\/424
|move|p1a: Reuniclus|Focus Blast|p2a: Gyarados
|-supereffective|p2a: Gyarados
|-damage|p2a: Gyarados|0 fnt
|faint|p2a: Gyarados
|
|-weather|SunnyDay|[upkeep]
|-heal|p1a: Reuniclus|305\/424|[from] item: Leftovers
|
|switch|p2a: Tyranitar|Tyranitar, F|378\/403
|-weather|Sandstorm
|turn|22
|
|move|p2a: Tyranitar|Substitute|p2a: Tyranitar
|-start|p2a: Tyranitar|Substitute
|-damage|p2a: Tyranitar|278\/403
|move|p1a: Reuniclus|Focus Blast|p2a: Tyranitar
|-supereffective|p2a: Tyranitar
|-end|p2a: Tyranitar|Substitute
|
|-weather|Sandstorm|[upkeep]
|-heal|p2a: Tyranitar|303\/403|[from] item: Leftovers
|-heal|p1a: Reuniclus|331\/424|[from] item: Leftovers
|turn|23
|
|move|p2a: Tyranitar|Substitute|p2a: Tyranitar
|-start|p2a: Tyranitar|Substitute
|-damage|p2a: Tyranitar|203\/403
|move|p1a: Reuniclus|Focus Blast|p2a: Tyranitar
|-supereffective|p2a: Tyranitar
|-end|p2a: Tyranitar|Substitute
|
|-weather|Sandstorm|[upkeep]
|-heal|p2a: Tyranitar|228\/403|[from] item: Leftovers
|-heal|p1a: Reuniclus|357\/424|[from] item: Leftovers
|turn|24
|
|move|p2a: Tyranitar|Substitute|p2a: Tyranitar
|-start|p2a: Tyranitar|Substitute
|-damage|p2a: Tyranitar|128\/403
|move|p1a: Reuniclus|Focus Blast|p2a: Tyranitar
|-crit|p2a: Tyranitar
|-supereffective|p2a: Tyranitar
|-end|p2a: Tyranitar|Substitute
|
|-weather|Sandstorm|[upkeep]
|-heal|p2a: Tyranitar|153\/403|[from] item: Leftovers
|-heal|p1a: Reuniclus|383\/424|[from] item: Leftovers
|turn|25
|
|move|p2a: Tyranitar|Substitute|p2a: Tyranitar
|-start|p2a: Tyranitar|Substitute
|-damage|p2a: Tyranitar|53\/403
|move|p1a: Reuniclus|Focus Blast|p2a: Tyranitar
|-supereffective|p2a: Tyranitar
|-end|p2a: Tyranitar|Substitute
|
|-weather|Sandstorm|[upkeep]
|-heal|p2a: Tyranitar|78\/403|[from] item: Leftovers
|-heal|p1a: Reuniclus|409\/424|[from] item: Leftovers
|turn|26
|c|★tibsbro|this is dumb
|c|★yuna28|y
|c|★tibsbro|wtf
|c|★yuna28|mew can break ur sub
|c|★yuna28|and weavile wins
|c|★yuna28|mew has a fighting move
|
|move|p2a: Tyranitar|Crunch|p1a: Reuniclus
|-supereffective|p1a: Reuniclus
|-damage|p1a: Reuniclus|181\/424
|move|p1a: Reuniclus|Focus Blast|p2a: Tyranitar|[miss]
|-miss|p1a: Reuniclus|p2a: Tyranitar
|
|-weather|none
|-heal|p2a: Tyranitar|103\/403|[from] item: Leftovers
|-heal|p1a: Reuniclus|207\/424|[from] item: Leftovers
|turn|27
|
|move|p2a: Tyranitar|Crunch|p1a: Reuniclus
|-crit|p1a: Reuniclus
|-supereffective|p1a: Reuniclus
|-damage|p1a: Reuniclus|0 fnt
|faint|p1a: Reuniclus
|
|-heal|p2a: Tyranitar|128\/403|[from] item: Leftovers
|
|switch|p1a: Mew|Mew|82\/404
|-damage|p1a: Mew|32\/404|[from] Stealth Rock
|turn|28
|
|move|p1a: Mew|Drain Punch|p2a: Tyranitar
|-supereffective|p2a: Tyranitar
|-damage|p2a: Tyranitar|0 fnt
|-heal|p1a: Mew|96\/404|[from] drain|[of] p2a: Tyranitar
|faint|p2a: Tyranitar
|
|-heal|p1a: Mew|121\/404|[from] item: Leftovers
|c|★yuna28|see
|c|★yuna28|and i out speed
|
|switch|p2a: Latios|Latios, M|271\/301
|turn|29
|c|★yuna28|and weavile beets latios
|
|move|p2a: Latios|Draco Meteor|p1a: Mew
|-damage|p1a: Mew|0 fnt
|-unboost|p2a: Latios|spa|2
|-damage|p2a: Latios|241\/301|[from] item: Life Orb
|faint|p1a: Mew
|
|
|switch|p1a: Weavile|Weavile, M, shiny|207\/282
|-damage|p1a: Weavile|137\/282|[from] Stealth Rock
|-ability|p1a: Weavile|Pressure
|turn|30
|c|★tibsbro|i shoulve swithed
|c|★yuna28|lol yep
|
|move|p1a: Weavile|Knock Off|p2a: Latios
|-supereffective|p2a: Latios
|-damage|p2a: Latios|0 fnt
|-enditem|p2a: Latios|Life Orb|[from] move: Knock Off|[of] p1a: Weavile
|-damage|p1a: Weavile|109\/282|[from] item: Life Orb
|faint|p2a: Latios
|
|win|yuna28
|raw|Ladder updating...
|raw|yuna28's rating: 1759 &rarr; <strong>1769<\/strong><br \/>(+10 for winning)
|raw|tibsbro's rating: 1546 &rarr; <strong>1537<\/strong><br \/>(-9 for losing)
|leave|tibsbro
|player|p2