|join|yuna28
|join|Real Enough
|player|p1|yuna28|192
|player|p2|Real Enough|244
|gametype|singles
|gen|6
|tier|OU
|rated
|clearpoke
|poke|p1|Charizard, F
|poke|p1|Weavile, F, shiny
|poke|p1|Reuniclus, M
|poke|p1|Sylveon, F
|poke|p1|Gyarados, F, shiny
|poke|p1|Mew
|poke|p2|Azelf
|poke|p2|Bisharp, M
|poke|p2|Heracross, F
|poke|p2|Thundurus, M
|poke|p2|Greninja, M
|poke|p2|Landorus-Therian, M
|rule|Swagger Clause: Swagger is banned
|rule|Baton Pass Clause: Limit one Pokémon knowing Baton Pass
|rule|Sleep Clause Mod: Limit one foe put to sleep
|rule|Species Clause: Limit one of each Pokémon
|rule|OHKO Clause: OHKO moves are banned
|rule|Moody Clause: Moody is banned
|rule|Evasion Moves Clause: Evasion moves are banned
|rule|Endless Battle Clause: Forcing endless battles is banned
|rule|HP Percentage Mod: HP is shown in percentages
|teampreview
|
|start
|switch|p1a: Charizard|Charizard, F|297\/297
|switch|p2a: Azelf|Azelf|291\/291
|turn|1
|
|detailschange|p1a: Charizard|Charizard-Mega-Y, F
|message|Charizard has Mega Evolved into Mega Charizard!
|-weather|SunnyDay
|move|p2a: Azelf|Stealth Rock|p1a: Charizard
|-sidestart|p1: yuna28|move: Stealth Rock
|move|p1a: Charizard|Flamethrower|p2a: Azelf
|-enditem|p2a: Azelf|Focus Sash
|-damage|p2a: Azelf|1\/291
|
|-weather|SunnyDay|[upkeep]
|turn|2
|
|switch|p1a: Sylveon|Sylveon, F|391\/391
|-damage|p1a: Sylveon|343\/391|[from] Stealth Rock
|move|p2a: Azelf|Explosion|p1a: Sylveon
|-damage|p1a: Sylveon|50\/391
|faint|p2a: Azelf
|
|-weather|SunnyDay|[upkeep]
|-heal|p1a: Sylveon|74\/391|[from] item: Leftovers
|
|switch|p2a: Thundurus|Thundurus, M|299\/299
|turn|3
|
|move|p2a: Thundurus|Thunderbolt|p1a: Sylveon
|-damage|p1a: Sylveon|0 fnt
|-damage|p2a: Thundurus|270\/299|[from] item: Life Orb
|faint|p1a: Sylveon
|
|-weather|SunnyDay|[upkeep]
|
|switch|p1a: Reuniclus|Reuniclus, M|424\/424
|turn|4
|
|switch|p2a: Heracross|Heracross, F|303\/303
|move|p1a: Reuniclus|Focus Blast|p2a: Heracross
|-resisted|p2a: Heracross
|-damage|p2a: Heracross|242\/303
|
|-weather|SunnyDay|[upkeep]
|turn|5
|
|detailschange|p2a: Heracross|Heracross-Mega, F
|message|Heracross has Mega Evolved into Mega Heracross!
|move|p2a: Heracross|Pin Missile|p1a: Reuniclus
|-supereffective|p1a: Reuniclus
|-damage|p1a: Reuniclus|316\/424
|-crit|p1a: Reuniclus
|-supereffective|p1a: Reuniclus
|-damage|p1a: Reuniclus|140\/424
|-supereffective|p1a: Reuniclus
|-damage|p1a: Reuniclus|18\/424
|-supereffective|p1a: Reuniclus
|-damage|p1a: Reuniclus|0 fnt
|-hitcount|p1a: Reuniclus|4
|faint|p1a: Reuniclus
|
|-weather|none
|
|switch|p1a: Mew|Mew|404\/404
|-damage|p1a: Mew|354\/404|[from] Stealth Rock
|turn|6
|
|move|p2a: Heracross|Pin Missile|p1a: Mew
|-supereffective|p1a: Mew
|-damage|p1a: Mew|264\/404
|-supereffective|p1a: Mew
|-damage|p1a: Mew|178\/404
|-supereffective|p1a: Mew
|-damage|p1a: Mew|92\/404
|-supereffective|p1a: Mew
|-damage|p1a: Mew|2\/404
|-supereffective|p1a: Mew
|-damage|p1a: Mew|0 fnt
|-hitcount|p1a: Mew|5
|faint|p1a: Mew
|
|
|switch|p1a: Charizard|Charizard-Mega-Y, F|297\/297
|-damage|p1a: Charizard|149\/297|[from] Stealth Rock
|-weather|SunnyDay
|turn|7
|
|switch|p2a: Greninja|Greninja, M|285\/285
|move|p1a: Charizard|Flamethrower|p2a: Greninja
|-resisted|p2a: Greninja
|-damage|p2a: Greninja|114\/285
|
|-weather|SunnyDay|[upkeep]
|turn|8
|
|move|p2a: Greninja|Ice Beam|p1a: Charizard
|-start|p2a: Greninja|typechange|Ice|[from] Protean
|-damage|p1a: Charizard|1\/297
|-damage|p2a: Greninja|86\/285|[from] item: Life Orb
|move|p1a: Charizard|Flamethrower|p2a: Greninja
|-supereffective|p2a: Greninja
|-damage|p2a: Greninja|0 fnt
|faint|p2a: Greninja
|
|-weather|SunnyDay|[upkeep]
|
|switch|p2a: Thundurus|Thundurus, M|270\/299
|turn|9
|
|move|p2a: Thundurus|Thunderbolt|p1a: Charizard
|-supereffective|p1a: Charizard
|-damage|p1a: Charizard|0 fnt
|-damage|p2a: Thundurus|241\/299|[from] item: Life Orb
|faint|p1a: Charizard
|
|-weather|SunnyDay|[upkeep]
|
|switch|p1a: Weavile|Weavile, F, shiny|282\/282
|-damage|p1a: Weavile|212\/282|[from] Stealth Rock
|-ability|p1a: Weavile|Pressure
|turn|10
|
|switch|p2a: Bisharp|Bisharp, M|271\/271
|move|p1a: Weavile|Swords Dance|p1a: Weavile
|-boost|p1a: Weavile|atk|2
|
|-weather|SunnyDay|[upkeep]
|turn|11
|
|move|p1a: Weavile|Low Kick|p2a: Bisharp
|-supereffective|p2a: Bisharp
|-damage|p2a: Bisharp|0 fnt
|-damage|p1a: Weavile|184\/282|[from] item: Life Orb
|faint|p2a: Bisharp
|
|-weather|none
|
|switch|p2a: Landorus-Therian|Landorus-Therian, M|339\/339
|-ability|p2a: Landorus-Therian|Intimidate|[of] p1a: Weavile
|-unboost|p1a: Weavile|atk|1
|turn|12
|
|move|p1a: Weavile|Ice Shard|p2a: Landorus-Therian
|-supereffective|p2a: Landorus-Therian
|-damage|p2a: Landorus-Therian|0 fnt
|-damage|p1a: Weavile|156\/282|[from] item: Life Orb
|faint|p2a: Landorus-Therian
|
|
|switch|p2a: Heracross|Heracross-Mega, F|242\/303
|turn|13
|
|move|p1a: Weavile|Ice Shard|p2a: Heracross
|-damage|p2a: Heracross|124\/303
|-damage|p1a: Weavile|128\/282|[from] item: Life Orb
|move|p2a: Heracross|Close Combat|p1a: Weavile
|-supereffective|p1a: Weavile
|-damage|p1a: Weavile|0 fnt
|-unboost|p2a: Heracross|def|1
|-unboost|p2a: Heracross|spd|1
|faint|p1a: Weavile
|
|
|switch|p1a: Gyarados|Gyarados, F, shiny|332\/332
|-damage|p1a: Gyarados|249\/332|[from] Stealth Rock
|turn|14
|
|move|p1a: Gyarados|Dragon Dance|p1a: Gyarados
|-boost|p1a: Gyarados|atk|1
|-boost|p1a: Gyarados|spe|1
|move|p2a: Heracross|Pin Missile|p1a: Gyarados
|-crit|p1a: Gyarados
|-resisted|p1a: Gyarados
|-damage|p1a: Gyarados|188\/332
|-resisted|p1a: Gyarados
|-damage|p1a: Gyarados|152\/332
|-resisted|p1a: Gyarados
|-damage|p1a: Gyarados|116\/332
|-resisted|p1a: Gyarados
|-damage|p1a: Gyarados|80\/332
|-resisted|p1a: Gyarados
|-damage|p1a: Gyarados|39\/332
|-hitcount|p1a: Gyarados|5
|
|-heal|p1a: Gyarados|59\/332|[from] item: Leftovers
|turn|15
|
|move|p1a: Gyarados|Waterfall|p2a: Heracross
|-damage|p2a: Heracross|0 fnt
|faint|p2a: Heracross
|-boost|p1a: Gyarados|atk|1|[from] ability: Moxie
|
|-heal|p1a: Gyarados|79\/332|[from] item: Leftovers
|
|switch|p2a: Thundurus|Thundurus, M|241\/299
|turn|16
|
|move|p2a: Thundurus|Thunder Wave|p1a: Gyarados
|-status|p1a: Gyarados|par
|move|p1a: Gyarados|Waterfall|p2a: Thundurus
|-damage|p2a: Thundurus|0 fnt
|faint|p2a: Thundurus
|-boost|p1a: Gyarados|atk|1|[from] ability: Moxie
|
|win|yuna28
|raw|Ladder updating...
|raw|yuna28's rating: 1717 &rarr; <strong>1738<\/strong><br \/>(+21 for winning)
|raw|Real Enough's rating: 1735 &rarr; <strong>1714<\/strong><br \/>(-21 for losing)
|leave|Real Enough
|player|p2
|c|★yuna28|gg