|join|yuna28
|join|Reverb
|player|p1|yuna28|192
|player|p2|Reverb|#reverb
|gametype|singles
|gen|6
|tier|OU
|rated
|clearpoke
|poke|p1|Weavile, M
|poke|p1|Charizard, F
|poke|p1|Raikou
|poke|p1|Rotom-Wash
|poke|p1|Jirachi
|poke|p1|Mew
|poke|p2|Lopunny, F
|poke|p2|Clefable, M
|poke|p2|Tyranitar, M
|poke|p2|Keldeo
|poke|p2|Landorus-Therian, M
|poke|p2|Empoleon, F
|rule|Swagger Clause: Swagger is banned
|rule|Baton Pass Clause: Limit one Pokémon knowing Baton Pass
|rule|Sleep Clause Mod: Limit one foe put to sleep
|rule|Species Clause: Limit one of each Pokémon
|rule|OHKO Clause: OHKO moves are banned
|rule|Moody Clause: Moody is banned
|rule|Evasion Moves Clause: Evasion moves are banned
|rule|Endless Battle Clause: Forcing endless battles is banned
|rule|HP Percentage Mod: HP is shown in percentages
|teampreview
|join|Dragonite VII
|
|start
|switch|p1a: Mew|Mew|404\/404
|switch|p2a: Landorus-Therian|Landorus-Therian, M|327\/327
|-ability|p2a: Landorus-Therian|Intimidate|[of] p1a: Mew
|-unboost|p1a: Mew|atk|1
|turn|1
|
|move|p2a: Landorus-Therian|U-turn|p1a: Mew
|-supereffective|p1a: Mew
|-damage|p1a: Mew|268\/404
|
|switch|p2a: Clefable|Clefable, M|394\/394
|move|p1a: Mew|Stealth Rock|p2a: Clefable
|-sidestart|p2: Reverb|move: Stealth Rock
|
|-heal|p1a: Mew|293\/404|[from] item: Leftovers
|turn|2
|
|switch|p2a: Tyranitar|Tyranitar, M|383\/383
|-damage|p2a: Tyranitar|336\/383|[from] Stealth Rock
|-weather|Sandstorm
|move|p1a: Mew|Thunder Wave|p2a: Tyranitar
|-status|p2a: Tyranitar|par
|
|-weather|Sandstorm|[upkeep]
|-damage|p1a: Mew|268\/404|[from] sandstorm
|-heal|p1a: Mew|293\/404|[from] item: Leftovers
|turn|3
|
|move|p1a: Mew|Drain Punch|p2a: Tyranitar
|-supereffective|p2a: Tyranitar
|-damage|p2a: Tyranitar|184\/383 par
|-heal|p1a: Mew|369\/404|[from] drain|[of] p2a: Tyranitar
|move|p2a: Tyranitar|Pursuit|p1a: Mew
|-supereffective|p1a: Mew
|-damage|p1a: Mew|201\/404
|
|-weather|Sandstorm|[upkeep]
|-damage|p1a: Mew|176\/404|[from] sandstorm
|-heal|p1a: Mew|201\/404|[from] item: Leftovers
|turn|4
|join|Alkov
|join|squirrelll
|
|move|p1a: Mew|Drain Punch|p2a: Tyranitar
|-supereffective|p2a: Tyranitar
|-damage|p2a: Tyranitar|36\/383 par
|-heal|p1a: Mew|275\/404|[from] drain|[of] p2a: Tyranitar
|cant|p2a: Tyranitar|par
|
|-weather|Sandstorm|[upkeep]
|-damage|p1a: Mew|250\/404|[from] sandstorm
|-heal|p1a: Mew|275\/404|[from] item: Leftovers
|turn|5
|
|switch|p2a: Landorus-Therian|Landorus-Therian, M|327\/327
|-damage|p2a: Landorus-Therian|287\/327|[from] Stealth Rock
|-ability|p2a: Landorus-Therian|Intimidate|[of] p1a: Mew
|-unboost|p1a: Mew|atk|1
|move|p1a: Mew|Drain Punch|p2a: Landorus-Therian
|-resisted|p2a: Landorus-Therian
|-damage|p2a: Landorus-Therian|272\/327
|-heal|p1a: Mew|283\/404|[from] drain|[of] p2a: Landorus-Therian
|
|-weather|Sandstorm|[upkeep]
|-damage|p1a: Mew|258\/404|[from] sandstorm
|-heal|p1a: Mew|283\/404|[from] item: Leftovers
|turn|6
|
|switch|p1a: Rotom-Wash|Rotom-Wash|241\/241
|move|p2a: Landorus-Therian|U-turn|p1a: Rotom-Wash
|-damage|p1a: Rotom-Wash|158\/241
|
|switch|p2a: Empoleon|Empoleon, F|371\/371
|-damage|p2a: Empoleon|348\/371|[from] Stealth Rock
|
|-weather|none
|-heal|p2a: Empoleon|371\/371|[from] item: Leftovers
|turn|7
|
|move|p1a: Rotom-Wash|Trick|p2a: Empoleon
|-activate|p1a: Rotom-Wash|move: Trick|[of] p2a: Empoleon
|-item|p2a: Empoleon|Choice Scarf|[from] move: Trick
|-item|p1a: Rotom-Wash|Leftovers|[from] move: Trick
|move|p2a: Empoleon|Stealth Rock|p1a: Rotom-Wash
|-sidestart|p1: yuna28|move: Stealth Rock
|
|-heal|p1a: Rotom-Wash|173\/241|[from] item: Leftovers
|turn|8
|
|switch|p2a: Tyranitar|Tyranitar, M|36\/383 par
|-damage|p2a: Tyranitar|0 fnt|[from] Stealth Rock
|faint|p2a: Tyranitar
|move|p1a: Rotom-Wash|Thunder Wave|p2: Tyranitar|[notarget]
|-notarget
|
|-heal|p1a: Rotom-Wash|188\/241|[from] item: Leftovers
|
|switch|p2a: Lopunny|Lopunny, F|271\/271
|-damage|p2a: Lopunny|238\/271|[from] Stealth Rock
|turn|9
|
|detailschange|p2a: Lopunny|Lopunny-Mega, F
|-mega|p2a: Lopunny|Lopunny|Lopunnite
|move|p2a: Lopunny|Fake Out|p1a: Rotom-Wash
|-damage|p1a: Rotom-Wash|121\/241
|cant|p1a: Rotom-Wash|flinch
|
|-heal|p1a: Rotom-Wash|136\/241|[from] item: Leftovers
|turn|10
|
|move|p2a: Lopunny|Return|p1a: Rotom-Wash
|-damage|p1a: Rotom-Wash|0 fnt
|faint|p1a: Rotom-Wash
|
|
|switch|p1a: Mew|Mew|283\/404
|-damage|p1a: Mew|233\/404|[from] Stealth Rock
|turn|11
|
|switch|p2a: Landorus-Therian|Landorus-Therian, M|272\/327
|-damage|p2a: Landorus-Therian|232\/327|[from] Stealth Rock
|-ability|p2a: Landorus-Therian|Intimidate|[of] p1a: Mew
|-unboost|p1a: Mew|atk|1
|move|p1a: Mew|Thunder Wave|p2a: Landorus-Therian
|-immune|p2a: Landorus-Therian|[msg]
|
|-heal|p1a: Mew|258\/404|[from] item: Leftovers
|turn|12
|
|move|p2a: Landorus-Therian|U-turn|p1a: Mew
|-supereffective|p1a: Mew
|-damage|p1a: Mew|126\/404
|
|switch|p2a: Clefable|Clefable, M|394\/394
|move|p1a: Mew|Defog|p2a: Clefable
|-unboost|p2a: Clefable|evasion|1
|-sideend|p2: Reverb|Stealth Rock|[from] move: Defog|[of] p2a: Clefable
|-sideend|p1: yuna28|Stealth Rock|[from] move: Defog|[of] p1a: Mew
|
|-heal|p1a: Mew|151\/404|[from] item: Leftovers
|turn|13
|
|move|p1a: Mew|Thunder Wave|p2a: Clefable
|-status|p2a: Clefable|par
|cant|p2a: Clefable|par
|
|-heal|p1a: Mew|176\/404|[from] item: Leftovers
|turn|14
|
|move|p1a: Mew|Stealth Rock|p2a: Clefable
|-sidestart|p2: Reverb|move: Stealth Rock
|cant|p2a: Clefable|par
|
|-heal|p1a: Mew|201\/404|[from] item: Leftovers
|turn|15
|
|switch|p1a: Jirachi|Jirachi|397\/397
|move|p2a: Clefable|Calm Mind|p2a: Clefable
|-boost|p2a: Clefable|spa|1
|-boost|p2a: Clefable|spd|1
|
|turn|16
|
|switch|p2a: Empoleon|Empoleon, F|371\/371
|-damage|p2a: Empoleon|348\/371|[from] Stealth Rock
|move|p1a: Jirachi|Calm Mind|p1a: Jirachi
|-boost|p1a: Jirachi|spa|1
|-boost|p1a: Jirachi|spd|1
|
|turn|17
|
|move|p1a: Jirachi|Substitute|p1a: Jirachi
|-start|p1a: Jirachi|Substitute
|-damage|p1a: Jirachi|298\/397
|move|p2a: Empoleon|Stealth Rock|p1a: Jirachi
|-sidestart|p1: yuna28|move: Stealth Rock
|
|-heal|p1a: Jirachi|322\/397|[from] item: Leftovers
|turn|18
|
|switch|p2a: Landorus-Therian|Landorus-Therian, M|232\/327
|-damage|p2a: Landorus-Therian|192\/327|[from] Stealth Rock
|-activate|p1a: Jirachi|Substitute|ability: Intimidate|[of] p2a: Landorus-Therian
|move|p1a: Jirachi|Calm Mind|p1a: Jirachi
|-boost|p1a: Jirachi|spa|1
|-boost|p1a: Jirachi|spd|1
|
|-heal|p1a: Jirachi|346\/397|[from] item: Leftovers
|turn|19
|join|yuy
|
|move|p2a: Landorus-Therian|U-turn|p1a: Jirachi
|-activate|p1a: Jirachi|Substitute|[damage]
|
|switch|p2a: Empoleon|Empoleon, F|348\/371
|-damage|p2a: Empoleon|325\/371|[from] Stealth Rock
|move|p1a: Jirachi|Flash Cannon|p2a: Empoleon
|-resisted|p2a: Empoleon
|-damage|p2a: Empoleon|262\/371
|
|-heal|p1a: Jirachi|370\/397|[from] item: Leftovers
|turn|20
|
|move|p1a: Jirachi|Calm Mind|p1a: Jirachi
|-boost|p1a: Jirachi|spa|1
|-boost|p1a: Jirachi|spd|1
|move|p2a: Empoleon|Roar|p1a: Jirachi
|drag|p1a: Charizard|Charizard, F|297\/297
|-damage|p1a: Charizard|149\/297|[from] Stealth Rock
|
|turn|21
|c| Dragonite VII|lol
|
|detailschange|p1a: Charizard|Charizard-Mega-Y, F
|-mega|p1a: Charizard|Charizard|Charizardite Y
|-weather|SunnyDay
|move|p1a: Charizard|Fire Blast|p2a: Empoleon
|-damage|p2a: Empoleon|0 fnt
|faint|p2a: Empoleon
|
|-weather|SunnyDay|[upkeep]
|c|★yuna28|lol
|
|switch|p2a: Lopunny|Lopunny-Mega, F|238\/271
|-damage|p2a: Lopunny|222\/271|[from] Stealth Rock
|turn|22
|
|switch|p1a: Mew|Mew|201\/404
|-damage|p1a: Mew|151\/404|[from] Stealth Rock
|move|p2a: Lopunny|Return|p1a: Mew
|-damage|p1a: Mew|6\/404
|
|-weather|SunnyDay|[upkeep]
|-heal|p1a: Mew|31\/404|[from] item: Leftovers
|turn|23
|
|move|p2a: Lopunny|Return|p1a: Mew
|-damage|p1a: Mew|0 fnt
|faint|p1a: Mew
|
|-weather|SunnyDay|[upkeep]
|
|switch|p1a: Jirachi|Jirachi|370\/397
|-damage|p1a: Jirachi|346\/397|[from] Stealth Rock
|turn|24
|
|switch|p2a: Keldeo|Keldeo|323\/323
|-damage|p2a: Keldeo|303\/323|[from] Stealth Rock
|move|p1a: Jirachi|Flash Cannon|p2a: Keldeo
|-crit|p2a: Keldeo
|-resisted|p2a: Keldeo
|-damage|p2a: Keldeo|192\/323
|
|-weather|SunnyDay|[upkeep]
|-heal|p1a: Jirachi|370\/397|[from] item: Leftovers
|turn|25
|
|move|p2a: Keldeo|Secret Sword|p1a: Jirachi
|-damage|p1a: Jirachi|153\/397
|move|p1a: Jirachi|Psyshock|p2a: Keldeo
|-supereffective|p2a: Keldeo
|-damage|p2a: Keldeo|0 fnt
|faint|p2a: Keldeo
|
|-weather|none
|-heal|p1a: Jirachi|177\/397|[from] item: Leftovers
|
|switch|p2a: Lopunny|Lopunny-Mega, F|222\/271
|-damage|p2a: Lopunny|206\/271|[from] Stealth Rock
|turn|26
|
|move|p2a: Lopunny|High Jump Kick|p1a: Jirachi
|-crit|p1a: Jirachi
|-damage|p1a: Jirachi|0 fnt
|faint|p1a: Jirachi
|
|
|switch|p1a: Raikou|Raikou|321\/321
|-damage|p1a: Raikou|281\/321|[from] Stealth Rock
|-ability|p1a: Raikou|Pressure
|turn|27
|
|switch|p2a: Clefable|Clefable, M|394\/394 par
|move|p1a: Raikou|Thunderbolt|p2a: Clefable
|-damage|p2a: Clefable|255\/394 par
|
|-heal|p1a: Raikou|301\/321|[from] item: Leftovers
|-heal|p2a: Clefable|279\/394 par|[from] item: Leftovers
|turn|28
|
|move|p1a: Raikou|Substitute|p1a: Raikou
|-start|p1a: Raikou|Substitute
|-damage|p1a: Raikou|221\/321
|cant|p2a: Clefable|par
|
|-heal|p1a: Raikou|241\/321|[from] item: Leftovers
|-heal|p2a: Clefable|303\/394 par|[from] item: Leftovers
|turn|29
|
|switch|p2a: Landorus-Therian|Landorus-Therian, M|192\/327
|-damage|p2a: Landorus-Therian|152\/327|[from] Stealth Rock
|-activate|p1a: Raikou|Substitute|ability: Intimidate|[of] p2a: Landorus-Therian
|move|p1a: Raikou|Calm Mind|p1a: Raikou
|-boost|p1a: Raikou|spa|1
|-boost|p1a: Raikou|spd|1
|
|-heal|p1a: Raikou|261\/321|[from] item: Leftovers
|turn|30
|
|move|p2a: Landorus-Therian|Earthquake|p1a: Raikou
|-supereffective|p1a: Raikou
|-end|p1a: Raikou|Substitute
|move|p1a: Raikou|Substitute|p1a: Raikou
|-start|p1a: Raikou|Substitute
|-damage|p1a: Raikou|181\/321
|
|-heal|p1a: Raikou|201\/321|[from] item: Leftovers
|turn|31
|
|move|p2a: Landorus-Therian|Earthquake|p1a: Raikou
|-supereffective|p1a: Raikou
|-end|p1a: Raikou|Substitute
|move|p1a: Raikou|Hidden Power|p2a: Landorus-Therian
|-supereffective|p2a: Landorus-Therian
|-damage|p2a: Landorus-Therian|0 fnt
|faint|p2a: Landorus-Therian
|
|-heal|p1a: Raikou|221\/321|[from] item: Leftovers
|
|switch|p2a: Lopunny|Lopunny-Mega, F|206\/271
|-damage|p2a: Lopunny|190\/271|[from] Stealth Rock
|turn|32
|
|move|p2a: Lopunny|Fake Out|p1a: Raikou
|-damage|p1a: Raikou|119\/321
|cant|p1a: Raikou|flinch
|
|-heal|p1a: Raikou|139\/321|[from] item: Leftovers
|turn|33
|
|move|p2a: Lopunny|Return|p1a: Raikou
|-damage|p1a: Raikou|0 fnt
|faint|p1a: Raikou
|
|
|switch|p1a: New Greninja|Weavile, M|281\/281
|-damage|p1a: New Greninja|211\/281|[from] Stealth Rock
|-ability|p1a: New Greninja|Pressure
|turn|34
|
|move|p2a: Lopunny|Return|p1a: New Greninja
|-damage|p1a: New Greninja|0 fnt
|faint|p1a: New Greninja
|
|c|★Reverb|gg
|-message|yuna28 forfeited.
|
|win|Reverb
|raw|Ladder updating...
|leave|yuna28
|player|p1