|join|caterpie53817
|join|IM GOOD AT UU
|player|p1|caterpie53817|184
|player|p2|IM GOOD AT UU|68
|gametype|singles
|gen|6
|tier|UU
|rated
|rule|Sleep Clause Mod: Limit one foe put to sleep
|rule|Species Clause: Limit one of each Pokémon
|rule|OHKO Clause: OHKO moves are banned
|rule|Moody Clause: Moody is banned
|rule|Evasion Moves Clause: Evasion moves are banned
|rule|Endless Battle Clause: Forcing endless battles is banned
|rule|HP Percentage Mod: HP is shown in percentages
|clearpoke
|poke|p1|Mienshao, M
|poke|p1|Doublade, M
|poke|p1|Hydreigon, M
|poke|p1|Blastoise, M
|poke|p1|Blissey, F
|poke|p1|Crobat, M
|poke|p2|Jirachi
|poke|p2|Nidoqueen, F
|poke|p2|Blastoise, M
|poke|p2|Toxicroak, F
|poke|p2|Yanmega, F
|poke|p2|Fletchinder, M
|rule|Swagger Clause: Swagger is banned
|rule|Baton Pass Clause: Limit one Pokémon knowing Baton Pass
|teampreview
|
|start
|switch|p1a: Crobat|Crobat, M|313\/313
|switch|p2a: Toxicroak|Toxicroak, F|307\/307
|turn|1
|join|xTraSmallDick
|
|switch|p2a: Jirachi|Jirachi|341\/341
|move|p1a: Crobat|U-turn|p2a: Jirachi
|-damage|p2a: Jirachi|241\/341
|
|switch|p1a: Blastoise|Blastoise, M|362\/362
|
|turn|2
|
|detailschange|p1a: Blastoise|Blastoise-Mega, M
|-mega|p1a: Blastoise|Blastoise|Blastoisinite
|move|p2a: Jirachi|U-turn|p1a: Blastoise
|-damage|p1a: Blastoise|306\/362
|
|switch|p2a: Toxicroak|Toxicroak, F|307\/307
|move|p1a: Blastoise|Dark Pulse|p2a: Toxicroak
|-resisted|p2a: Toxicroak
|-damage|p2a: Toxicroak|191\/307
|
|turn|3
|
|switch|p1a: Doublade|Doublade, M|322\/322
|move|p2a: Toxicroak|Drain Punch|p1a: Doublade
|-immune|p1a: Doublade|[msg]
|
|turn|4
|
|switch|p2a: Nidoqueen|Nidoqueen, F|353\/353
|move|p1a: Doublade|Gyro Ball|p2a: Nidoqueen
|-crit|p2a: Nidoqueen
|-damage|p2a: Nidoqueen|193\/353
|
|turn|5
|
|switch|p1a: Blissey|Blissey, F|714\/714
|move|p2a: Nidoqueen|Stealth Rock|p1a: Blissey
|-sidestart|p1: caterpie53817|move: Stealth Rock
|
|turn|6
|
|switch|p2a: Fletchinder|Fletchinder, M|305\/305
|move|p1a: Blissey|Stealth Rock|p2a: Fletchinder
|-sidestart|p2: IM GOOD AT UU|move: Stealth Rock
|
|turn|7
|
|switch|p1a: Blastoise|Blastoise-Mega, M|306\/362
|-damage|p1a: Blastoise|261\/362|[from] Stealth Rock
|move|p2a: Fletchinder|Acrobatics|p1a: Blastoise
|-crit|p1a: Blastoise
|-damage|p1a: Blastoise|68\/362
|
|turn|8
|join|Void
|
|move|p2a: Fletchinder|Acrobatics|p1a: Blastoise
|-damage|p1a: Blastoise|0 fnt
|faint|p1a: Blastoise
|
|
|switch|p1a: Hydreigon|Hydreigon, M|388\/388
|-damage|p1a: Hydreigon|340\/388|[from] Stealth Rock
|turn|9
|
|switch|p2a: Nidoqueen|Nidoqueen, F|193\/353
|-damage|p2a: Nidoqueen|171\/353|[from] Stealth Rock
|move|p1a: Hydreigon|Draco Meteor|p2a: Nidoqueen|[miss]
|-miss|p1a: Hydreigon|p2a: Nidoqueen
|
|turn|10
|
|move|p1a: Hydreigon|Draco Meteor|p2a: Nidoqueen
|-damage|p2a: Nidoqueen|0 fnt
|-unboost|p1a: Hydreigon|spa|2
|faint|p2a: Nidoqueen
|
|
|switch|p2a: Blastoise|Blastoise, M|357\/357
|-damage|p2a: Blastoise|313\/357|[from] Stealth Rock
|turn|11
|
|detailschange|p2a: Blastoise|Blastoise-Mega, M
|-mega|p2a: Blastoise|Blastoise|Blastoisinite
|move|p1a: Hydreigon|U-turn|p2a: Blastoise
|-damage|p2a: Blastoise|263\/357
|
|switch|p1a: Blissey|Blissey, F|714\/714
|-damage|p1a: Blissey|625\/714|[from] Stealth Rock
|move|p2a: Blastoise|Rapid Spin|p1a: Blissey
|-damage|p1a: Blissey|599\/714
|-sideend|p2: IM GOOD AT UU|Stealth Rock|[from] move: Rapid Spin|[of] p2a: Blastoise
|
|-heal|p1a: Blissey|643\/714|[from] item: Leftovers
|turn|12
|
|switch|p2a: Fletchinder|Fletchinder, M|305\/305
|move|p1a: Blissey|Wish|p1a: Blissey
|
|-heal|p1a: Blissey|687\/714|[from] item: Leftovers
|turn|13
|
|switch|p1a: Mienshao|Mienshao, M|272\/272
|-damage|p1a: Mienshao|255\/272|[from] Stealth Rock
|move|p2a: Fletchinder|Will-O-Wisp|p1a: Mienshao|[miss]
|-miss|p2a: Fletchinder|p1a: Mienshao
|
|-heal|p1a: Mienshao|272\/272|[from] move: Wish|[wisher] Blissey
|turn|14
|
|move|p1a: Mienshao|Fake Out|p2a: Fletchinder
|-crit|p2a: Fletchinder
|-damage|p2a: Fletchinder|201\/305
|cant|p2a: Fletchinder|flinch
|
|turn|15
|
|move|p2a: Fletchinder|Acrobatics|p1a: Mienshao
|-supereffective|p1a: Mienshao
|-enditem|p1a: Mienshao|Focus Sash
|-damage|p1a: Mienshao|1\/272
|move|p1a: Mienshao|High Jump Kick|p2a: Fletchinder
|-crit|p2a: Fletchinder
|-resisted|p2a: Fletchinder
|-damage|p2a: Fletchinder|0 fnt
|faint|p2a: Fletchinder
|
|
|switch|p2a: Jirachi|Jirachi|241\/341
|turn|16
|
|move|p2a: Jirachi|U-turn|p1a: Mienshao
|-resisted|p1a: Mienshao
|-damage|p1a: Mienshao|0 fnt
|faint|p1a: Mienshao
|
|switch|p2a: Blastoise|Blastoise-Mega, M|263\/357
|
|
|switch|p1a: Blissey|Blissey, F|687\/714
|-damage|p1a: Blissey|598\/714|[from] Stealth Rock
|turn|17
|
|switch|p2a: Toxicroak|Toxicroak, F|191\/307
|move|p1a: Blissey|Wish|p1a: Blissey
|
|-heal|p1a: Blissey|642\/714|[from] item: Leftovers
|turn|18
|
|switch|p1a: Crobat|Crobat, M|313\/313
|-damage|p1a: Crobat|235\/313|[from] Stealth Rock
|move|p2a: Toxicroak|Swords Dance|p2a: Toxicroak
|-boost|p2a: Toxicroak|atk|2
|
|-heal|p1a: Crobat|313\/313|[from] move: Wish|[wisher] Blissey
|turn|19
|
|switch|p1a: Doublade|Doublade, M|322\/322
|-damage|p1a: Doublade|302\/322|[from] Stealth Rock
|switch|p2a: Jirachi|Jirachi|241\/341
|
|turn|20
|
|move|p1a: Doublade|Shadow Sneak|p2a: Jirachi
|-supereffective|p2a: Jirachi
|-damage|p2a: Jirachi|139\/341
|move|p2a: Jirachi|Trick|p1a: Doublade
|-activate|p2a: Jirachi|move: Trick|[of] p1a: Doublade
|-item|p1a: Doublade|Choice Scarf|[from] move: Trick
|-item|p2a: Jirachi|Eviolite|[from] move: Trick
|
|turn|21
|
|switch|p2a: Blastoise|Blastoise-Mega, M|263\/357
|switch|p1a: Hydreigon|Hydreigon, M|340\/388
|-damage|p1a: Hydreigon|292\/388|[from] Stealth Rock
|
|turn|22
|
|move|p1a: Hydreigon|Dark Pulse|p2a: Blastoise
|-damage|p2a: Blastoise|127\/357
|move|p2a: Blastoise|Ice Beam|p1a: Hydreigon
|-crit|p1a: Hydreigon
|-supereffective|p1a: Hydreigon
|-damage|p1a: Hydreigon|0 fnt
|faint|p1a: Hydreigon
|
|
|switch|p1a: Crobat|Crobat, M|313\/313
|-damage|p1a: Crobat|235\/313|[from] Stealth Rock
|turn|23
|
|move|p1a: Crobat|Brave Bird|p2a: Blastoise
|-damage|p2a: Blastoise|0 fnt
|-damage|p1a: Crobat|193\/313|[from] recoil|[of] p2a: Blastoise
|faint|p2a: Blastoise
|
|
|switch|p2a: Yanmega|Yanmega, F|313\/313
|turn|24
|
|switch|p1a: Blissey|Blissey, F|642\/714
|-damage|p1a: Blissey|553\/714|[from] Stealth Rock
|move|p2a: Yanmega|Protect|p2a: Yanmega
|-fail|p2a: Yanmega
|
|-heal|p1a: Blissey|597\/714|[from] item: Leftovers
|-boost|p2a: Yanmega|spe|1|[from] ability: Speed Boost
|turn|25
|
|switch|p2a: Toxicroak|Toxicroak, F|191\/307
|move|p1a: Blissey|Stealth Rock|p2a: Toxicroak
|-sidestart|p2: IM GOOD AT UU|move: Stealth Rock
|
|-heal|p1a: Blissey|641\/714|[from] item: Leftovers
|turn|26
|
|switch|p1a: Doublade|Doublade, M|302\/322
|-damage|p1a: Doublade|282\/322|[from] Stealth Rock
|move|p2a: Toxicroak|Swords Dance|p2a: Toxicroak
|-boost|p2a: Toxicroak|atk|2
|
|turn|27
|
|move|p2a: Toxicroak|Sucker Punch|p1a: Doublade
|-supereffective|p1a: Doublade
|-damage|p1a: Doublade|45\/322
|-damage|p2a: Toxicroak|161\/307|[from] item: Life Orb
|move|p1a: Doublade|Gyro Ball|p2a: Toxicroak
|-damage|p2a: Toxicroak|29\/307
|
|turn|28
|
|switch|p2a: Jirachi|Jirachi|139\/341
|-damage|p2a: Jirachi|118\/341|[from] Stealth Rock
|move|p1a: Doublade|Gyro Ball|p2a: Jirachi
|-resisted|p2a: Jirachi
|-damage|p2a: Jirachi|70\/341
|
|turn|29
|
|switch|p1a: Crobat|Crobat, M|193\/313
|-damage|p1a: Crobat|115\/313|[from] Stealth Rock
|move|p2a: Jirachi|Healing Wish|p2a: Jirachi
|faint|p2a: Jirachi
|
|
|switch|p2a: Toxicroak|Toxicroak, F|29\/307
|-heal|p2a: Toxicroak|307\/307|[from] move: Healing Wish
|-damage|p2a: Toxicroak|288\/307|[from] Stealth Rock
|turn|30
|c| xTraSmallDick|the lord
|
|move|p1a: Crobat|Defog|p2a: Toxicroak
|-unboost|p2a: Toxicroak|evasion|1
|-sideend|p2: IM GOOD AT UU|Stealth Rock|[from] move: Defog|[of] p2a: Toxicroak
|-sideend|p1: caterpie53817|Stealth Rock|[from] move: Defog|[of] p1a: Crobat
|move|p2a: Toxicroak|Swords Dance|p2a: Toxicroak
|-boost|p2a: Toxicroak|atk|2
|
|turn|31
|
|switch|p1a: Doublade|Doublade, M|45\/322
|move|p2a: Toxicroak|Sucker Punch|p1a: Doublade
|-fail|p1a: Doublade
|
|turn|32
|
|move|p2a: Toxicroak|Sucker Punch|p1a: Doublade
|-fail|p1a: Doublade
|move|p1a: Doublade|Swords Dance|p1a: Doublade
|-boost|p1a: Doublade|atk|2
|
|turn|33
|
|move|p2a: Toxicroak|Swords Dance|p2a: Toxicroak
|-boost|p2a: Toxicroak|atk|2
|move|p1a: Doublade|Swords Dance|p1a: Doublade
|-boost|p1a: Doublade|atk|2
|
|turn|34
|
|move|p2a: Toxicroak|Swords Dance|p2a: Toxicroak
|-boost|p2a: Toxicroak|atk|2
|move|p1a: Doublade|Swords Dance|p1a: Doublade
|-boost|p1a: Doublade|atk|2
|
|turn|35
|
|move|p2a: Toxicroak|Drain Punch|p1a: Doublade
|-immune|p1a: Doublade|[msg]
|move|p1a: Doublade|Swords Dance|p1a: Doublade
|-fail|p1a: Doublade
|
|turn|36
|
|move|p2a: Toxicroak|Drain Punch|p1a: Doublade
|-immune|p1a: Doublade|[msg]
|move|p1a: Doublade|Swords Dance|p1a: Doublade
|-fail|p1a: Doublade
|
|turn|37
|
|move|p2a: Toxicroak|Poison Jab|p1a: Doublade
|-immune|p1a: Doublade|[msg]
|move|p1a: Doublade|Swords Dance|p1a: Doublade
|-fail|p1a: Doublade
|
|turn|38
|
|move|p2a: Toxicroak|Poison Jab|p1a: Doublade
|-immune|p1a: Doublade|[msg]
|move|p1a: Doublade|Swords Dance|p1a: Doublade
|-fail|p1a: Doublade
|
|turn|39
|c| xTraSmallDick|u lose
|c| xTraSmallDick|cater
|
|move|p2a: Toxicroak|Poison Jab|p1a: Doublade
|-immune|p1a: Doublade|[msg]
|move|p1a: Doublade|Swords Dance|p1a: Doublade
|-fail|p1a: Doublade
|
|turn|40
|
|move|p2a: Toxicroak|Poison Jab|p1a: Doublade
|-immune|p1a: Doublade|[msg]
|move|p1a: Doublade|Swords Dance|p1a: Doublade
|-fail|p1a: Doublade
|
|turn|41
|
|move|p2a: Toxicroak|Poison Jab|p1a: Doublade
|-immune|p1a: Doublade|[msg]
|move|p1a: Doublade|Swords Dance|p1a: Doublade
|-fail|p1a: Doublade
|
|turn|42
|
|move|p2a: Toxicroak|Poison Jab|p1a: Doublade
|-immune|p1a: Doublade|[msg]
|move|p1a: Doublade|Swords Dance|p1a: Doublade
|-fail|p1a: Doublade
|
|turn|43
|
|move|p2a: Toxicroak|Poison Jab|p1a: Doublade
|-immune|p1a: Doublade|[msg]
|move|p1a: Doublade|Swords Dance|p1a: Doublade
|-fail|p1a: Doublade
|
|turn|44
|
|move|p2a: Toxicroak|Poison Jab|p1a: Doublade
|-immune|p1a: Doublade|[msg]
|move|p1a: Doublade|Swords Dance|p1a: Doublade
|-fail|p1a: Doublade
|
|turn|45
|
|move|p2a: Toxicroak|Poison Jab|p1a: Doublade
|-immune|p1a: Doublade|[msg]
|move|p1a: Doublade|Swords Dance|p1a: Doublade
|-fail|p1a: Doublade
|
|turn|46
|
|move|p2a: Toxicroak|Poison Jab|p1a: Doublade
|-immune|p1a: Doublade|[msg]
|move|p1a: Doublade|Swords Dance|p1a: Doublade
|-fail|p1a: Doublade
|
|turn|47
|c| Void|he can still try and beat sucker w\/ bat
|c| Void|i guess lol
|
|move|p2a: Toxicroak|Poison Jab|p1a: Doublade
|-immune|p1a: Doublade|[msg]
|move|p1a: Doublade|Swords Dance|p1a: Doublade
|-fail|p1a: Doublade
|
|turn|48
|
|move|p2a: Toxicroak|Poison Jab|p1a: Doublade
|-immune|p1a: Doublade|[msg]
|move|p1a: Doublade|Swords Dance|p1a: Doublade
|-fail|p1a: Doublade
|
|turn|49
|
|move|p2a: Toxicroak|Drain Punch|p1a: Doublade
|-immune|p1a: Doublade|[msg]
|move|p1a: Doublade|Swords Dance|p1a: Doublade
|-fail|p1a: Doublade
|
|turn|50
|
|move|p2a: Toxicroak|Poison Jab|p1a: Doublade
|-immune|p1a: Doublade|[msg]
|move|p1a: Doublade|Swords Dance|p1a: Doublade
|-fail|p1a: Doublade
|
|turn|51
|leave|Void
|
|switch|p1a: Crobat|Crobat, M|115\/313
|move|p2a: Toxicroak|Poison Jab|p1a: Crobat
|-resisted|p1a: Crobat
|-damage|p1a: Crobat|0 fnt
|-damage|p2a: Toxicroak|258\/307|[from] item: Life Orb
|faint|p1a: Crobat
|
|join|Void
|
|switch|p1a: Doublade|Doublade, M|45\/322
|turn|52
|
|move|p2a: Toxicroak|Sucker Punch|p1a: Doublade
|-supereffective|p1a: Doublade
|-damage|p1a: Doublade|0 fnt
|-damage|p2a: Toxicroak|228\/307|[from] item: Life Orb
|faint|p1a: Doublade
|
|
|switch|p1a: Blissey|Blissey, F|641\/714
|turn|53
|
|move|p2a: Toxicroak|Drain Punch|p1a: Blissey
|-supereffective|p1a: Blissey
|-damage|p1a: Blissey|0 fnt
|-heal|p2a: Toxicroak|307\/307|[from] drain|[of] p1a: Blissey
|-damage|p2a: Toxicroak|277\/307|[from] item: Life Orb
|faint|p1a: Blissey
|
|win|IM GOOD AT UU
|raw|Ladder updating...
|raw|caterpie53817's rating: 1519 &rarr; <strong>1503<\/strong><br \/>(-16 for losing)
|raw|IM GOOD AT UU's rating: 1589 &rarr; <strong>1605<\/strong><br \/>(+16 for winning)
|c|★IM GOOD AT UU|__what__