|join|Galom
|join|TheMundane
|player|p1|Galom|238
|player|p2|TheMundane|274
|gametype|singles
|gen|6
|tier|OU
|rated
|clearpoke
|poke|p1|Gallade, M
|poke|p1|Scizor, M
|poke|p1|Landorus-Therian, M
|poke|p1|Zapdos
|poke|p1|Rotom-Wash
|poke|p1|Sylveon, F
|poke|p2|Greninja, F
|poke|p2|Gallade, M
|poke|p2|Rotom-Wash
|poke|p2|Clefable, F
|poke|p2|Landorus-Therian, M
|poke|p2|Empoleon, F
|rule|Swagger Clause: Swagger is banned
|rule|Baton Pass Clause: Limit one Pokémon knowing Baton Pass
|rule|Sleep Clause Mod: Limit one foe put to sleep
|rule|Species Clause: Limit one of each Pokémon
|rule|OHKO Clause: OHKO moves are banned
|rule|Moody Clause: Moody is banned
|rule|Evasion Moves Clause: Evasion moves are banned
|rule|Endless Battle Clause: Forcing endless battles is banned
|rule|HP Percentage Mod: HP is shown in percentages
|teampreview
|
|start
|switch|p1a: Rotom-Wash|Rotom-Wash|304\/304
|switch|p2a: Clefable|Clefable, F|394\/394
|turn|1
|
|move|p1a: Rotom-Wash|Volt Switch|p2a: Clefable
|-damage|p2a: Clefable|324\/394
|
|switch|p1a: Landorus-Therian|Landorus-Therian, M|382\/382
|-ability|p1a: Landorus-Therian|Intimidate|[of] p2a: Clefable
|-unboost|p2a: Clefable|atk|1
|move|p2a: Clefable|Stealth Rock|p1a: Landorus-Therian
|-sidestart|p1: Galom|move: Stealth Rock
|
|-heal|p2a: Clefable|348\/394|[from] item: Leftovers
|turn|2
|
|move|p1a: Landorus-Therian|Stealth Rock|p2a: Clefable
|-sidestart|p2: TheMundane|move: Stealth Rock
|move|p2a: Clefable|Moonblast|p1a: Landorus-Therian
|-damage|p1a: Landorus-Therian|253\/382
|-unboost|p1a: Landorus-Therian|spa|1
|
|-heal|p1a: Landorus-Therian|276\/382|[from] item: Leftovers
|-heal|p2a: Clefable|372\/394|[from] item: Leftovers
|turn|3
|
|move|p1a: Landorus-Therian|Earthquake|p2a: Clefable
|-damage|p2a: Clefable|206\/394
|move|p2a: Clefable|Fire Blast|p1a: Landorus-Therian
|-damage|p1a: Landorus-Therian|183\/382
|
|-heal|p1a: Landorus-Therian|206\/382|[from] item: Leftovers
|-heal|p2a: Clefable|230\/394|[from] item: Leftovers
|turn|4
|
|move|p1a: Landorus-Therian|U-turn|p2a: Clefable
|-resisted|p2a: Clefable
|-damage|p2a: Clefable|190\/394
|
|switch|p1a: Scizor|Scizor, M|344\/344
|-damage|p1a: Scizor|301\/344|[from] Stealth Rock
|move|p2a: Clefable|Soft-Boiled|p2a: Clefable
|-heal|p2a: Clefable|387\/394
|
|-heal|p2a: Clefable|394\/394|[from] item: Leftovers
|turn|5
|
|move|p1a: Scizor|U-turn|p2a: Clefable
|-resisted|p2a: Clefable
|-damage|p2a: Clefable|280\/394
|
|switch|p1a: Sylveon|Sylveon, F|394\/394
|-damage|p1a: Sylveon|345\/394|[from] Stealth Rock
|move|p2a: Clefable|Moonblast|p1a: Sylveon
|-damage|p1a: Sylveon|279\/394
|
|-heal|p2a: Clefable|304\/394|[from] item: Leftovers
|-heal|p1a: Sylveon|303\/394|[from] item: Leftovers
|turn|6
|
|switch|p2a: Empoleon|Empoleon, F|372\/372
|-damage|p2a: Empoleon|349\/372|[from] Stealth Rock
|move|p1a: Sylveon|Hyper Voice|p2a: Empoleon
|-resisted|p2a: Empoleon
|-damage|p2a: Empoleon|276\/372
|
|-heal|p2a: Empoleon|299\/372|[from] item: Leftovers
|-heal|p1a: Sylveon|327\/394|[from] item: Leftovers
|turn|7
|
|switch|p1a: Rotom-Wash|Rotom-Wash|304\/304
|-damage|p1a: Rotom-Wash|266\/304|[from] Stealth Rock
|move|p2a: Empoleon|Scald|p1a: Rotom-Wash
|-resisted|p1a: Rotom-Wash
|-damage|p1a: Rotom-Wash|218\/304
|
|-heal|p1a: Rotom-Wash|237\/304|[from] item: Leftovers
|-heal|p2a: Empoleon|322\/372|[from] item: Leftovers
|turn|8
|
|move|p1a: Rotom-Wash|Volt Switch|p2a: Empoleon
|-supereffective|p2a: Empoleon
|-damage|p2a: Empoleon|172\/372
|
|switch|p1a: Gallade|Gallade, M|278\/278
|-damage|p1a: Gallade|261\/278|[from] Stealth Rock
|move|p2a: Empoleon|Scald|p1a: Gallade
|-damage|p1a: Gallade|165\/278
|
|-heal|p2a: Empoleon|195\/372|[from] item: Leftovers
|turn|9
|
|detailschange|p1a: Gallade|Gallade-Mega, M
|message|Gallade has Mega Evolved into Mega Gallade!
|move|p1a: Gallade|Knock Off|p2a: Empoleon
|-damage|p2a: Empoleon|87\/372
|-enditem|p2a: Empoleon|Leftovers|[from] move: Knock Off|[of] p1a: Gallade
|move|p2a: Empoleon|Scald|p1a: Gallade
|-damage|p1a: Gallade|33\/278
|
|turn|10
|
|move|p1a: Gallade|Close Combat|p2a: Empoleon
|-supereffective|p2a: Empoleon
|-damage|p2a: Empoleon|0 fnt
|-unboost|p1a: Gallade|def|1
|-unboost|p1a: Gallade|spd|1
|faint|p2a: Empoleon
|
|
|switch|p2a: Landorus-Therian|Landorus-Therian, M|325\/325
|-damage|p2a: Landorus-Therian|285\/325|[from] Stealth Rock
|-ability|p2a: Landorus-Therian|Intimidate|[of] p1a: Gallade
|-unboost|p1a: Gallade|atk|1
|turn|11
|
|switch|p1a: Landorus-Therian|Landorus-Therian, M|206\/382
|-damage|p1a: Landorus-Therian|159\/382|[from] Stealth Rock
|-ability|p1a: Landorus-Therian|Intimidate|[of] p2a: Landorus-Therian
|-unboost|p2a: Landorus-Therian|atk|1
|move|p2a: Landorus-Therian|U-turn|p1a: Landorus-Therian
|-resisted|p1a: Landorus-Therian
|-damage|p1a: Landorus-Therian|136\/382
|
|switch|p2a: Greninja|Greninja, F|285\/285
|-damage|p2a: Greninja|250\/285|[from] Stealth Rock
|
|-heal|p1a: Landorus-Therian|159\/382|[from] item: Leftovers
|turn|12
|
|switch|p1a: Rotom-Wash|Rotom-Wash|237\/304
|-damage|p1a: Rotom-Wash|199\/304|[from] Stealth Rock
|move|p2a: Greninja|Dark Pulse|p1a: Rotom-Wash
|-start|p2a: Greninja|typechange|Dark|[from] Protean
|-damage|p1a: Rotom-Wash|38\/304
|-damage|p2a: Greninja|222\/285|[from] item: Life Orb
|
|-heal|p1a: Rotom-Wash|57\/304|[from] item: Leftovers
|turn|13
|
|move|p2a: Greninja|Dark Pulse|p1a: Rotom-Wash
|-damage|p1a: Rotom-Wash|0 fnt
|-damage|p2a: Greninja|194\/285|[from] item: Life Orb
|faint|p1a: Rotom-Wash
|
|
|switch|p1a: Scizor|Scizor, M|301\/344
|-damage|p1a: Scizor|258\/344|[from] Stealth Rock
|turn|14
|
|switch|p2a: Rotom-Wash|Rotom-Wash|304\/304
|-damage|p2a: Rotom-Wash|266\/304|[from] Stealth Rock
|move|p1a: Scizor|U-turn|p2a: Rotom-Wash
|-damage|p2a: Rotom-Wash|113\/304
|
|switch|p1a: Zapdos|Zapdos|384\/384
|-damage|p1a: Zapdos|288\/384|[from] Stealth Rock
|-ability|p1a: Zapdos|Pressure
|
|-heal|p1a: Zapdos|312\/384|[from] item: Leftovers
|-heal|p2a: Rotom-Wash|132\/304|[from] item: Leftovers
|turn|15
|
|move|p1a: Zapdos|Defog|p2a: Rotom-Wash
|-unboost|p2a: Rotom-Wash|evasion|1
|-sideend|p2: TheMundane|Stealth Rock|[from] move: Defog|[of] p2a: Rotom-Wash
|-sideend|p1: Galom|Stealth Rock|[from] move: Defog|[of] p1a: Zapdos
|move|p2a: Rotom-Wash|Pain Split|p1a: Zapdos
|-sethp|p1a: Zapdos|222\/384|p2a: Rotom-Wash|222\/304|[from] move: Pain Split
|
|-heal|p1a: Zapdos|246\/384|[from] item: Leftovers
|-heal|p2a: Rotom-Wash|241\/304|[from] item: Leftovers
|turn|16
|
|move|p2a: Rotom-Wash|Will-O-Wisp|p1a: Zapdos
|-status|p1a: Zapdos|brn
|move|p1a: Zapdos|Roar|p2a: Rotom-Wash
|drag|p2a: Clefable|Clefable, F|304\/394
|
|-heal|p1a: Zapdos|270\/384 brn|[from] item: Leftovers
|-heal|p2a: Clefable|328\/394|[from] item: Leftovers
|-damage|p1a: Zapdos|222\/384 brn|[from] brn
|turn|17
|
|switch|p1a: Sylveon|Sylveon, F|327\/394
|move|p2a: Clefable|Stealth Rock|p1a: Sylveon
|-sidestart|p1: Galom|move: Stealth Rock
|
|-heal|p1a: Sylveon|351\/394|[from] item: Leftovers
|-heal|p2a: Clefable|352\/394|[from] item: Leftovers
|turn|18
|
|move|p1a: Sylveon|Heal Bell|p1a: Sylveon
|-cureteam|p1a: Sylveon|[from] move: HealBell
|move|p2a: Clefable|Moonblast|p1a: Sylveon
|-damage|p1a: Sylveon|284\/394
|
|-heal|p2a: Clefable|376\/394|[from] item: Leftovers
|-heal|p1a: Sylveon|308\/394|[from] item: Leftovers
|turn|19
|
|move|p2a: Clefable|Moonblast|p1a: Sylveon
|-damage|p1a: Sylveon|242\/394
|move|p1a: Sylveon|Hyper Voice|p2a: Clefable
|-damage|p2a: Clefable|252\/394
|
|-heal|p1a: Sylveon|266\/394|[from] item: Leftovers
|-heal|p2a: Clefable|276\/394|[from] item: Leftovers
|turn|20
|
|move|p2a: Clefable|Moonblast|p1a: Sylveon
|-damage|p1a: Sylveon|202\/394
|move|p1a: Sylveon|Wish|p1a: Sylveon
|
|-heal|p2a: Clefable|300\/394|[from] item: Leftovers
|-heal|p1a: Sylveon|226\/394|[from] item: Leftovers
|turn|21
|
|move|p1a: Sylveon|Hyper Voice|p2a: Clefable
|-damage|p2a: Clefable|161\/394
|move|p2a: Clefable|Fire Blast|p1a: Sylveon
|-damage|p1a: Sylveon|173\/394
|
|-heal|p1a: Sylveon|370\/394|[from] move: Wish|[wisher] Sylveon
|-heal|p1a: Sylveon|394\/394|[from] item: Leftovers
|-heal|p2a: Clefable|185\/394|[from] item: Leftovers
|turn|22
|
|switch|p1a: Scizor|Scizor, M|258\/344
|-damage|p1a: Scizor|215\/344|[from] Stealth Rock
|move|p2a: Clefable|Fire Blast|p1a: Scizor
|-supereffective|p1a: Scizor
|-damage|p1a: Scizor|0 fnt
|faint|p1a: Scizor
|
|-heal|p2a: Clefable|209\/394|[from] item: Leftovers
|
|switch|p1a: Landorus-Therian|Landorus-Therian, M|159\/382
|-damage|p1a: Landorus-Therian|112\/382|[from] Stealth Rock
|-ability|p1a: Landorus-Therian|Intimidate|[of] p2a: Clefable
|-unboost|p2a: Clefable|atk|1
|turn|23
|
|move|p1a: Landorus-Therian|Earthquake|p2a: Clefable
|-damage|p2a: Clefable|44\/394
|move|p2a: Clefable|Moonblast|p1a: Landorus-Therian
|-damage|p1a: Landorus-Therian|0 fnt
|faint|p1a: Landorus-Therian
|
|-heal|p2a: Clefable|68\/394|[from] item: Leftovers
|
|switch|p1a: Sylveon|Sylveon, F|394\/394
|-damage|p1a: Sylveon|345\/394|[from] Stealth Rock
|turn|24
|
|move|p1a: Sylveon|Hyper Voice|p2a: Clefable
|-damage|p2a: Clefable|0 fnt
|faint|p2a: Clefable
|
|-heal|p1a: Sylveon|369\/394|[from] item: Leftovers
|
|switch|p2a: Greninja|Greninja, F|194\/285
|turn|25
|
|move|p2a: Greninja|Gunk Shot|p1a: Sylveon
|-start|p2a: Greninja|typechange|Poison|[from] Protean
|-supereffective|p1a: Sylveon
|-damage|p1a: Sylveon|0 fnt
|-damage|p2a: Greninja|166\/285|[from] item: Life Orb
|faint|p1a: Sylveon
|
|
|switch|p1a: Zapdos|Zapdos|222\/384
|-damage|p1a: Zapdos|126\/384|[from] Stealth Rock
|-ability|p1a: Zapdos|Pressure
|turn|26
|
|move|p2a: Greninja|Ice Beam|p1a: Zapdos
|-start|p2a: Greninja|typechange|Ice|[from] Protean
|-supereffective|p1a: Zapdos
|-damage|p1a: Zapdos|0 fnt
|-damage|p2a: Greninja|138\/285|[from] item: Life Orb
|faint|p1a: Zapdos
|
|
|switch|p1a: Gallade|Gallade-Mega, M|33\/278
|-damage|p1a: Gallade|16\/278|[from] Stealth Rock
|turn|27
|
|move|p2a: Greninja|Dark Pulse|p1a: Gallade
|-start|p2a: Greninja|typechange|Dark|[from] Protean
|-damage|p1a: Gallade|0 fnt
|-damage|p2a: Greninja|110\/285|[from] item: Life Orb
|faint|p1a: Gallade
|
|win|TheMundane
|raw|Ladder updating...
|c|★TheMundane|gg
|leave|Galom
|player|p1
|raw|Galom's rating: 1418 &rarr; <strong>1397<\/strong><br \/>(-21 for losing)
|raw|TheMundane's rating: 1400 &rarr; <strong>1421<\/strong><br \/>(+21 for winning)