|join|Reverb
|join|TheMundane
|player|p1|Reverb|33
|player|p2|TheMundane|274
|gametype|singles
|gen|6
|tier|OU
|rated
|clearpoke
|poke|p1|Landorus-Therian, M
|poke|p1|Conkeldurr, M
|poke|p1|Magnezone
|poke|p1|Azumarill, M
|poke|p1|Salamence, F
|poke|p1|Empoleon, M
|poke|p2|Greninja, F
|poke|p2|Gallade, M
|poke|p2|Rotom-Wash
|poke|p2|Clefable, F
|poke|p2|Landorus-Therian, M
|poke|p2|Empoleon, F
|rule|Swagger Clause: Swagger is banned
|rule|Baton Pass Clause: Limit one Pokémon knowing Baton Pass
|rule|Sleep Clause Mod: Limit one foe put to sleep
|rule|Species Clause: Limit one of each Pokémon
|rule|OHKO Clause: OHKO moves are banned
|rule|Moody Clause: Moody is banned
|rule|Evasion Moves Clause: Evasion moves are banned
|rule|Endless Battle Clause: Forcing endless battles is banned
|rule|HP Percentage Mod: HP is shown in percentages
|teampreview
|join|gamerguy1123
|c|★TheMundane|gl
|c|★Reverb|u2
|c|★TheMundane|I'm shakin in me damn boots
|
|start
|switch|p1a: Landorus-Therian|Landorus-Therian, M|327\/327
|switch|p2a: Greninja|Greninja, F|285\/285
|-ability|p1a: Landorus-Therian|Intimidate|[of] p2a: Greninja
|-unboost|p2a: Greninja|atk|1
|turn|1
|
|move|p1a: Landorus-Therian|U-turn|p2a: Greninja
|-supereffective|p2a: Greninja
|-damage|p2a: Greninja|25\/285
|
|switch|p1a: Empoleon|Empoleon, M|371\/371
|move|p2a: Greninja|Low Kick|p1a: Empoleon
|-start|p2a: Greninja|typechange|Fighting|[from] Protean
|-supereffective|p1a: Empoleon
|-damage|p1a: Empoleon|251\/371
|-damage|p2a: Greninja|0 fnt|[from] item: Life Orb
|faint|p2a: Greninja
|
|-heal|p1a: Empoleon|274\/371|[from] item: Leftovers
|
|switch|p2a: Gallade|Gallade, M|277\/277
|turn|2
|
|switch|p1a: Landorus-Therian|Landorus-Therian, M|327\/327
|-ability|p1a: Landorus-Therian|Intimidate|[of] p2a: Gallade
|-unboost|p2a: Gallade|atk|1
|detailschange|p2a: Gallade|Gallade-Mega, M
|message|Gallade has Mega Evolved into Mega Gallade!
|move|p2a: Gallade|Swords Dance|p2a: Gallade
|-boost|p2a: Gallade|atk|2
|
|turn|3
|
|move|p1a: Landorus-Therian|Explosion|p2a: Gallade
|-damage|p2a: Gallade|0 fnt
|faint|p1a: Landorus-Therian
|faint|p2a: Gallade
|
|
|switch|p1a: Salamence|Salamence, F|331\/331
|switch|p2a: Clefable|Clefable, F|394\/394
|-ability|p1a: Salamence|Intimidate|[of] p2a: Clefable
|-unboost|p2a: Clefable|atk|1
|turn|4
|
|detailschange|p1a: Salamence|Salamence-Mega, F
|message|Salamence has Mega Evolved into Mega Salamence!
|move|p1a: Salamence|Frustration|p2a: Clefable
|-damage|p2a: Clefable|105\/394
|move|p2a: Clefable|Moonblast|p1a: Salamence
|-supereffective|p1a: Salamence
|-damage|p1a: Salamence|115\/331
|
|-heal|p2a: Clefable|129\/394|[from] item: Leftovers
|turn|5
|join|willwolf
|
|switch|p2a: Rotom-Wash|Rotom-Wash|304\/304
|move|p1a: Salamence|Frustration|p2a: Rotom-Wash
|-resisted|p2a: Rotom-Wash
|-damage|p2a: Rotom-Wash|201\/304
|
|-heal|p2a: Rotom-Wash|220\/304|[from] item: Leftovers
|turn|6
|
|switch|p1a: Conkeldurr|Conkeldurr, M|364\/364
|move|p2a: Rotom-Wash|Volt Switch|p1a: Conkeldurr
|-damage|p1a: Conkeldurr|295\/364
|join|Austin
|
|switch|p2a: Clefable|Clefable, F|129\/394
|
|-heal|p2a: Clefable|153\/394|[from] item: Leftovers
|turn|7
|
|switch|p1a: Azumarill|Azumarill, M|349\/349
|move|p2a: Clefable|Stealth Rock|p1a: Azumarill
|-sidestart|p1: Reverb|move: Stealth Rock
|
|-heal|p2a: Clefable|177\/394|[from] item: Leftovers
|turn|8
|
|switch|p2a: Empoleon|Empoleon, F|372\/372
|move|p1a: Azumarill|Waterfall|p2a: Empoleon
|-resisted|p2a: Empoleon
|-damage|p2a: Empoleon|275\/372
|
|-heal|p2a: Empoleon|298\/372|[from] item: Leftovers
|turn|9
|
|switch|p2a: Landorus-Therian|Landorus-Therian, M|325\/325
|-ability|p2a: Landorus-Therian|Intimidate|[of] p1a: Azumarill
|-unboost|p1a: Azumarill|atk|1
|switch|p1a: Empoleon|Empoleon, M|274\/371
|-damage|p1a: Empoleon|251\/371|[from] Stealth Rock
|
|-heal|p1a: Empoleon|274\/371|[from] item: Leftovers
|turn|10
|
|move|p2a: Landorus-Therian|Earthquake|p1a: Empoleon
|-supereffective|p1a: Empoleon
|-damage|p1a: Empoleon|0 fnt
|faint|p1a: Empoleon
|
|
|switch|p1a: Salamence|Salamence-Mega, F|115\/331
|-damage|p1a: Salamence|33\/331|[from] Stealth Rock
|turn|11
|c| willwolf|does empoleon get roost
|join|Voltage
|c|★Reverb|no
|
|switch|p2a: Rotom-Wash|Rotom-Wash|220\/304
|move|p1a: Salamence|Frustration|p2a: Rotom-Wash
|-resisted|p2a: Rotom-Wash
|-damage|p2a: Rotom-Wash|112\/304
|
|-heal|p2a: Rotom-Wash|131\/304|[from] item: Leftovers
|turn|12
|
|move|p1a: Salamence|Frustration|p2a: Rotom-Wash
|-resisted|p2a: Rotom-Wash
|-damage|p2a: Rotom-Wash|27\/304
|move|p2a: Rotom-Wash|Volt Switch|p1a: Salamence
|-damage|p1a: Salamence|0 fnt
|faint|p1a: Salamence
|c| Voltage|It would be like A- if it got roost
|
|switch|p2a: Clefable|Clefable, F|177\/394
|
|-heal|p2a: Clefable|201\/394|[from] item: Leftovers
|c| gamerguy1123|roost?
|
|switch|p1a: Azumarill|Azumarill, M|349\/349
|-damage|p1a: Azumarill|306\/349|[from] Stealth Rock
|turn|13
|
|switch|p2a: Empoleon|Empoleon, F|298\/372
|move|p1a: Azumarill|Waterfall|p2a: Empoleon
|-resisted|p2a: Empoleon
|-damage|p2a: Empoleon|196\/372
|
|-heal|p2a: Empoleon|219\/372|[from] item: Leftovers
|turn|14
|
|switch|p1a: Magnezone|Magnezone|282\/282
|-damage|p1a: Magnezone|265\/282|[from] Stealth Rock
|move|p2a: Empoleon|Roar|p1a: Magnezone
|drag|p1a: Conkeldurr|Conkeldurr, M|295\/364
|-damage|p1a: Conkeldurr|273\/364|[from] Stealth Rock
|
|-heal|p2a: Empoleon|242\/372|[from] item: Leftovers
|turn|15
|
|switch|p2a: Rotom-Wash|Rotom-Wash|27\/304
|move|p1a: Conkeldurr|Drain Punch|p2a: Rotom-Wash
|-damage|p2a: Rotom-Wash|0 fnt
|-heal|p1a: Conkeldurr|287\/364|[from] drain|[of] p2a: Rotom-Wash
|faint|p2a: Rotom-Wash
|
|
|switch|p2a: Clefable|Clefable, F|201\/394
|turn|16
|
|switch|p1a: Magnezone|Magnezone|265\/282
|-damage|p1a: Magnezone|248\/282|[from] Stealth Rock
|move|p2a: Clefable|Fire Blast|p1a: Magnezone
|-crit|p1a: Magnezone
|-supereffective|p1a: Magnezone
|-damage|p1a: Magnezone|0 fnt
|faint|p1a: Magnezone
|
|-heal|p2a: Clefable|225\/394|[from] item: Leftovers
|
|switch|p1a: Azumarill|Azumarill, M|306\/349
|-damage|p1a: Azumarill|263\/349|[from] Stealth Rock
|turn|17
|
|move|p2a: Clefable|Soft-Boiled|p2a: Clefable
|-heal|p2a: Clefable|394\/394
|move|p1a: Azumarill|Brick Break|p2a: Clefable
|-crit|p2a: Clefable
|-resisted|p2a: Clefable
|-damage|p2a: Clefable|266\/394
|
|-heal|p2a: Clefable|290\/394|[from] item: Leftovers
|turn|18
|
|switch|p1a: Conkeldurr|Conkeldurr, M|287\/364
|-damage|p1a: Conkeldurr|265\/364|[from] Stealth Rock
|move|p2a: Clefable|Moonblast|p1a: Conkeldurr
|-supereffective|p1a: Conkeldurr
|-damage|p1a: Conkeldurr|101\/364
|
|-heal|p2a: Clefable|314\/394|[from] item: Leftovers
|turn|19
|-message|Reverb forfeited.
|
|win|TheMundane
|raw|Ladder updating...
|leave|Reverb
|player|p1
|c| Voltage|damn
|c|★TheMundane|Ggggg