|join|much professional
|join|TheMundane
|player|p1|much professional|2
|player|p2|TheMundane|222
|gametype|singles
|gen|6
|tier|OU
|rated
|clearpoke
|poke|p1|Breloom, F
|poke|p1|Scizor, M
|poke|p1|Crawdaunt, F
|poke|p1|Thundurus, M
|poke|p1|Landorus, M
|poke|p1|Lucario, F
|poke|p2|Metagross
|poke|p2|Landorus-Therian, M
|poke|p2|Heatran, M
|poke|p2|Latios, M
|poke|p2|Chesnaught, M
|poke|p2|Keldeo
|rule|Swagger Clause: Swagger is banned
|rule|Baton Pass Clause: Limit one Pokémon knowing Baton Pass
|rule|Sleep Clause Mod: Limit one foe put to sleep
|rule|Species Clause: Limit one of each Pokémon
|rule|OHKO Clause: OHKO moves are banned
|rule|Moody Clause: Moody is banned
|rule|Evasion Moves Clause: Evasion moves are banned
|rule|Endless Battle Clause: Forcing endless battles is banned
|rule|HP Percentage Mod: HP is shown in percentages
|teampreview
|
|start
|switch|p1a: Landorus|Landorus, M|319\/319
|switch|p2a: Latios|Latios, M|299\/299
|turn|1
|
|switch|p1a: Scizor|Scizor, M|319\/319
|move|p2a: Latios|Draco Meteor|p1a: Scizor
|-resisted|p1a: Scizor
|-damage|p1a: Scizor|141\/319
|-unboost|p2a: Latios|spa|2
|-damage|p2a: Latios|270\/299|[from] item: Life Orb
|
|turn|2
|
|switch|p2a: Landorus-Therian|Landorus-Therian, M|379\/379
|-ability|p2a: Landorus-Therian|Intimidate|[of] p1a: Scizor
|-unboost|p1a: Scizor|atk|1
|switch|p1a: Landorus|Landorus, M|319\/319
|
|turn|3
|
|switch|p2a: Latios|Latios, M|270\/299
|move|p1a: Landorus|Stealth Rock|p2a: Latios
|-sidestart|p2: TheMundane|move: Stealth Rock
|
|turn|4
|
|move|p2a: Latios|Draco Meteor|p1a: Landorus
|-damage|p1a: Landorus|0 fnt
|-unboost|p2a: Latios|spa|2
|-damage|p2a: Latios|241\/299|[from] item: Life Orb
|faint|p1a: Landorus
|
|
|switch|p1a: Thundurus|Thundurus, M|299\/299
|turn|5
|
|move|p1a: Thundurus|Nasty Plot|p1a: Thundurus
|-boost|p1a: Thundurus|spa|2
|move|p2a: Latios|Draco Meteor|p1a: Thundurus
|-damage|p1a: Thundurus|114\/299
|-unboost|p2a: Latios|spa|2
|-damage|p2a: Latios|212\/299|[from] item: Life Orb
|
|-heal|p1a: Thundurus|132\/299|[from] item: Leftovers
|turn|6
|
|move|p1a: Thundurus|Hidden Power|p2a: Latios
|-supereffective|p2a: Latios
|-damage|p2a: Latios|0 fnt
|faint|p2a: Latios
|
|-heal|p1a: Thundurus|150\/299|[from] item: Leftovers
|
|switch|p2a: Heatran|Heatran, M|323\/323
|-damage|p2a: Heatran|283\/323|[from] Stealth Rock
|turn|7
|c|★TheMundane|Ugh misclick
|
|move|p2a: Heatran|Lava Plume|p1a: Thundurus
|-damage|p1a: Thundurus|0 fnt
|faint|p1a: Thundurus
|
|c|★TheMundane|Jk
|c|★much professional|oh
|
|switch|p1a: Crawdaunt|Crawdaunt, F|267\/267
|turn|8
|
|switch|p2a: Keldeo|Keldeo|323\/323
|-damage|p2a: Keldeo|303\/323|[from] Stealth Rock
|move|p1a: Crawdaunt|Swords Dance|p1a: Crawdaunt
|-boost|p1a: Crawdaunt|atk|2
|
|-heal|p2a: Keldeo|323\/323|[from] item: Leftovers
|turn|9
|
|move|p2a: Keldeo|Secret Sword|p1a: Crawdaunt
|-supereffective|p1a: Crawdaunt
|-enditem|p1a: Crawdaunt|Focus Sash
|-damage|p1a: Crawdaunt|1\/267
|move|p1a: Crawdaunt|Knock Off|p2a: Keldeo
|-resisted|p2a: Keldeo
|-damage|p2a: Keldeo|58\/323
|-boost|p2a: Keldeo|atk|1|[from] ability: Justified
|-enditem|p2a: Keldeo|Leftovers|[from] move: Knock Off|[of] p1a: Crawdaunt
|
|turn|10
|
|move|p1a: Crawdaunt|Aqua Jet|p2a: Keldeo
|-resisted|p2a: Keldeo
|-damage|p2a: Keldeo|0 fnt
|faint|p2a: Keldeo
|
|c|★much professional|good
|
|switch|p2a: Metagross|Metagross|301\/301
|-damage|p2a: Metagross|283\/301|[from] Stealth Rock
|turn|11
|c|★much professional|that keldeo caused problems for me
|c|★much professional|and so does this metagross
|c|★much professional|i lose this lmao
|c|★TheMundane|Lol
|
|detailschange|p2a: Metagross|Metagross-Mega
|-mega|p2a: Metagross|Metagross|Metagrossite
|move|p2a: Metagross|Bullet Punch|p1a: Crawdaunt
|-resisted|p1a: Crawdaunt
|-damage|p1a: Crawdaunt|0 fnt
|faint|p1a: Crawdaunt
|
|
|switch|p1a: Scizor|Scizor, M|141\/319
|turn|12
|
|switch|p2a: Landorus-Therian|Landorus-Therian, M|379\/379
|-damage|p2a: Landorus-Therian|332\/379|[from] Stealth Rock
|-ability|p2a: Landorus-Therian|Intimidate|[of] p1a: Scizor
|-unboost|p1a: Scizor|atk|1
|detailschange|p1a: Scizor|Scizor-Mega, M
|-mega|p1a: Scizor|Scizor|Scizorite
|move|p1a: Scizor|Roost|p1a: Scizor
|-heal|p1a: Scizor|301\/319
|
|-heal|p2a: Landorus-Therian|355\/379|[from] item: Leftovers
|turn|13
|
|switch|p1a: Breloom|Breloom, F|261\/261
|move|p2a: Landorus-Therian|Stealth Rock|p1a: Breloom
|-sidestart|p1: much professional|move: Stealth Rock
|
|-heal|p2a: Landorus-Therian|378\/379|[from] item: Leftovers
|turn|14
|
|move|p1a: Breloom|Swords Dance|p1a: Breloom
|-boost|p1a: Breloom|atk|2
|move|p2a: Landorus-Therian|U-turn|p1a: Breloom
|-damage|p1a: Breloom|166\/261
|
|switch|p2a: Metagross|Metagross-Mega|283\/301
|-damage|p2a: Metagross|265\/301|[from] Stealth Rock
|
|turn|15
|
|move|p1a: Breloom|Mach Punch|p2a: Metagross
|-crit|p2a: Metagross
|-damage|p2a: Metagross|0 fnt
|-damage|p1a: Breloom|140\/261|[from] item: Life Orb
|faint|p2a: Metagross
|
|c|★much professional|damn...
|
|switch|p2a: Chesnaught|Chesnaught, M|320\/320
|-damage|p2a: Chesnaught|300\/320|[from] Stealth Rock
|turn|16
|
|switch|p1a: Scizor|Scizor-Mega, M|301\/319
|-damage|p1a: Scizor|262\/319|[from] Stealth Rock
|move|p2a: Chesnaught|Drain Punch|p1a: Scizor
|-damage|p1a: Scizor|183\/319
|-heal|p2a: Chesnaught|320\/320|[from] drain|[of] p1a: Scizor
|
|turn|17
|
|move|p2a: Chesnaught|Belly Drum|p2a: Chesnaught
|-damage|p2a: Chesnaught|160\/320
|-setboost|p2a: Chesnaught|atk|6|[from] move: Belly Drum
|move|p1a: Scizor|Bug Bite|p2a: Chesnaught
|-damage|p2a: Chesnaught|21\/320
|-enditem|p2a: Chesnaught|Salac Berry|[from] stealeat|[move] Bug Bite|[of] p1a: Scizor
|-boost|p1a: Scizor|spe|1|[from] item: Salac Berry
|
|turn|18
|c|★much professional|oh, ok
|
|move|p1a: Scizor|Bullet Punch|p2a: Chesnaught
|-damage|p2a: Chesnaught|0 fnt
|faint|p2a: Chesnaught
|
|
|switch|p2a: Heatran|Heatran, M|283\/323
|-damage|p2a: Heatran|243\/323|[from] Stealth Rock
|turn|19
|
|move|p1a: Scizor|Bullet Punch|p2a: Heatran
|-resisted|p2a: Heatran
|-damage|p2a: Heatran|215\/323
|move|p2a: Heatran|Lava Plume|p1a: Scizor
|-supereffective|p1a: Scizor
|-damage|p1a: Scizor|0 fnt
|faint|p1a: Scizor
|
|
|switch|p1a: Breloom|Breloom, F|140\/261
|-damage|p1a: Breloom|124\/261|[from] Stealth Rock
|turn|20
|
|switch|p2a: Landorus-Therian|Landorus-Therian, M|378\/379
|-damage|p2a: Landorus-Therian|331\/379|[from] Stealth Rock
|-ability|p2a: Landorus-Therian|Intimidate|[of] p1a: Breloom
|-unboost|p1a: Breloom|atk|1
|move|p1a: Breloom|Mach Punch|p2a: Landorus-Therian
|-resisted|p2a: Landorus-Therian
|-damage|p2a: Landorus-Therian|296\/379
|-damage|p1a: Breloom|98\/261|[from] item: Life Orb
|
|-heal|p2a: Landorus-Therian|319\/379|[from] item: Leftovers
|turn|21
|
|move|p1a: Breloom|Spore|p2a: Landorus-Therian
|-status|p2a: Landorus-Therian|slp
|cant|p2a: Landorus-Therian|slp
|
|-heal|p2a: Landorus-Therian|342\/379 slp|[from] item: Leftovers
|turn|22
|
|switch|p1a: Lucario|Lucario, F|281\/281
|-damage|p1a: Lucario|273\/281|[from] Stealth Rock
|-curestatus|p2a: Landorus-Therian|slp
|move|p2a: Landorus-Therian|U-turn|p1a: Lucario
|-resisted|p1a: Lucario
|-damage|p1a: Lucario|247\/281
|
|switch|p2a: Heatran|Heatran, M|215\/323
|-damage|p2a: Heatran|175\/323|[from] Stealth Rock
|
|turn|23
|
|move|p2a: Heatran|Lava Plume|p1a: Lucario
|-supereffective|p1a: Lucario
|-damage|p1a: Lucario|0 fnt
|faint|p1a: Lucario
|
|
|switch|p1a: Breloom|Breloom, F|98\/261
|-damage|p1a: Breloom|82\/261|[from] Stealth Rock
|turn|24
|
|switch|p2a: Landorus-Therian|Landorus-Therian, M|342\/379
|-damage|p2a: Landorus-Therian|295\/379|[from] Stealth Rock
|-ability|p2a: Landorus-Therian|Intimidate|[of] p1a: Breloom
|-unboost|p1a: Breloom|atk|1
|move|p1a: Breloom|Mach Punch|p2a: Landorus-Therian
|-resisted|p2a: Landorus-Therian
|-damage|p2a: Landorus-Therian|261\/379
|-damage|p1a: Breloom|56\/261|[from] item: Life Orb
|
|-heal|p2a: Landorus-Therian|284\/379|[from] item: Leftovers
|turn|25
|c|★much professional|too close for comfort
|
|move|p1a: Breloom|Spore|p2a: Landorus-Therian
|-status|p2a: Landorus-Therian|slp
|cant|p2a: Landorus-Therian|slp
|
|-heal|p2a: Landorus-Therian|307\/379 slp|[from] item: Leftovers
|turn|26
|
|move|p1a: Breloom|Swords Dance|p1a: Breloom
|-boost|p1a: Breloom|atk|2
|cant|p2a: Landorus-Therian|slp
|
|-heal|p2a: Landorus-Therian|330\/379 slp|[from] item: Leftovers
|turn|27
|
|move|p1a: Breloom|Bullet Seed|p2a: Landorus-Therian
|-damage|p2a: Landorus-Therian|235\/379 slp
|-damage|p2a: Landorus-Therian|136\/379 slp
|-hitcount|p2a: Landorus-Therian|2
|-damage|p1a: Breloom|30\/261|[from] item: Life Orb
|cant|p2a: Landorus-Therian|slp
|
|-heal|p2a: Landorus-Therian|159\/379 slp|[from] item: Leftovers
|turn|28
|
|switch|p2a: Heatran|Heatran, M|175\/323
|-damage|p2a: Heatran|135\/323|[from] Stealth Rock
|move|p1a: Breloom|Bullet Seed|p2a: Heatran
|-resisted|p2a: Heatran
|-damage|p2a: Heatran|105\/323
|-resisted|p2a: Heatran
|-damage|p2a: Heatran|73\/323
|-resisted|p2a: Heatran
|-damage|p2a: Heatran|44\/323
|-resisted|p2a: Heatran
|-damage|p2a: Heatran|13\/323
|-resisted|p2a: Heatran
|-damage|p2a: Heatran|0 fnt
|-hitcount|p2a: Heatran|5
|-damage|p1a: Breloom|4\/261|[from] item: Life Orb
|faint|p2a: Heatran
|
|
|switch|p2a: Landorus-Therian|Landorus-Therian, M|159\/379 slp
|-damage|p2a: Landorus-Therian|112\/379 slp|[from] Stealth Rock
|-ability|p2a: Landorus-Therian|Intimidate|[of] p1a: Breloom
|-unboost|p1a: Breloom|atk|1
|turn|29
|c|★much professional|damn
|
|move|p1a: Breloom|Bullet Seed|p2a: Landorus-Therian
|-damage|p2a: Landorus-Therian|38\/379 slp
|-damage|p2a: Landorus-Therian|0 fnt
|-hitcount|p2a: Landorus-Therian|2
|-damage|p1a: Breloom|0 fnt|[from] item: Life Orb
|faint|p2a: Landorus-Therian
|faint|p1a: Breloom
|
|win|much professional
|raw|Ladder updating...
|c|★TheMundane|gg
|raw|much professional's rating: 1767 &rarr; <strong>1780<\/strong><br \/>(+13 for winning)
|raw|TheMundane's rating: 1633 &rarr; <strong>1620<\/strong><br \/>(-13 for losing)
|c|★much professional|that
|c|★much professional|was incredible
|c|★TheMundane|Lol
|c|★TheMundane|yeah
|c|★much professional|sorry for the bad luck mate
|c|★TheMundane|np
|c|★much professional|if got 5 hits
|c|★much professional|and that's what saved me
|c|★TheMundane|XD
|c|★much professional|i wanted to mach
|c|★TheMundane|50\/50
|c|★much professional|but i would feel terrible for overpredicting
|c|★TheMundane|gg once again
|c|★much professional|yeah
|c|★much professional|well
|c|★much professional|wp
|c|★much professional|you're really god
|c|★TheMundane|U 2
|c|★much professional|good*
|c|★much professional|thanks