|join|TheMundane
|join|Tegawende
|player|p1|TheMundane|222
|player|p2|Tegawende|68
|gametype|singles
|gen|6
|tier|OU
|rated
|clearpoke
|poke|p1|Klefki, M
|poke|p1|Heatran, M
|poke|p1|Landorus-Therian, M
|poke|p1|Latios, M
|poke|p1|Keldeo
|poke|p1|Metagross
|poke|p2|Sylveon, M
|poke|p2|Latios, M
|poke|p2|Weavile, F
|poke|p2|Slowbro, F
|poke|p2|Heatran, M
|poke|p2|Ferrothorn, M
|rule|Swagger Clause: Swagger is banned
|rule|Baton Pass Clause: Limit one Pokémon knowing Baton Pass
|rule|Sleep Clause Mod: Limit one foe put to sleep
|rule|Species Clause: Limit one of each Pokémon
|rule|OHKO Clause: OHKO moves are banned
|rule|Moody Clause: Moody is banned
|rule|Evasion Moves Clause: Evasion moves are banned
|rule|Endless Battle Clause: Forcing endless battles is banned
|rule|HP Percentage Mod: HP is shown in percentages
|teampreview
|join|TheUberTherian
|c| TheUberTherian|hmm
|join|Karxrida
|join|heavy testing
|join|thepack
|c| Karxrida|We're not here
|c| thepack|Ooh. Looking like a fun team.
|c| Karxrida|WE'RE GHOSTS
|c| Karxrida|BOO
|c| Karxrida|SCARY
|c| Karxrida|Did you wet yourself?
|c| Karxrida|TheMundane, do something scary
|c| thepack|Dibs on Clyde from PacMan
|
|start
|switch|p1a: Klefki|Klefki, M|318\/318
|switch|p2a: Ferrothorn|Ferrothorn, M|290\/290
|turn|1
|c| thepack|I wanna be him.
|c| Karxrida|NOT CLYDE
|
|move|p1a: Klefki|Substitute|p1a: Klefki
|-start|p1a: Klefki|Substitute
|-damage|p1a: Klefki|239\/318
|move|p2a: Ferrothorn|Stealth Rock|p1a: Klefki
|-sidestart|p1: TheMundane|move: Stealth Rock
|
|-heal|p1a: Klefki|258\/318|[from] item: Leftovers
|turn|2
|c| thepack|:[
|c| Karxrida|HE'S TOO SCARY
|
|switch|p2a: Heatran|Heatran, M|323\/323
|-item|p2a: Heatran|Air Balloon
|move|p1a: Klefki|Spikes|p2a: Heatran
|-sidestart|p2: Tegawende|Spikes
|
|-heal|p1a: Klefki|277\/318|[from] item: Leftovers
|turn|3
|c| thepack|Hehehehe.
|
|move|p1a: Klefki|Thunder Wave|p2a: Heatran
|-status|p2a: Heatran|par
|cant|p2a: Heatran|par
|
|-heal|p1a: Klefki|296\/318|[from] item: Leftovers
|turn|4
|c| TheUberTherian|ugh k
|
|move|p1a: Klefki|Play Rough|p2a: Heatran
|-resisted|p2a: Heatran
|-damage|p2a: Heatran|298\/323 par
|-enditem|p2a: Heatran|Air Balloon
|cant|p2a: Heatran|par
|
|-heal|p1a: Klefki|315\/318|[from] item: Leftovers
|turn|5
|c| thepack|Spreading the nice yellow color
|c| TheUberTherian|lol
|
|move|p1a: Klefki|Spikes|p2a: Heatran
|-sidestart|p2: Tegawende|Spikes
|cant|p2a: Heatran|par
|
|-heal|p1a: Klefki|318\/318|[from] item: Leftovers
|turn|6
|c| TheUberTherian|the hax
|c| Karxrida|The hax is real
|c| Karxrida|And Scary
|c| Karxrida|Like a ghost
|
|move|p1a: Klefki|Spikes|p2a: Heatran
|-sidestart|p2: Tegawende|Spikes
|move|p2a: Heatran|Lava Plume|p1a: Klefki
|-supereffective|p1a: Klefki
|-end|p1a: Klefki|Substitute
|
|turn|7
|c| thepack|Like Cylde.
|c| thepack|*clyde
|
|switch|p1a: Landorus-Therian|Landorus-Therian, M|379\/379
|-damage|p1a: Landorus-Therian|332\/379|[from] Stealth Rock
|-ability|p1a: Landorus-Therian|Intimidate|[of] p2a: Heatran
|-unboost|p2a: Heatran|atk|1
|move|p2a: Heatran|Earth Power|p1a: Landorus-Therian
|-immune|p1a: Landorus-Therian|[msg]
|
|-heal|p1a: Landorus-Therian|355\/379|[from] item: Leftovers
|turn|8
|c| Karxrida|WE NEVER SPEAK OF HIM HERE
|c| Karxrida|That prediction
|
|move|p1a: Landorus-Therian|U-turn|p2a: Heatran
|-resisted|p2a: Heatran
|-damage|p2a: Heatran|282\/323 par
|
|switch|p1a: Heatran|Heatran, M|323\/323
|-damage|p1a: Heatran|283\/323|[from] Stealth Rock
|cant|p2a: Heatran|par
|
|turn|9
|c| thepack|Can we talk about Blinky?
|
|switch|p1a: Landorus-Therian|Landorus-Therian, M|355\/379
|-damage|p1a: Landorus-Therian|308\/379|[from] Stealth Rock
|-ability|p1a: Landorus-Therian|Intimidate|[of] p2a: Heatran
|-unboost|p2a: Heatran|atk|1
|move|p2a: Heatran|Ancient Power|p1a: Landorus-Therian
|-damage|p1a: Landorus-Therian|218\/379
|-boost|p2a: Heatran|atk|1
|-boost|p2a: Heatran|def|1
|-boost|p2a: Heatran|spa|1
|-boost|p2a: Heatran|spd|1
|-boost|p2a: Heatran|spe|1
|
|-heal|p1a: Landorus-Therian|241\/379|[from] item: Leftovers
|turn|10
|c| Karxrida|Oh yeah totally. He's cool
|c| Karxrida|Or is Blinky the girl?
|c| Karxrida|That ha
|c| TheUberTherian|lol
|c| Karxrida|hax
|
|switch|p2a: Latios|Latios, M|301\/301
|move|p1a: Landorus-Therian|Stealth Rock|p2a: Latios
|-sidestart|p2: Tegawende|move: Stealth Rock
|
|-heal|p1a: Landorus-Therian|264\/379|[from] item: Leftovers
|turn|11
|c| thepack|Lol.
|c| thepack|No idea
|c| Karxrida|Wow, full set of shit
|c|★TheMundane|Needs bisharp
|c| thepack|I feel sorry for that Weavile.
|c| thepack|Takes ~50% on switchin.
|c| Karxrida|I declare my Klefki set to be name "The Karx Key".
|c| Karxrida|If this becomes legit, I'm trademarking it
|c| TheUberTherian|this  is why u first try nd takeout the defogger
|
|switch|p1a: Metagross|Metagross|301\/301
|-damage|p1a: Metagross|283\/301|[from] Stealth Rock
|move|p2a: Latios|Ice Beam|p1a: Metagross
|-resisted|p1a: Metagross
|-damage|p1a: Metagross|225\/301
|
|turn|12
|c| TheUberTherian|nd thensetup
|c| thepack|Scarfed ice beam?
|
|switch|p2a: Slowbro|Slowbro, F|386\/386
|-damage|p2a: Slowbro|338\/386|[from] Stealth Rock
|-damage|p2a: Slowbro|242\/386|[from] Spikes
|detailschange|p1a: Metagross|Metagross-Mega
|-mega|p1a: Metagross|Metagross|Metagrossite
|move|p1a: Metagross|Meteor Mash|p2a: Slowbro
|-resisted|p2a: Slowbro
|-damage|p2a: Slowbro|158\/386
|
|turn|13
|c| Karxrida|THat damage on Bro, though
|
|detailschange|p2a: Slowbro|Slowbro-Mega, F
|-mega|p2a: Slowbro|Slowbro|Slowbronite
|move|p1a: Metagross|Meteor Mash|p2a: Slowbro|[miss]
|-miss|p1a: Metagross|p2a: Slowbro
|move|p2a: Slowbro|Slack Off|p2a: Slowbro
|-heal|p2a: Slowbro|351\/386
|
|turn|14
|c| TheUberTherian|mega bro
|c| TheUberTherian|incoming
|c|★TheMundane|Omg it's mega bro
|
|switch|p1a: Latios|Latios, M|301\/301
|-damage|p1a: Latios|264\/301|[from] Stealth Rock
|move|p2a: Slowbro|Substitute|p2a: Slowbro
|-start|p2a: Slowbro|Substitute
|-damage|p2a: Slowbro|255\/386
|
|turn|15
|c| thepack|*OMG its a mega bro
|c| Karxrida|QUICK SUMMON A GHOST TO SCARE IT
|c| TheUberTherian|which fucks ur team
|c| Karxrida|WHAT
|c| TheUberTherian|xD
|c| Karxrida|PANIC
|c| thepack|Clyde we need ur help bro
|c| TheUberTherian|NO CM
|c|★TheMundane|Lmao
|c| Karxrida|RELEASE THE CLYDE
|
|move|p1a: Latios|Psyshock|p2a: Slowbro
|-resisted|p2a: Slowbro
|-activate|p2a: Slowbro|Substitute|[damage]
|-damage|p1a: Latios|234\/301|[from] item: Life Orb
|move|p2a: Slowbro|Calm Mind|p2a: Slowbro
|-boost|p2a: Slowbro|spa|1
|-boost|p2a: Slowbro|spd|1
|
|turn|16
|c| Karxrida|THIS IS AN EMERGENCY
|c| thepack|http:\/\/img1.wikia.nocookie.net\/__cb20130925135814\/pacman\/images\/5\/5f\/Clyde_Wreck-It_Ralph.png
|c| thepack|He has been released.
|c| Karxrida|2SPOKKY
|
|move|p1a: Latios|Psyshock|p2a: Slowbro
|-resisted|p2a: Slowbro
|-activate|p2a: Slowbro|Substitute|[damage]
|-damage|p1a: Latios|204\/301|[from] item: Life Orb
|move|p2a: Slowbro|Calm Mind|p2a: Slowbro
|-boost|p2a: Slowbro|spa|1
|-boost|p2a: Slowbro|spd|1
|
|turn|17
|c| Karxrida|\o\/
|c|★TheMundane|Break Ya damn sub
|c|★TheMundane|wtf
|c| Karxrida|I think you're boned
|
|move|p1a: Latios|Psyshock|p2a: Slowbro
|-resisted|p2a: Slowbro
|-end|p2a: Slowbro|Substitute
|-damage|p1a: Latios|174\/301|[from] item: Life Orb
|move|p2a: Slowbro|Slack Off|p2a: Slowbro
|-heal|p2a: Slowbro|386\/386
|
|turn|18
|c| heavy testing|gg
|c| Karxrida|Like, severely
|
|switch|p1a: Klefki|Klefki, M|318\/318
|-damage|p1a: Klefki|299\/318|[from] Stealth Rock
|move|p2a: Slowbro|Substitute|p2a: Slowbro
|-start|p2a: Slowbro|Substitute
|-damage|p2a: Slowbro|290\/386
|
|-heal|p1a: Klefki|318\/318|[from] item: Leftovers
|turn|19
|c|★TheMundane|Need t wave
|
|move|p1a: Klefki|Play Rough|p2a: Slowbro
|-activate|p2a: Slowbro|Substitute|[damage]
|move|p2a: Slowbro|Scald|p1a: Klefki
|-damage|p1a: Klefki|66\/318
|-status|p1a: Klefki|brn
|
|-heal|p1a: Klefki|85\/318 brn|[from] item: Leftovers
|-damage|p1a: Klefki|46\/318 brn|[from] brn
|turn|20
|c|★TheMundane|hax
|c| Karxrida|Unless Klefki can save you!
|c| Karxrida|Whelp
|c| thepack|252 SpA Latios Psyshock vs. 252 HP \/ 0 Def Mega Slowbro: 39-46 (9.8 - 11.6%) -- possible 9HKO
|c| Karxrida|rip
|
|move|p1a: Klefki|Play Rough|p2a: Slowbro
|-end|p2a: Slowbro|Substitute
|move|p2a: Slowbro|Calm Mind|p2a: Slowbro
|-boost|p2a: Slowbro|spa|1
|-boost|p2a: Slowbro|spd|1
|
|-heal|p1a: Klefki|65\/318 brn|[from] item: Leftovers
|-damage|p1a: Klefki|26\/318 brn|[from] brn
|turn|21
|c| Karxrida|FUck this think
|c| Karxrida|I want it dead!
|c| TheUberTherian|lol
|
|move|p1a: Klefki|Thunder Wave|p2a: Slowbro
|-status|p2a: Slowbro|par
|move|p2a: Slowbro|Substitute|p2a: Slowbro
|-start|p2a: Slowbro|Substitute
|-damage|p2a: Slowbro|194\/386 par
|
|-heal|p1a: Klefki|45\/318 brn|[from] item: Leftovers
|-damage|p1a: Klefki|6\/318 brn|[from] brn
|turn|22
|c| Karxrida|I want its family dead!
|c| Karxrida|I want its shell burned to the ground!
|c| TheUberTherian|u cant do anything
|c| thepack|Clyde can help with that
|
|move|p1a: Klefki|Play Rough|p2a: Slowbro
|-activate|p2a: Slowbro|Substitute|[damage]
|move|p2a: Slowbro|Slack Off|p2a: Slowbro
|-heal|p2a: Slowbro|386\/386 par
|
|-heal|p1a: Klefki|25\/318 brn|[from] item: Leftovers
|-damage|p1a: Klefki|0 fnt|[from] brn
|faint|p1a: Klefki
|c| TheUberTherian|mega bro ftw
|
|switch|p1a: Landorus-Therian|Landorus-Therian, M|264\/379
|-damage|p1a: Landorus-Therian|217\/379|[from] Stealth Rock
|-activate|p2a: Slowbro|Substitute|ability: Intimidate|[of] p1a: Landorus-Therian
|turn|23
|
|move|p1a: Landorus-Therian|U-turn|p2a: Slowbro
|-supereffective|p2a: Slowbro
|-end|p2a: Slowbro|Substitute
|c| thepack|Yep. I'd call that gg.
|
|switch|p1a: Latios|Latios, M|174\/301
|-damage|p1a: Latios|137\/301|[from] Stealth Rock
|move|p2a: Slowbro|Scald|p1a: Latios
|-resisted|p1a: Latios
|-damage|p1a: Latios|0 fnt
|faint|p1a: Latios
|
|
|switch|p1a: Keldeo|Keldeo|323\/323
|-damage|p1a: Keldeo|303\/323|[from] Stealth Rock
|turn|24
|c| Karxrida|Crit plz... oh wait YOU CAN'T CRIT
|
|move|p1a: Keldeo|Hydro Pump|p2a: Slowbro
|-resisted|p2a: Slowbro
|-damage|p2a: Slowbro|317\/386 par
|move|p2a: Slowbro|Scald|p1a: Keldeo
|-resisted|p1a: Keldeo
|-damage|p1a: Keldeo|150\/323
|
|turn|25
|c| TheUberTherian|u srsly have nothing  for bro
|c|★TheMundane|Lmao
|c|★TheMundane|this team is garb
|c| TheUberTherian|i can see
|
|move|p1a: Keldeo|Hydro Pump|p2a: Slowbro
|-resisted|p2a: Slowbro
|-damage|p2a: Slowbro|251\/386 par
|move|p2a: Slowbro|Scald|p1a: Keldeo
|-resisted|p1a: Keldeo
|-damage|p1a: Keldeo|0 fnt
|faint|p1a: Keldeo
|
|c|★TheMundane|Klefki is legit tho
|c| Karxrida|We're just testing Klefki. For Science
|
|switch|p1a: Landorus-Therian|Landorus-Therian, M|217\/379
|-damage|p1a: Landorus-Therian|170\/379|[from] Stealth Rock
|-ability|p1a: Landorus-Therian|Intimidate|[of] p2a: Slowbro
|-unboost|p2a: Slowbro|atk|1
|turn|26
|
|move|p1a: Landorus-Therian|Earthquake|p2a: Slowbro
|-damage|p2a: Slowbro|175\/386 par
|cant|p2a: Slowbro|par
|
|-heal|p1a: Landorus-Therian|193\/379|[from] item: Leftovers
|turn|27
|c| Karxrida|I need to get an alt called that for Testing
|
|move|p1a: Landorus-Therian|Earthquake|p2a: Slowbro
|-damage|p2a: Slowbro|96\/386 par
|move|p2a: Slowbro|Slack Off|p2a: Slowbro
|-heal|p2a: Slowbro|289\/386 par
|
|-heal|p1a: Landorus-Therian|216\/379|[from] item: Leftovers
|turn|28
|c| Karxrida|Double para plz
|
|move|p1a: Landorus-Therian|Earthquake|p2a: Slowbro
|-damage|p2a: Slowbro|216\/386 par
|move|p2a: Slowbro|Scald|p1a: Landorus-Therian
|-supereffective|p1a: Landorus-Therian
|-damage|p1a: Landorus-Therian|0 fnt
|faint|p1a: Landorus-Therian
|
|
|switch|p1a: Metagross|Metagross-Mega|225\/301
|-damage|p1a: Metagross|207\/301|[from] Stealth Rock
|turn|29
|
|move|p1a: Metagross|Meteor Mash|p2a: Slowbro
|-resisted|p2a: Slowbro
|-damage|p2a: Slowbro|159\/386 par
|cant|p2a: Slowbro|par
|
|turn|30
|
|move|p1a: Metagross|Zen Headbutt|p2a: Slowbro
|-resisted|p2a: Slowbro
|-damage|p2a: Slowbro|110\/386 par
|cant|p2a: Slowbro|par
|
|turn|31
|c| Karxrida|Cherry tap it!
|c| Karxrida|YES
|c| TheUberTherian|Lol
|c| Karxrida|KILL IT WITH YOUR HEAD
|
|move|p1a: Metagross|Zen Headbutt|p2a: Slowbro
|-resisted|p2a: Slowbro
|-damage|p2a: Slowbro|60\/386 par
|move|p2a: Slowbro|Slack Off|p2a: Slowbro
|-heal|p2a: Slowbro|253\/386 par
|
|turn|32
|c| TheUberTherian|serene grace
|c| Karxrida|FOR CLYDE
|c| TheUberTherian|meta
|c|★TheMundane|Lmao
|c| TheUberTherian|XD
|c|★TheMundane|stop
|
|move|p1a: Metagross|Zen Headbutt|p2a: Slowbro|[miss]
|-miss|p1a: Metagross|p2a: Slowbro
|cant|p2a: Slowbro|par
|
|turn|33
|
|move|p1a: Metagross|Zen Headbutt|p2a: Slowbro
|-resisted|p2a: Slowbro
|-damage|p2a: Slowbro|205\/386 par
|cant|p2a: Slowbro|par
|
|turn|34
|join|For the science
|c| Karxrida|Meteor Mash for Attack boosts
|
|switch|p2a: Ferrothorn|Ferrothorn, M|290\/290
|-damage|p2a: Ferrothorn|218\/290|[from] Spikes
|-damage|p2a: Ferrothorn|200\/290|[from] Stealth Rock
|move|p1a: Metagross|Zen Headbutt|p2a: Ferrothorn|[miss]
|-miss|p1a: Metagross|p2a: Ferrothorn
|
|turn|35
|c| TheUberTherian|god
|c| For the science|Here you go Karx :]
|c| TheUberTherian|he switched
|c| TheUberTherian|LOL
|
|move|p1a: Metagross|Hammer Arm|p2a: Ferrothorn
|-crit|p2a: Ferrothorn
|-supereffective|p2a: Ferrothorn
|-damage|p2a: Ferrothorn|0 fnt
|-damage|p1a: Metagross|170\/301|[from] ability: Iron Barbs|[of] p2a: Ferrothorn
|-damage|p1a: Metagross|120\/301|[from] item: Rocky Helmet|[of] p2a: Ferrothorn
|-unboost|p1a: Metagross|spe|1
|faint|p2a: Ferrothorn
|
|c| Karxrida|WHO ARE YOU
|c| thepack|Its me :P
|c| Karxrida|CLYDE?!?
|c| Karxrida|Oh.
|c| Karxrida|THank god
|
|switch|p2a: Heatran|Heatran, M|282\/323 par
|-damage|p2a: Heatran|242\/323 par|[from] Stealth Rock
|-damage|p2a: Heatran|162\/323 par|[from] Spikes
|turn|36
|c| thepack|Clyde is much more subtle
|c| Karxrida|I thought it was Clyde out to seek vengence
|c| TheUberTherian|Heatran ftw
|c|★TheMundane|This set has potential, but with a not half ass team, it can put in work
|c| TheUberTherian|Meta*
|
|move|p1a: Metagross|Hammer Arm|p2a: Heatran
|-supereffective|p2a: Heatran
|-damage|p2a: Heatran|0 fnt
|-unboost|p1a: Metagross|spe|1
|faint|p2a: Heatran
|
|join|THIS IS CLYDE
|c| Karxrida|Okay, you can totally BS your way past the rest of the team with enough hax
|c| Karxrida|FUCK
|c| THIS IS CLYDE|>:)
|c| TheUberTherian|LOL
|c| Karxrida|I'M SORRY FOR ALL THE HORRIBLE THINGS I DID
|c|★TheMundane|Thankfully I have bp
|
|switch|p2a: Latios|Latios, M|301\/301
|-damage|p2a: Latios|264\/301|[from] Stealth Rock
|turn|37
|c|★TheMundane|:]
|c| Karxrida|I'M SORRY ABOUT THE COAT
|c| Karxrida|AND THE CAR
|
|switch|p1a: Heatran|Heatran, M|283\/323
|-damage|p1a: Heatran|243\/323|[from] Stealth Rock
|move|p2a: Latios|Hidden Power|p1a: Heatran
|-start|p1a: Heatran|ability: Flash Fire
|
|turn|38
|c| THIS IS CLYDE|Too late.
|c| Karxrida|AND THAT BANNANA
|c| THIS IS CLYDE|Farewell.
|
|switch|p2a: Sylveon|Sylveon, M|331\/331
|-damage|p2a: Sylveon|249\/331|[from] Spikes
|-damage|p2a: Sylveon|208\/331|[from] Stealth Rock
|move|p1a: Heatran|Lava Plume|p2a: Sylveon
|-crit|p2a: Sylveon
|-damage|p2a: Sylveon|7\/331
|
|-heal|p2a: Sylveon|27\/331|[from] item: Leftovers
|turn|39
|c| TheUberTherian|Lol
|
|move|p1a: Heatran|Lava Plume|p2a: Sylveon
|-damage|p2a: Sylveon|0 fnt
|faint|p2a: Sylveon
|
|c| TheUberTherian|the hax
|c| THIS IS CLYDE|You know not what has happened, but now your hax will be doubled. :P
|c| Karxrida|I'm still here
|c| TheUberTherian|Inb4 mun actually wins
|c| Karxrida|Mine?
|
|switch|p2a: Weavile|Weavile, F|281\/281
|-damage|p2a: Weavile|211\/281|[from] Stealth Rock
|-damage|p2a: Weavile|141\/281|[from] Spikes
|-ability|p2a: Weavile|Pressure
|turn|40
|c| Karxrida|FUCK
|c| THIS IS CLYDE|Yes. Hehehe.
|
|move|p1a: Heatran|Lava Plume|p2a: Weavile
|-supereffective|p2a: Weavile
|-damage|p2a: Weavile|0 fnt
|faint|p2a: Weavile
|
|c|★TheMundane|Get rekt
|
|switch|p2a: Slowbro|Slowbro-Mega, F|205\/386 par
|-damage|p2a: Slowbro|109\/386 par|[from] Spikes
|-damage|p2a: Slowbro|61\/386 par|[from] Stealth Rock
|turn|41
|c| Karxrida|OMG
|c|★TheMundane|Lolol
|
|move|p1a: Heatran|Lava Plume|p2a: Slowbro
|-resisted|p2a: Slowbro
|-damage|p2a: Slowbro|0 fnt
|faint|p2a: Slowbro
|
|c| TheUberTherian|Kill it
|c| TheUberTherian|xD
|c| THIS IS CLYDE|My work is done.
|c| TheUberTherian|the setup helped
|-message|Tegawende forfeited.
|c| TheUberTherian|xD
|
|win|TheMundane
|raw|Ladder updating...
|leave|Tegawende
|player|p2
|raw|TheMundane's rating: 1615 &rarr; <strong>1632<\/strong><br \/>(+17 for winning)
|raw|Tegawende's rating: 1572 &rarr; <strong>1554<\/strong><br \/>(-18 for losing)
|leave|THIS IS CLYDE
|c| Karxrida|If you don't save the replay, I will
|c| TheUberTherian|wow
|c| TheUberTherian|lol