|join|ancestor de yutt
|join|WECAMEASROMANS
|join|Yuttt.annual
|c| Yuttt.annual|GO TEAM
|join|IAmGingy
|player|p1|ancestor de yutt|168
|player|p2|WECAMEASROMANS|170
|gametype|singles
|gen|6
|tier|OU
|clearpoke
|poke|p1|Gengar, M
|poke|p1|Keldeo
|poke|p1|Magnezone
|poke|p1|Serperior, F
|poke|p1|Metagross
|poke|p1|Seismitoad, M
|poke|p2|Victini
|poke|p2|Altaria, M
|poke|p2|Starmie
|poke|p2|Hippowdon, F
|poke|p2|Tangrowth, M
|poke|p2|Zapdos
|rule|Swagger Clause: Swagger is banned
|rule|Baton Pass Clause: Limit one Pokémon knowing Baton Pass
|rule|Sleep Clause Mod: Limit one foe put to sleep
|rule|Species Clause: Limit one of each Pokémon
|rule|OHKO Clause: OHKO moves are banned
|rule|Moody Clause: Moody is banned
|rule|Evasion Moves Clause: Evasion moves are banned
|rule|Endless Battle Clause: Forcing endless battles is banned
|rule|HP Percentage Mod: HP is shown in percentages
|teampreview
|join|Jemalio
|join|lol no pokeaim
|join|craing
|c| lol no pokeaim|we came as romans
|join|alt7777777
|join|Lady Biscotti
|c| lol no pokeaim|i'm going to be rooting for you this tourney
|join|tbh js imo
|c|★ancestor de yutt|fuckin ging
|c| lol no pokeaim|♥
|c|★ancestor de yutt|my secret friend tbh js imo has joined
|c|★ancestor de yutt|n n n n n b
|c| IAmGingy|<3
|c| Yuttt.annual|2 STEELS 2 WATERS 1 GRASS AND GENGAR TEAM
|c| Yuttt.annual|LETS GO
|c|★ancestor de yutt|weve be be beEEEN TIEMRED
|c|★ancestor de yutt|mate
|c|★ancestor de yutt|who to lead
|c|★ancestor de yutt|against vicitni
|
|start
|switch|p1a: Seismitoad|Seismitoad, M|414\/414
|switch|p2a: Hippowdon|Hippowdon, F|416\/416
|-weather|Sandstorm
|turn|1
|c| Yuttt.annual|do we KNOCK OUT
|c|★ancestor de yutt|knock oFF!
|
|switch|p2a: Starmie|Starmie|323\/323
|move|p1a: Seismitoad|Toxic|p2a: Starmie
|-status|p2a: Starmie|tox
|
|-weather|Sandstorm|[upkeep]
|-damage|p2a: Starmie|303\/323 tox|[from] sandstorm
|-heal|p2a: Starmie|323\/323 tox|[from] item: Leftovers
|-damage|p2a: Starmie|303\/323 tox|[from] psn
|turn|2
|c| Yuttt.annual|we GOTTEM?
|c|★ancestor de yutt|idk
|
|switch|p2a: Tangrowth|Tangrowth, M|403\/403
|move|p1a: Seismitoad|Stealth Rock|p2a: Tangrowth
|-sidestart|p2: WECAMEASROMANS|move: Stealth Rock
|
|-weather|Sandstorm|[upkeep]
|-damage|p2a: Tangrowth|378\/403|[from] sandstorm
|turn|3
|c|★ancestor de yutt|d d d d dd o we
|c|★ancestor de yutt|click the counter
|c|★ancestor de yutt|!data tangrowth
|c|~|\/data-pokemon Tangrowth

|c| Yuttt.annual|w w which one
|c|★ancestor de yutt|!data seismatoad
No Pokemon, item, move, ability or nature named 'seismatoad' was found. Showing the data of 'Seismitoad' instead.
|c|~|\/data-pokemon Seismitoad

|c| IAmGingy|reveal
|c|★ancestor de yutt|we take it
|c| IAmGingy|grass berry
|c|★ancestor de yutt|o wtf
|join|ninjatears4u
|c| IAmGingy|mirror coat
|c| Yuttt.annual|no we DONT
|c|★ancestor de yutt|this isnt poison type
|c|★ancestor de yutt|why did i give it
|c|★ancestor de yutt|sludge wave
|c| Yuttt.annual|IDK
|c|★ancestor de yutt|i thoguht it was pOISON
|c| Yuttt.annual|SLUDGE WAVE TOXIC
|c|★ancestor de yutt|TYPE
|c|★ancestor de yutt|ROFL
|c| Lady Biscotti|Because you were thinking Toxicroak? owo
|c|★ancestor de yutt|HAHAHAAHAH
|c|★ancestor de yutt|we dun GOOFED
|c| Yuttt.annual|do we run
|c| Yuttt.annual|earth power
|c| Yuttt.annual|or knock off
|c| Yuttt.annual|over sludge
|c|★ancestor de yutt|ah its ground type
|c|★ancestor de yutt|rofl
|
|switch|p1a: Gengar|Gengar, M|268\/268
|move|p2a: Tangrowth|Giga Drain|p1a: Gengar
|-resisted|p1a: Gengar
|-damage|p1a: Gengar|214\/268
|-heal|p2a: Tangrowth|403\/403|[from] drain|[of] p1a: Gengar
|
|-weather|Sandstorm|[upkeep]
|-damage|p1a: Gengar|198\/268|[from] sandstorm
|-damage|p2a: Tangrowth|378\/403|[from] sandstorm
|-heal|p1a: Gengar|214\/268|[from] item: Leftovers
|turn|4
|c| Yuttt.annual|do these run the
|c| Yuttt.annual|knock off
|c|★ancestor de yutt|those run knock ya
|c|★ancestor de yutt|well go emta
|c|★ancestor de yutt|here
|c|★ancestor de yutt|for the
|
|move|p1a: Gengar|Will-O-Wisp|p2a: Tangrowth
|-status|p2a: Tangrowth|brn
|move|p2a: Tangrowth|Knock Off|p1a: Gengar
|-supereffective|p1a: Gengar
|-damage|p1a: Gengar|98\/268
|-enditem|p1a: Gengar|Leftovers|[from] move: Knock Off|[of] p2a: Tangrowth
|
|-weather|Sandstorm|[upkeep]
|-damage|p1a: Gengar|82\/268|[from] sandstorm
|-damage|p2a: Tangrowth|353\/403 brn|[from] sandstorm
|-damage|p2a: Tangrowth|303\/403 brn|[from] brn
|turn|5
|c|★ancestor de yutt|fire punch
|c| Yuttt.annual|POWER
|c|★ancestor de yutt|what are damage
|c|★ancestor de yutt|should prob wisp here agian on his double
|c|★ancestor de yutt|to hippo?
|c|★ancestor de yutt|for the meta
|join|anchorage
|c|★ancestor de yutt|w w w w w whats the play
|c| Yuttt.annual|uh uh uhm
|c| Yuttt.annual|attack?
|c|★ancestor de yutt|nu
|c| Yuttt.annual|wait
|c| Yuttt.annual|can we sub
|leave|IAmGingy
|c| lol no pokeaim|adn
|c| lol no pokeaim|fdsgbvvvvvvvvvvvvvvvvvvvvvvvvvvvvvvvvvvvvvvvvvvvvvvvvvvvvvvvvvvvvvvvvvvvvvvvvvvvvv
|c|★ancestor de yutt|nu sand
|c|★ancestor de yutt|will slay us
|c|★ancestor de yutt|o WAIT
|c| Yuttt.annual|sand storm sohuhld run out
|c| Yuttt.annual|soon
|c| Yuttt.annual|ZAREL
|c|★ancestor de yutt|should we try to sub
|c| Yuttt.annual|WHAT DO WE DO
|c|★ancestor de yutt|idk if sand will stay
|c| Yuttt.annual|lets try
|c| Yuttt.annual|WAIT
|c| Yuttt.annual|he breaks
|c| lol no pokeaim|lol
|c|★ancestor de yutt|if I die
|c| Yuttt.annual|sub
|c| Yuttt.annual|i think
|c|★ancestor de yutt|so what
|c|★ancestor de yutt|we get some c c c c chpip damage
|c| Yuttt.annual|ATTACK him
|c|★ancestor de yutt|and maybe he doubles
|c| lol no pokeaim|stop telling your plans to each other over this chat you sandmeanie
|c|★ancestor de yutt|NUUUUU
|c|★ancestor de yutt|HES DOUBLING
|c| Yuttt.annual|OH
|join|Dark380
|c|★ancestor de yutt|tO HIPPO
|join|Ill leave
|c|★ancestor de yutt|HES DOUBLING TO JIPPO ON M META
|c| Yuttt.annual|TRIPLE TO SERPERIOR?
|c|★ancestor de yutt|mate
|c|★ancestor de yutt|YUS
|
|switch|p1a: Metagross|Metagross|301\/301
|move|p2a: Tangrowth|Knock Off|p1a: Metagross
|-supereffective|p1a: Metagross
|-damage|p1a: Metagross|261\/301
|
|-weather|none
|-damage|p2a: Tangrowth|253\/403 brn|[from] brn
|turn|6
|c|★ancestor de yutt|HE KNOCKED
|join|Kawhii Leonard
|c| Yuttt.annual|ALL THE TALK
|c|★ancestor de yutt|WCAR
|c|★ancestor de yutt|CMON
|c|★ancestor de yutt|MATE
|c| Yuttt.annual|SERPERIOR DOUBLE
|c| Yuttt.annual|ON STARMIE?
|c|★ancestor de yutt|no ice punch the zapdos
|
|switch|p1a: Serperior|Serperior, F|291\/291
|switch|p2a: Starmie|Starmie|303\/323
|-damage|p2a: Starmie|263\/323|[from] Stealth Rock
|
|-heal|p2a: Starmie|283\/323|[from] item: Leftovers
|turn|7
|c|★ancestor de yutt|!data starmie
|c|~|\/data-pokemon Starmie

|c| Yuttt.annual|g g g GOTTEM
|c|★ancestor de yutt|BRU
|c|★ancestor de yutt|IT OUTSPEED
|c|★ancestor de yutt|YOU FOOL
|c| Yuttt.annual|UH OH
|c| Yuttt.annual|HES LEFTIES THOGUH
|c|★ancestor de yutt|!data seriporio
No Pokemon, item, move, ability or nature named 'seriporio' was found. Showing the data of 'Serperior' instead.
|c|~|\/data-pokemon Serperior

|c| Yuttt.annual|WE SHOULD LIVE
|c|★ancestor de yutt|FAIR IS FAIR
|c| lol no pokeaim|jesus fucking christ shut the fuck up
|
|switch|p2a: Altaria|Altaria, M|353\/353
|-damage|p2a: Altaria|265\/353|[from] Stealth Rock
|move|p1a: Serperior|Leaf Storm|p2a: Altaria
|-resisted|p2a: Altaria
|-damage|p2a: Altaria|221\/353
|-boost|p1a: Serperior|spa|2
|-damage|p1a: Serperior|262\/291|[from] item: Life Orb
|
|turn|8
|c| lol no pokeaim|nobody cares
|c| Yuttt.annual|this MAN
|c| Yuttt.annual|its OUR BATTLE
|c|★ancestor de yutt|OOOOOO
|c|★ancestor de yutt|o fuck
|c| Yuttt.annual|WAIT
|c|★ancestor de yutt|that thing
|c|★ancestor de yutt|YUS
|c| Yuttt.annual|THE COUNTER
|c|★ancestor de yutt|WE CLICKED
|c|★ancestor de yutt|BUT UNCLICKED
|c|★ancestor de yutt|!!!
|c|★ancestor de yutt|we should taunt here
|c| Yuttt.annual|why
|c|★ancestor de yutt|hes d dacning
|c|★ancestor de yutt|or heal belling
|c|★ancestor de yutt|or some shit
|c|★ancestor de yutt|I THINK
|
|switch|p1a: Metagross|Metagross|261\/301
|detailschange|p2a: Altaria|Altaria-Mega, M
|-mega|p2a: Altaria|Altaria|Altarianite
|move|p2a: Altaria|Roost|p2a: Altaria
|-heal|p2a: Altaria|353\/353
|
|turn|9
|c| Yuttt.annual|why not go to megagross!!
|c| Yuttt.annual|oh
|c| alt7777777|He's Roosting
|c| Yuttt.annual|he ROOSTED
|c| alt7777777|2 late
|c|★ancestor de yutt|WHAT IS WCAR DOING
|
|switch|p1a: Serperior|Serperior, F|262\/291
|switch|p2a: Starmie|Starmie|283\/323
|-damage|p2a: Starmie|243\/323|[from] Stealth Rock
|
|-heal|p2a: Starmie|263\/323|[from] item: Leftovers
|turn|10
|c| Yuttt.annual|conTINUAL
|c| Yuttt.annual|doubles
|c|★ancestor de yutt|what do we do
|c|★ancestor de yutt|for the altar
|c| Yuttt.annual|keep doubling
|c|★ancestor de yutt|back to emta
|c|★ancestor de yutt|until
|c| Yuttt.annual|until rocks kill
|c|★ancestor de yutt|STARMIE DIES
|c|★ancestor de yutt|ROFL
|c| Yuttt.annual|YES
|c|★ancestor de yutt|THE PLAN!
|c| Yuttt.annual|ROFL
|c|★ancestor de yutt|yuuhhhhh
|c| Ill leave|to whoever said for these two to shut up i think its funny af hahaha
|join|Fairy Weak 2 Shad
|c|★ancestor de yutt|BRUUUU
|
|switch|p2a: Altaria|Altaria-Mega, M|353\/353
|-damage|p2a: Altaria|309\/353|[from] Stealth Rock
|move|p1a: Serperior|Leaf Storm|p2a: Altaria
|-resisted|p2a: Altaria
|-damage|p2a: Altaria|215\/353
|-boost|p1a: Serperior|spa|2
|-damage|p1a: Serperior|233\/291|[from] item: Life Orb
|
|turn|11
|c|★ancestor de yutt|TRUE POWER has
|c|★ancestor de yutt|yuet to be reveal
|c| Yuttt.annual|THAT WASNT
|c| Yuttt.annual|DOUBLE
|c|★ancestor de yutt|we cant double
|c|★ancestor de yutt|have to gun
|
|move|p1a: Serperior|Leaf Storm|p2a: Altaria|[miss]
|-miss|p1a: Serperior|p2a: Altaria
|move|p2a: Altaria|Roost|p2a: Altaria
|-heal|p2a: Altaria|353\/353
|
|turn|12
|c|★ancestor de yutt|for a play
|c| Yuttt.annual|NOOO
|c|★ancestor de yutt|UHHH
|c| Yuttt.annual|HE GOT US
|leave|Dark380
|c| Yuttt.annual|OUTSKILLLLLLED
|c|★ancestor de yutt|nuuuuu
|c|★ancestor de yutt|we cant stop megaalt
|c| Yuttt.annual|WE knocked OUT
|
|switch|p1a: Magnezone|Magnezone|281\/281
|move|p2a: Altaria|Earthquake|p1a: Magnezone
|-crit|p1a: Magnezone
|-supereffective|p1a: Magnezone
|-damage|p1a: Magnezone|0 fnt
|faint|p1a: Magnezone
|
|c| Yuttt.annual|HE
|c|★ancestor de yutt|omg
|c| Yuttt.annual|GOT US
|c| Yuttt.annual|OMG
|c|★ancestor de yutt|eaRTHWUAKE
|c|★ancestor de yutt|!data mega altaria
|c|~|\/data-pokemon Altaria-Mega

|join|Dread Plate
|c|★ancestor de yutt|nigga wha
|leave|lol no pokeaim
|c|★ancestor de yutt|well kill starm
|c|★ancestor de yutt|imo
|
|switch|p1a: Metagross|Metagross|261\/301
|turn|13
|c| Yuttt.annual|reveal
|c| Yuttt.annual|grass knot
|c|★ancestor de yutt|mash should kill
|c| Yuttt.annual|or DOUBLE AGAIN
|
|switch|p2a: Victini|Victini|404\/404
|-damage|p2a: Victini|303\/404|[from] Stealth Rock
|detailschange|p1a: Metagross|Metagross-Mega
|-mega|p1a: Metagross|Metagross|Metagrossite
|move|p1a: Metagross|Meteor Mash|p2a: Victini
|-resisted|p2a: Victini
|-damage|p2a: Victini|185\/404
|
|-heal|p2a: Victini|210\/404|[from] item: Leftovers
|turn|14
|c| Yuttt.annual|where is our EQ
|c| Yuttt.annual|cuz magnezone
|c|★ancestor de yutt|right here mate
|
|move|p1a: Metagross|Pursuit|p2a: Victini
|-supereffective|p2a: Victini
|-damage|p2a: Victini|88\/404
|move|p2a: Victini|Will-O-Wisp|p1a: Metagross
|-status|p1a: Metagross|brn
|
|-heal|p2a: Victini|113\/404|[from] item: Leftovers
|-damage|p1a: Metagross|224\/301 brn|[from] brn
|turn|15
|c|★ancestor de yutt|omg
|c| alt7777777|rekt
|c| Yuttt.annual|omg
|c|★ancestor de yutt|WHAT ARE WEAK
|c| Yuttt.annual|wtf u doin
|join|Sunshine 92
|c| Yuttt.annual|USE EQ
|c|★ancestor de yutt|WISP VICTINI
|c|★ancestor de yutt|this is m m m mMORE
|c|★ancestor de yutt|gimimiciik than thsi tema
|
|move|p1a: Metagross|Pursuit|p2a: Victini
|-supereffective|p2a: Victini
|-damage|p2a: Victini|39\/404
|move|p2a: Victini|V-create|p1a: Metagross
|-supereffective|p1a: Metagross
|-damage|p1a: Metagross|0 fnt
|-unboost|p2a: Victini|def|1
|-unboost|p2a: Victini|spd|1
|-unboost|p2a: Victini|spe|1
|faint|p1a: Metagross
|
|-heal|p2a: Victini|64\/404|[from] item: Leftovers
|c| Yuttt.annual|can SERPREIROR
|c| Yuttt.annual|SWEEP
|leave|alt7777777
|leave|Sunshine 92
|c|★ancestor de yutt|how does serp
|c|★ancestor de yutt|kill mega alt
|
|switch|p1a: Gengar|Gengar, M|82\/268
|turn|16
|c| Yuttt.annual|dont MISS
|join|Here to gg
|c| Ill leave|hp fairy?
|c|★ancestor de yutt|OOOOOOOOOO
|c|★ancestor de yutt|hp steel
|c| Ill leave|tru
|
|switch|p2a: Hippowdon|Hippowdon, F|416\/416
|-damage|p2a: Hippowdon|390\/416|[from] Stealth Rock
|-weather|Sandstorm
|move|p1a: Gengar|Hex|p2a: Hippowdon
|-damage|p2a: Hippowdon|257\/416
|
|-weather|Sandstorm|[upkeep]
|-damage|p1a: Gengar|66\/268|[from] sandstorm
|-heal|p2a: Hippowdon|283\/416|[from] item: Leftovers
|turn|17
|c|★ancestor de yutt|wait
|c|★ancestor de yutt|is fairy
|c|★ancestor de yutt|se on mega alt
|c| Yuttt.annual|yes
|join|Rob
|leave|Here to gg
|c|★ancestor de yutt|ooooooooooooooooooo
|
|switch|p2a: Victini|Victini|64\/404
|-damage|p2a: Victini|0 fnt|[from] Stealth Rock
|faint|p2a: Victini
|move|p1a: Gengar|Taunt|p2: Victini|[notarget]
|-notarget
|
|-weather|Sandstorm|[upkeep]
|-damage|p1a: Gengar|50\/268|[from] sandstorm
|c|★ancestor de yutt|we cna run
|c|★ancestor de yutt|hp fary
|c|★ancestor de yutt|then
|
|switch|p2a: Starmie|Starmie|263\/323
|-damage|p2a: Starmie|223\/323|[from] Stealth Rock
|turn|18
|c|★ancestor de yutt|instead of dpulse
|c| Yuttt.annual|but
|c| Yuttt.annual|hp ground
|c| Yuttt.annual|'-'
|
|switch|p1a: Seismitoad|Seismitoad, M|414\/414
|move|p2a: Starmie|Scald|p1a: Seismitoad
|-immune|p1a: Seismitoad|[msg]
|
|-weather|Sandstorm|[upkeep]
|-damage|p2a: Starmie|203\/323|[from] sandstorm
|-heal|p2a: Starmie|223\/323|[from] item: Leftovers
|turn|19
|c|★ancestor de yutt|we already slay tran
|c|★ancestor de yutt|seimatoad
|
|move|p2a: Starmie|Rapid Spin|p1a: Seismitoad
|-damage|p1a: Seismitoad|406\/414
|-sideend|p2: WECAMEASROMANS|Stealth Rock|[from] move: Rapid Spin|[of] p2a: Starmie
|move|p1a: Seismitoad|Sludge Wave|p2a: Starmie
|-damage|p2a: Starmie|155\/323
|
|-weather|Sandstorm|[upkeep]
|-damage|p2a: Starmie|135\/323|[from] sandstorm
|-heal|p2a: Starmie|155\/323|[from] item: Leftovers
|-heal|p1a: Seismitoad|414\/414|[from] item: Leftovers
|turn|20
|c|★ancestor de yutt|can achieve
|c| Yuttt.annual|wait
|c|★ancestor de yutt|imo
|c| Yuttt.annual|i dont think
|c|★ancestor de yutt|omg
|c| Yuttt.annual|there is a hp fairy
|c|★ancestor de yutt|what damage
|c| Yuttt.annual|at all
|c|★ancestor de yutt|!data hidden power fairy
No Pokemon, item, move, ability or nature named 'hidden power fairy' was found. Showing the data of 'Hidden Power Fire' instead.
|c|~|\/data-move Hidden Power Fire

|c|★ancestor de yutt|uhh
|c|★ancestor de yutt|o
|c|★ancestor de yutt|nbm
|c| Yuttt.annual|rofl sludge wave
|
|move|p2a: Starmie|Recover|p2a: Starmie
|-heal|p2a: Starmie|317\/323
|move|p1a: Seismitoad|Toxic|p2a: Starmie|[miss]
|-miss|p1a: Seismitoad|p2a: Starmie
|
|-weather|none
|-heal|p2a: Starmie|323\/323|[from] item: Leftovers
|turn|21
|c| Yuttt.annual|wow
|c| Yuttt.annual|wcar
|c| Yuttt.annual|stop haxking
|
|switch|p2a: Tangrowth|Tangrowth, M|387\/403 brn
|move|p1a: Seismitoad|Stealth Rock|p2a: Tangrowth
|-sidestart|p2: WECAMEASROMANS|move: Stealth Rock
|
|-damage|p2a: Tangrowth|337\/403 brn|[from] brn
|turn|22
|c|★ancestor de yutt|i think semiaquaketoad
|c|★ancestor de yutt|can achieve
|c| Yuttt.annual|we would have BEAT mega altaria
|c| Yuttt.annual|if we hadn't MISSED
|c|★ancestor de yutt|no we woudlnt have
|c|★ancestor de yutt|wait
|c| Yuttt.annual|YES
|c|★ancestor de yutt|how
|c| Yuttt.annual|he roosted
|c|★ancestor de yutt|HOW
|c|★ancestor de yutt|so what
|c| Yuttt.annual|we did 50%
|c| Yuttt.annual|after CONTRARY
|c| Yuttt.annual|and then EVEN MORE
|c|★ancestor de yutt|that woulda done like
|leave|tbh js imo
|c|★ancestor de yutt|40
|c| Yuttt.annual|after second
|c| Yuttt.annual|it did 27%
|c|★ancestor de yutt|first one did
|c|★ancestor de yutt|lie 20
|c| Yuttt.annual|with no contrary
|c| Yuttt.annual|27%
|c|★ancestor de yutt|ooo
|c| Yuttt.annual|It's not very effective... The opposing Altaria lost 27% of its health!
|
|switch|p1a: Serperior|Serperior, F|233\/291
|move|p2a: Tangrowth|Giga Drain|p1a: Serperior
|-resisted|p1a: Serperior
|-damage|p1a: Serperior|185\/291
|-heal|p2a: Tangrowth|361\/403 brn|[from] drain|[of] p1a: Serperior
|
|-damage|p2a: Tangrowth|311\/403 brn|[from] brn
|turn|23
|c|★ancestor de yutt|my b my b
|c| Yuttt.annual|then we did 54%
|c|★ancestor de yutt|i will train better
|c| Yuttt.annual|then 81%
|c| Yuttt.annual|yeah
|c| Yuttt.annual|next time tran harder
|
|move|p1a: Serperior|Leaf Storm|p2a: Tangrowth
|-resisted|p2a: Tangrowth
|-damage|p2a: Tangrowth|225\/403 brn
|-boost|p1a: Serperior|spa|2
|-damage|p1a: Serperior|156\/291|[from] item: Life Orb
|move|p2a: Tangrowth|Hidden Power|p1a: Serperior
|-supereffective|p1a: Serperior
|-damage|p1a: Serperior|50\/291
|
|-damage|p2a: Tangrowth|175\/403 brn|[from] brn
|turn|24
|c| Ill leave|do you have giga
|c|★ancestor de yutt|oo giga
|c|★ancestor de yutt|is an option
|c| Yuttt.annual|giga over dpulse?
|c|★ancestor de yutt|we run taint
|c|★ancestor de yutt|and d pulse
|c|★ancestor de yutt|idk WHY
|c|★ancestor de yutt|YTUT
|c| Yuttt.annual|or over taunt
|c| Yuttt.annual|RUN GIGA OVER TAUNT?
|
|switch|p2a: Altaria|Altaria-Mega, M|353\/353
|-damage|p2a: Altaria|309\/353|[from] Stealth Rock
|move|p1a: Serperior|Leaf Storm|p2a: Altaria
|-resisted|p2a: Altaria
|-damage|p2a: Altaria|110\/353
|-boost|p1a: Serperior|spa|2
|-damage|p1a: Serperior|21\/291|[from] item: Life Orb
|
|turn|25
|c| Yuttt.annual|SEE
|c|★ancestor de yutt|fuckin
|c|★ancestor de yutt|lorb damage
|c| Yuttt.annual|WE WOULD HAVE BEAT
|c|★ancestor de yutt|will kill us
|c| Yuttt.annual|IF
|c|★ancestor de yutt|o wow
|c| Yuttt.annual|YOU TRAINED
|c|★ancestor de yutt|serp is nb
|c|★ancestor de yutt|WE DIDNT HAVE TIME
|c| Ill leave|giga would have won the game
|c|★ancestor de yutt|TO TRIAN
|c| Ill leave|js
|c|★ancestor de yutt|NIGGA
|c| Yuttt.annual|NEXT TIME
|c| Yuttt.annual|WE WILL TRAIN
|c|★ancestor de yutt|N N N NEXT TIME
|
|move|p1a: Serperior|Leaf Storm|p2a: Altaria
|-resisted|p2a: Altaria
|-damage|p2a: Altaria|0 fnt
|-boost|p1a: Serperior|spa|2
|-damage|p1a: Serperior|0 fnt|[from] item: Life Orb
|faint|p2a: Altaria
|faint|p1a: Serperior
|
|join|asdfCookie
|c| Yuttt.annual|powerFUL
|c| Yuttt.annual|can we STILL WIN
|c| Yuttt.annual|??
|c|★ancestor de yutt|the toad
|c|★ancestor de yutt|needs tangrowth
|c|★ancestor de yutt|to b b b b egone
|join|Avarice87
|c| Yuttt.annual|keldeo cant break the t t t tangrowth
|c|★ancestor de yutt|AVA!
|c| Yuttt.annual|and gengar loses to SAND
|c|★ancestor de yutt|rofl
|c|★ancestor de yutt|smells like a
|c| Yuttt.annual|sludge wave
|c| Avarice87|Hey
|c|★ancestor de yutt|conundrum
|c| Yuttt.annual|on tangrowth switch in
|c| Yuttt.annual|!!!
|
|switch|p1a: Keldeo|Keldeo|323\/323
|switch|p2a: Tangrowth|Tangrowth, M|309\/403 brn
|-damage|p2a: Tangrowth|259\/403 brn|[from] Stealth Rock
|turn|26
|c| Avarice87|I know you, right?
|c|★ancestor de yutt|its joomate
|c| Yuttt.annual|why not
|c|★ancestor de yutt|wazghuud
|c| Yuttt.annual|GENGAR
|c| Yuttt.annual|Lead
|c|★ancestor de yutt|CUZ IT WAS OBV TANGROWTH
|c|★ancestor de yutt|i thought he go
|c|★ancestor de yutt|STARMIEl
|c|★ancestor de yutt|like a RELA man
|c| Yuttt.annual|stop WHY
|c| Avarice87|Joo I'm trying to get good again but I'm rustier as fck
|c| Avarice87|fuck
|
|move|p1a: Keldeo|Icy Wind|p2a: Tangrowth
|-supereffective|p2a: Tangrowth
|-damage|p2a: Tangrowth|155\/403 brn
|-unboost|p2a: Tangrowth|spe|1
|move|p2a: Tangrowth|Giga Drain|p1a: Keldeo
|-supereffective|p1a: Keldeo
|-damage|p1a: Keldeo|95\/323
|-heal|p2a: Tangrowth|269\/403 brn|[from] drain|[of] p1a: Keldeo
|
|-damage|p2a: Tangrowth|219\/403 brn|[from] brn
|turn|27
|leave|craing
|c| Yuttt.annual|he GIGAD
|c|★ancestor de yutt|ouch
|leave|Kawhii Leonard
|c|★ancestor de yutt|no we see if tangrowth can sludge
|c| Avarice87|I finally have a decent team though
|c|★ancestor de yutt|his way
|c| Yuttt.annual|double to gengar
|c| Yuttt.annual|on starmie
|
|switch|p1a: Gengar|Gengar, M|50\/268
|move|p2a: Tangrowth|Giga Drain|p1a: Gengar
|-crit|p1a: Gengar
|-resisted|p1a: Gengar
|-damage|p1a: Gengar|0 fnt
|-heal|p2a: Tangrowth|244\/403 brn|[from] drain|[of] p1a: Gengar
|faint|p1a: Gengar
|
|-damage|p2a: Tangrowth|194\/403 brn|[from] brn
|c|★ancestor de yutt|!data tangrowth
|c|~|\/data-pokemon Tangrowth

|c| Yuttt.annual|this MAN
|c| Yuttt.annual|CRITS
|c|★ancestor de yutt|NUUUUUUUUUUUUUU
|c| Yuttt.annual|MY GHOSTING POWERS
|leave|Rob
|c| Yuttt.annual|NOOOOOUUUUU
|
|switch|p1a: Seismitoad|Seismitoad, M|414\/414
|turn|28
|c|★ancestor de yutt|you Uy u ha aha hahaVE faileD US
|c| Avarice87|My penis smells like sandalwood
|c|★ancestor de yutt|whoa there aca
|c| Yuttt.annual|nex tTIME
|c|★ancestor de yutt|ava
|c| Avarice87|I mean uh what
|
|move|p1a: Seismitoad|Sludge Wave|p2a: Tangrowth
|-supereffective|p2a: Tangrowth
|-damage|p2a: Tangrowth|90\/403 brn
|move|p2a: Tangrowth|Giga Drain|p1a: Seismitoad
|-supereffective|p1a: Seismitoad
|-damage|p1a: Seismitoad|0 fnt
|-heal|p2a: Tangrowth|297\/403 brn|[from] drain|[of] p1a: Seismitoad
|faint|p1a: Seismitoad
|
|-damage|p2a: Tangrowth|247\/403 brn|[from] brn
|c| Yuttt.annual|we TRAIN HARDER
|join|808 & Heartbreak
|c|★ancestor de yutt|BOMG
|c|★ancestor de yutt|WHAT IF THIS WAS
|c|★ancestor de yutt|POISON TYPE
|c| Yuttt.annual|IF ONLY
|
|switch|p1a: Keldeo|Keldeo|95\/323
|turn|29
|c|★ancestor de yutt|GG YO
|c|★ancestor de yutt|silent WCAR
|leave|ninjatears4u
|c| Avarice87|Icy Wind that bitch
|
|move|p1a: Keldeo|Hydro Pump|p2a: Tangrowth
|-resisted|p2a: Tangrowth
|-damage|p2a: Tangrowth|161\/403 brn
|move|p2a: Tangrowth|Giga Drain|p1a: Keldeo
|-supereffective|p1a: Keldeo
|-damage|p1a: Keldeo|0 fnt
|-heal|p2a: Tangrowth|209\/403 brn|[from] drain|[of] p1a: Keldeo
|faint|p1a: Keldeo
|
|win|WECAMEASROMANS
|c|★WECAMEASROMANS|gg
|c| Avarice87|for supereffective damage
|leave|WECAMEASROMANS
|c|★ancestor de yutt|HUE
|leave|Yuttt.annual
|leave|ancestor de yutt
|player|p2
|player|p1
|leave|808 & Heartbreak
|leave|Avarice87
|leave|anchorage
|leave|Ill leave
|join|ninjatears4u
|leave|ninjatears4u
|leave|Dread Plate
|leave|Lady Biscotti
|join|Fuck Dice