|join|WECAMEASROMANS
|join|leremyju
|player|p1|WECAMEASROMANS|101
|player|p2|leremyju|29
|gametype|singles
|gen|6
|tier|OU
|rated
|clearpoke
|poke|p1|Thundurus, M
|poke|p1|Hippowdon, F
|poke|p1|Celebi
|poke|p1|Victini
|poke|p1|Lopunny, M
|poke|p1|Latios, M
|poke|p2|Keldeo
|poke|p2|Venusaur, M
|poke|p2|Thundurus, M
|poke|p2|Heatran, M
|poke|p2|Mandibuzz, F
|poke|p2|Landorus-Therian, M
|rule|Swagger Clause: Swagger is banned
|rule|Baton Pass Clause: Limit one Pokémon knowing Baton Pass
|rule|Sleep Clause Mod: Limit one foe put to sleep
|rule|Species Clause: Limit one of each Pokémon
|rule|OHKO Clause: OHKO moves are banned
|rule|Moody Clause: Moody is banned
|rule|Evasion Moves Clause: Evasion moves are banned
|rule|Endless Battle Clause: Forcing endless battles is banned
|rule|HP Percentage Mod: HP is shown in percentages
|teampreview
|c|★leremyju|Herro
|c|★WECAMEASROMANS|hai n_n
|c|★leremyju|Team u gave me is shit on by special altaria
|
|start
|switch|p1a: Thundurus|Thundurus, M|305\/305
|switch|p2a: Bolin|Landorus-Therian, M|319\/319
|-ability|p2a: Bolin|Intimidate|[of] p1a: Thundurus
|-unboost|p1a: Thundurus|atk|1
|turn|1
|
|switch|p1a: Hippowdon|Hippowdon, F|416\/416
|move|p2a: Bolin|U-turn|p1a: Hippowdon
|-damage|p1a: Hippowdon|359\/416
|
|switch|p2a: Korra|Keldeo|323\/323
|
|-heal|p1a: Hippowdon|385\/416|[from] item: Leftovers
|turn|2
|
|switch|p2a: Bolin|Landorus-Therian, M|319\/319
|-ability|p2a: Bolin|Intimidate|[of] p1a: Hippowdon
|-unboost|p1a: Hippowdon|atk|1
|switch|p1a: Celebi|Celebi|404\/404
|
|turn|3
|
|switch|p1a: Hippowdon|Hippowdon, F|385\/416
|move|p2a: Bolin|U-turn|p1a: Hippowdon
|-damage|p1a: Hippowdon|323\/416
|
|switch|p2a: Korra|Keldeo|323\/323
|
|-heal|p1a: Hippowdon|349\/416|[from] item: Leftovers
|turn|4
|
|switch|p1a: Celebi|Celebi|404\/404
|move|p2a: Korra|Scald|p1a: Celebi
|-resisted|p1a: Celebi
|-damage|p1a: Celebi|347\/404
|
|-heal|p1a: Celebi|372\/404|[from] item: Leftovers
|turn|5
|
|switch|p2a: Venusami|Venusaur, M|359\/359
|move|p1a: Celebi|Baton Pass|p1a: Celebi
|c|★leremyju|Not bad
|c|★leremyju|Does v kill
|
|switch|p1a: Latios|Latios, M|299\/299
|
|turn|6
|
|switch|p1a: Hippowdon|Hippowdon, F|349\/416
|switch|p2a: Zuko|Heatran, M|386\/386
|
|-heal|p1a: Hippowdon|375\/416|[from] item: Leftovers
|turn|7
|join|I'm Virus (~'o')~
|c| I'm Virus (~'o')~|hi wcar
|c|★WECAMEASROMANS|hai
|
|move|p2a: Zuko|Toxic|p1a: Hippowdon
|-status|p1a: Hippowdon|tox
|move|p1a: Hippowdon|Stealth Rock|p2a: Zuko
|-sidestart|p2: leremyju|move: Stealth Rock
|
|-heal|p1a: Hippowdon|401\/416 tox|[from] item: Leftovers
|-damage|p1a: Hippowdon|375\/416 tox|[from] psn
|turn|8
|
|switch|p2a: Bolin|Landorus-Therian, M|319\/319
|-damage|p2a: Bolin|280\/319|[from] Stealth Rock
|-ability|p2a: Bolin|Intimidate|[of] p1a: Hippowdon
|-unboost|p1a: Hippowdon|atk|1
|move|p1a: Hippowdon|Earthquake|p2a: Bolin
|-immune|p2a: Bolin|[msg]
|
|-heal|p1a: Hippowdon|401\/416 tox|[from] item: Leftovers
|-damage|p1a: Hippowdon|349\/416 tox|[from] psn
|turn|9
|c| I'm Virus (~'o')~|i still remember a while ago people called you cancer for voting no ban on gren n_n
|
|switch|p1a: Thundurus|Thundurus, M|305\/305
|move|p2a: Bolin|U-turn|p1a: Thundurus
|-resisted|p1a: Thundurus
|-damage|p1a: Thundurus|248\/305
|
|switch|p2a: Mako|Thundurus, M|299\/299
|-damage|p2a: Mako|225\/299|[from] Stealth Rock
|
|-heal|p1a: Thundurus|267\/305|[from] item: Leftovers
|turn|10
|c|★leremyju|Lezgo
|
|switch|p1a: Hippowdon|Hippowdon, F|349\/416 tox
|move|p2a: Mako|Thunderbolt|p1a: Hippowdon
|-immune|p1a: Hippowdon|[msg]
|
|-heal|p1a: Hippowdon|375\/416 tox|[from] item: Leftovers
|-damage|p1a: Hippowdon|349\/416 tox|[from] psn
|turn|11
|c|★leremyju|Would have said no too
|c|★leremyju|Hmmm..
|c|★leremyju|Average plays
|
|switch|p2a: Venusami|Venusaur, M|359\/359
|-damage|p2a: Venusami|315\/359|[from] Stealth Rock
|move|p1a: Hippowdon|Stone Edge|p2a: Venusami|[miss]
|-miss|p1a: Hippowdon|p2a: Venusami
|
|-heal|p1a: Hippowdon|375\/416 tox|[from] item: Leftovers
|-damage|p1a: Hippowdon|323\/416 tox|[from] psn
|turn|12
|c| I'm Virus (~'o')~|nec minute in wcar's head
|
|switch|p1a: Latios|Latios, M|299\/299
|detailschange|p2a: Venusami|Venusaur-Mega, M
|-mega|p2a: Venusami|Venusaur|Venusaurite
|move|p2a: Venusami|Sludge Bomb|p1a: Latios
|-damage|p1a: Latios|145\/299
|-status|p1a: Latios|psn
|
|-damage|p1a: Latios|108\/299 psn|[from] psn
|turn|13
|join|Wolf Bros
|c| I'm Virus (~'o')~|be installing a calculator in there
|c| I'm Virus (~'o')~|imo
|
|switch|p1a: Thundurus|Thundurus, M|267\/305
|switch|p2a: Zuko|Heatran, M|386\/386
|-damage|p2a: Zuko|338\/386|[from] Stealth Rock
|
|-heal|p1a: Thundurus|286\/305|[from] item: Leftovers
|-heal|p2a: Zuko|362\/386|[from] item: Leftovers
|turn|14
|
|move|p1a: Thundurus|Nasty Plot|p1a: Thundurus
|-boost|p1a: Thundurus|spa|2
|move|p2a: Zuko|Stealth Rock|p1a: Thundurus
|-sidestart|p1: WECAMEASROMANS|move: Stealth Rock
|
|-heal|p1a: Thundurus|305\/305|[from] item: Leftovers
|-heal|p2a: Zuko|386\/386|[from] item: Leftovers
|turn|15
|join|MonoConvergence
|
|move|p1a: Thundurus|Thunderbolt|p2a: Zuko
|-damage|p2a: Zuko|190\/386
|move|p2a: Zuko|Lava Plume|p1a: Thundurus
|-damage|p1a: Thundurus|149\/305
|-status|p1a: Thundurus|brn
|
|-heal|p1a: Thundurus|168\/305 brn|[from] item: Leftovers
|-heal|p2a: Zuko|214\/386|[from] item: Leftovers
|-damage|p1a: Thundurus|130\/305 brn|[from] brn
|turn|16
|c|★leremyju|Fk
|
|move|p1a: Thundurus|Thunderbolt|p2a: Zuko
|-damage|p2a: Zuko|19\/386
|move|p2a: Zuko|Lava Plume|p1a: Thundurus
|-damage|p1a: Thundurus|0 fnt
|faint|p1a: Thundurus
|
|-heal|p2a: Zuko|43\/386|[from] item: Leftovers
|
|switch|p1a: Lopunny|Lopunny, M|271\/271
|-damage|p1a: Lopunny|238\/271|[from] Stealth Rock
|turn|17
|
|detailschange|p1a: Lopunny|Lopunny-Mega, M
|-mega|p1a: Lopunny|Lopunny|Lopunnite
|move|p1a: Lopunny|Power-Up Punch|p2a: Zuko
|-supereffective|p2a: Zuko
|-damage|p2a: Zuko|0 fnt
|-boost|p1a: Lopunny|atk|1
|faint|p2a: Zuko
|
|
|switch|p2a: Mako|Thundurus, M|225\/299
|-damage|p2a: Mako|151\/299|[from] Stealth Rock
|turn|18
|
|switch|p1a: Hippowdon|Hippowdon, F|323\/416 tox
|-damage|p1a: Hippowdon|297\/416 tox|[from] Stealth Rock
|move|p2a: Mako|Nasty Plot|p2a: Mako
|-boost|p2a: Mako|spa|2
|
|-heal|p1a: Hippowdon|323\/416 tox|[from] item: Leftovers
|-damage|p1a: Hippowdon|297\/416 tox|[from] psn
|turn|19
|
|move|p2a: Mako|Hidden Power|p1a: Hippowdon
|-supereffective|p1a: Hippowdon
|-damage|p1a: Hippowdon|0 fnt
|-damage|p2a: Mako|122\/299|[from] item: Life Orb
|faint|p1a: Hippowdon
|
|
|switch|p1a: Lopunny|Lopunny-Mega, M|238\/271
|-damage|p1a: Lopunny|222\/271|[from] Stealth Rock
|turn|20
|
|move|p2a: Mako|Thunder Wave|p1a: Lopunny
|-status|p1a: Lopunny|par
|move|p1a: Lopunny|Return|p2a: Mako
|-damage|p2a: Mako|0 fnt
|faint|p2a: Mako
|
|
|switch|p2a: Korra|Keldeo|323\/323
|-damage|p2a: Korra|303\/323|[from] Stealth Rock
|turn|21
|
|switch|p2a: Bolin|Landorus-Therian, M|280\/319
|-damage|p2a: Bolin|241\/319|[from] Stealth Rock
|-ability|p2a: Bolin|Intimidate|[of] p1a: Lopunny
|-unboost|p1a: Lopunny|atk|1
|switch|p1a: Celebi|Celebi|372\/404
|-damage|p1a: Celebi|322\/404|[from] Stealth Rock
|
|-heal|p1a: Celebi|347\/404|[from] item: Leftovers
|turn|22
|
|switch|p1a: Lopunny|Lopunny-Mega, M|222\/271 par
|-damage|p1a: Lopunny|206\/271 par|[from] Stealth Rock
|move|p2a: Bolin|U-turn|p1a: Lopunny
|-resisted|p1a: Lopunny
|-damage|p1a: Lopunny|159\/271 par
|
|switch|p2a: Venusami|Venusaur-Mega, M|315\/359
|-damage|p2a: Venusami|271\/359|[from] Stealth Rock
|
|turn|23
|
|switch|p1a: Latios|Latios, M|108\/299 psn
|-damage|p1a: Latios|71\/299 psn|[from] Stealth Rock
|move|p2a: Venusami|Sludge Bomb|p1a: Latios
|-damage|p1a: Latios|0 fnt
|faint|p1a: Latios
|
|
|switch|p1a: Victini|Victini|369\/369
|-damage|p1a: Victini|277\/369|[from] Stealth Rock
|turn|24
|
|switch|p2a: mAANGdibuzz|Mandibuzz, F|423\/423
|-damage|p2a: mAANGdibuzz|318\/423|[from] Stealth Rock
|move|p1a: Victini|Substitute|p1a: Victini
|-start|p1a: Victini|Substitute
|-damage|p1a: Victini|185\/369
|
|-heal|p1a: Victini|208\/369|[from] item: Leftovers
|-heal|p2a: mAANGdibuzz|344\/423|[from] item: Leftovers
|turn|25
|c| I'm Virus (~'o')~|nu lati
|
|move|p1a: Victini|Power-Up Punch|p2a: mAANGdibuzz
|-crit|p2a: mAANGdibuzz
|-damage|p2a: mAANGdibuzz|297\/423
|-boost|p1a: Victini|atk|1
|move|p2a: mAANGdibuzz|Foul Play|p1a: Victini
|-supereffective|p1a: Victini
|-end|p1a: Victini|Substitute
|
|-heal|p1a: Victini|231\/369|[from] item: Leftovers
|-heal|p2a: mAANGdibuzz|323\/423|[from] item: Leftovers
|turn|26
|c|★leremyju|Fk
|
|move|p1a: Victini|Bolt Strike|p2a: mAANGdibuzz
|-supereffective|p2a: mAANGdibuzz
|-damage|p2a: mAANGdibuzz|9\/423
|move|p2a: mAANGdibuzz|Foul Play|p1a: Victini
|-supereffective|p1a: Victini
|-damage|p1a: Victini|0 fnt
|faint|p1a: Victini
|
|-heal|p2a: mAANGdibuzz|35\/423|[from] item: Leftovers
|
|switch|p1a: Lopunny|Lopunny-Mega, M|159\/271 par
|-damage|p1a: Lopunny|143\/271 par|[from] Stealth Rock
|turn|27
|c|★leremyju|Yush
|
|move|p2a: mAANGdibuzz|Roost|p2a: mAANGdibuzz
|-heal|p2a: mAANGdibuzz|247\/423
|move|p1a: Lopunny|High Jump Kick|p2a: mAANGdibuzz
|-supereffective|p2a: mAANGdibuzz
|-damage|p2a: mAANGdibuzz|0 fnt
|faint|p2a: mAANGdibuzz
|
|
|switch|p2a: Venusami|Venusaur-Mega, M|271\/359
|-damage|p2a: Venusami|227\/359|[from] Stealth Rock
|turn|28
|
|move|p2a: Venusami|Sludge Bomb|p1a: Lopunny
|-damage|p1a: Lopunny|0 fnt
|faint|p1a: Lopunny
|
|
|switch|p1a: Celebi|Celebi|347\/404
|-damage|p1a: Celebi|297\/404|[from] Stealth Rock
|turn|29
|
|move|p1a: Celebi|Giga Drain|p2a: Venusami
|-resisted|p2a: Venusami
|-damage|p2a: Venusami|208\/359
|-heal|p1a: Celebi|307\/404|[from] drain|[of] p2a: Venusami
|move|p2a: Venusami|Sludge Bomb|p1a: Celebi
|-supereffective|p1a: Celebi
|-damage|p1a: Celebi|23\/404
|
|-heal|p1a: Celebi|48\/404|[from] item: Leftovers
|turn|30
|
|move|p1a: Celebi|Giga Drain|p2a: Venusami
|-resisted|p2a: Venusami
|-damage|p2a: Venusami|188\/359
|-heal|p1a: Celebi|58\/404|[from] drain|[of] p2a: Venusami
|move|p2a: Venusami|Sludge Bomb|p1a: Celebi
|-supereffective|p1a: Celebi
|-damage|p1a: Celebi|0 fnt
|faint|p1a: Celebi
|
|win|leremyju
|raw|Ladder updating...
|leave|WECAMEASROMANS
|player|p1
|raw|WECAMEASROMANS's rating: 1543 &rarr; <strong>1517<\/strong><br \/>(-26 for losing)
|raw|leremyju's rating: 1438 &rarr; <strong>1464<\/strong><br \/>(+26 for winning)
|c|★leremyju|Gg