|join|shifty
|join|WECAMEASROMANS
|player|p1|shifty|265
|player|p2|WECAMEASROMANS|9
|gametype|singles
|gen|6
|tier|OU
|rated
|clearpoke
|poke|p1|Keldeo
|poke|p1|Charizard, F
|poke|p1|Ferrothorn, M
|poke|p1|Tyranitar, M
|poke|p1|Excadrill, F
|poke|p1|Venusaur, F
|poke|p2|Victini
|poke|p2|Altaria, F
|poke|p2|Starmie
|poke|p2|Hippowdon, M
|poke|p2|Tangrowth, F
|poke|p2|Zapdos
|rule|Swagger Clause: Swagger is banned
|rule|Baton Pass Clause: Limit one Pokémon knowing Baton Pass
|rule|Sleep Clause Mod: Limit one foe put to sleep
|rule|Species Clause: Limit one of each Pokémon
|rule|OHKO Clause: OHKO moves are banned
|rule|Moody Clause: Moody is banned
|rule|Evasion Moves Clause: Evasion moves are banned
|rule|Endless Battle Clause: Forcing endless battles is banned
|rule|HP Percentage Mod: HP is shown in percentages
|teampreview
|
|start
|switch|p1a: Charizard|Charizard, F|297\/297
|switch|p2a: Hippowdon|Hippowdon, M|416\/416
|-weather|Sandstorm
|turn|1
|
|switch|p2a: Altaria|Altaria, F|353\/353
|detailschange|p1a: Charizard|Charizard-Mega-Y, F
|-mega|p1a: Charizard|Charizard|Charizardite Y
|-weather|SunnyDay
|move|p1a: Charizard|Flamethrower|p2a: Altaria
|-resisted|p2a: Altaria
|-damage|p2a: Altaria|239\/353
|
|-weather|SunnyDay|[upkeep]
|turn|2
|
|switch|p1a: Ferrothorn|Ferrothorn, M|351\/351
|detailschange|p2a: Altaria|Altaria-Mega, F
|-mega|p2a: Altaria|Altaria|Altarianite
|move|p2a: Altaria|Roost|p2a: Altaria
|-heal|p2a: Altaria|353\/353
|
|-weather|SunnyDay|[upkeep]
|turn|3
|
|switch|p2a: Victini|Victini|393\/393
|move|p1a: Ferrothorn|Protect|p1a: Ferrothorn
|-fail|p1a: Ferrothorn
|
|-weather|SunnyDay|[upkeep]
|turn|4
|join|All Together Now
|
|move|p1a: Ferrothorn|Protect|p1a: Ferrothorn
|-singleturn|p1a: Ferrothorn|Protect
|move|p2a: Victini|Will-O-Wisp|p1a: Ferrothorn
|-activate|p1a: Ferrothorn|Protect
|
|-weather|SunnyDay|[upkeep]
|turn|5
|
|switch|p1a: Tyranitar|Tyranitar, M|403\/403
|-weather|Sandstorm
|move|p2a: Victini|Will-O-Wisp|p1a: Tyranitar
|-status|p1a: Tyranitar|brn
|
|-weather|Sandstorm|[upkeep]
|-damage|p2a: Victini|369\/393|[from] sandstorm
|-heal|p2a: Victini|393\/393|[from] item: Leftovers
|-damage|p1a: Tyranitar|353\/403 brn|[from] brn
|turn|6
|join|Alldaalts
|
|move|p1a: Tyranitar|Pursuit|p2a: Victini|[from]Pursuit
|-supereffective|p2a: Victini
|-damage|p2a: Victini|139\/393
|switch|p2a: Hippowdon|Hippowdon, M|416\/416
|
|-weather|Sandstorm|[upkeep]
|-damage|p1a: Tyranitar|303\/403 brn|[from] brn
|turn|7
|
|switch|p1a: Keldeo|Keldeo|323\/323
|move|p2a: Hippowdon|Stealth Rock|p1a: Keldeo
|-sidestart|p1: shifty|move: Stealth Rock
|
|-weather|Sandstorm|[upkeep]
|-damage|p1a: Keldeo|303\/323|[from] sandstorm
|turn|8
|
|switch|p1a: Excadrill|Excadrill, F|361\/361
|-damage|p1a: Excadrill|350\/361|[from] Stealth Rock
|switch|p2a: Tangrowth|Tangrowth, F|403\/403
|
|-weather|Sandstorm|[upkeep]
|-damage|p2a: Tangrowth|378\/403|[from] sandstorm
|turn|9
|
|move|p1a: Excadrill|Iron Head|p2a: Tangrowth
|-damage|p2a: Tangrowth|217\/403
|-damage|p1a: Excadrill|314\/361|[from] item: Life Orb
|move|p2a: Tangrowth|Earthquake|p1a: Excadrill
|-supereffective|p1a: Excadrill
|-damage|p1a: Excadrill|90\/361
|
|-weather|none
|turn|10
|
|move|p1a: Excadrill|Rapid Spin|p2a: Tangrowth
|-damage|p2a: Tangrowth|190\/403
|-sideend|p1: shifty|Stealth Rock|[from] move: Rapid Spin|[of] p1a: Excadrill
|-damage|p1a: Excadrill|54\/361|[from] item: Life Orb
|move|p2a: Tangrowth|Giga Drain|p1a: Excadrill
|-damage|p1a: Excadrill|0 fnt
|-heal|p2a: Tangrowth|217\/403|[from] drain|[of] p1a: Excadrill
|faint|p1a: Excadrill
|
|
|switch|p1a: Charizard|Charizard-Mega-Y, F|297\/297
|-weather|SunnyDay
|turn|11
|
|switch|p2a: Altaria|Altaria-Mega, F|353\/353
|move|p1a: Charizard|Flamethrower|p2a: Altaria
|-resisted|p2a: Altaria
|-damage|p2a: Altaria|239\/353
|
|-weather|SunnyDay|[upkeep]
|turn|12
|
|move|p1a: Charizard|Focus Blast|p2a: Altaria
|-resisted|p2a: Altaria
|-damage|p2a: Altaria|172\/353
|move|p2a: Altaria|Roost|p2a: Altaria
|-heal|p2a: Altaria|349\/353
|
|-weather|SunnyDay|[upkeep]
|turn|13
|c|★shifty|why are all high ranked teams 6 defensive mons :(
|
|move|p1a: Charizard|Flamethrower|p2a: Altaria
|-resisted|p2a: Altaria
|-damage|p2a: Altaria|222\/353
|-status|p2a: Altaria|brn
|move|p2a: Altaria|Dragon Dance|p2a: Altaria
|-boost|p2a: Altaria|atk|1
|-boost|p2a: Altaria|spe|1
|
|-weather|SunnyDay|[upkeep]
|-damage|p2a: Altaria|178\/353 brn|[from] brn
|turn|14
|
|switch|p1a: Ferrothorn|Ferrothorn, M|351\/351
|move|p2a: Altaria|Roost|p2a: Altaria
|-heal|p2a: Altaria|353\/353 brn
|
|-weather|SunnyDay|[upkeep]
|-damage|p2a: Altaria|309\/353 brn|[from] brn
|turn|15
|
|switch|p2a: Victini|Victini|139\/393
|move|p1a: Ferrothorn|Stealth Rock|p2a: Victini
|-sidestart|p2: WECAMEASROMANS|move: Stealth Rock
|
|-weather|none
|-heal|p2a: Victini|163\/393|[from] item: Leftovers
|turn|16
|
|switch|p1a: Tyranitar|Tyranitar, M|303\/403 brn
|-weather|Sandstorm
|move|p2a: Victini|Power-Up Punch|p1a: Tyranitar
|-supereffective|p1a: Tyranitar
|-damage|p1a: Tyranitar|151\/403 brn
|-boost|p2a: Victini|atk|1
|
|-weather|Sandstorm|[upkeep]
|-damage|p2a: Victini|139\/393|[from] sandstorm
|-heal|p2a: Victini|163\/393|[from] item: Leftovers
|-damage|p1a: Tyranitar|101\/403 brn|[from] brn
|turn|17
|
|switch|p1a: Ferrothorn|Ferrothorn, M|351\/351
|move|p2a: Victini|Power-Up Punch|p1a: Ferrothorn
|-supereffective|p1a: Ferrothorn
|-damage|p1a: Ferrothorn|269\/351
|-damage|p2a: Victini|114\/393|[from] ability: Iron Barbs|[of] p1a: Ferrothorn
|-damage|p2a: Victini|49\/393|[from] item: Rocky Helmet|[of] p1a: Ferrothorn
|-boost|p2a: Victini|atk|1
|
|-weather|Sandstorm|[upkeep]
|-damage|p2a: Victini|25\/393|[from] sandstorm
|-heal|p2a: Victini|49\/393|[from] item: Leftovers
|turn|18
|
|move|p2a: Victini|V-create|p1a: Ferrothorn
|-supereffective|p1a: Ferrothorn
|-damage|p1a: Ferrothorn|0 fnt
|-damage|p2a: Victini|0 fnt|[from] ability: Iron Barbs|[of] p1a: Ferrothorn
|faint|p2a: Victini
|faint|p1a: Ferrothorn
|
|-weather|Sandstorm|[upkeep]
|
|switch|p2a: Starmie|Starmie|261\/261
|switch|p1a: Charizard|Charizard-Mega-Y, F|297\/297
|-damage|p2a: Starmie|229\/261|[from] Stealth Rock
|-weather|SunnyDay
|turn|19
|leave|Alldaalts
|
|move|p2a: Starmie|Rapid Spin|p1a: Charizard
|-damage|p1a: Charizard|283\/297
|-sideend|p2: WECAMEASROMANS|Stealth Rock|[from] move: Rapid Spin|[of] p2a: Starmie
|-damage|p2a: Starmie|203\/261|[from] item: Life Orb
|move|p1a: Charizard|Solar Beam|p2a: Starmie|[still]
|-prepare|p1a: Charizard|Solar Beam|p2a: Starmie
|-anim|p1a: Charizard|Solar Beam|p2a: Starmie
|-supereffective|p2a: Starmie
|-damage|p2a: Starmie|0 fnt
|faint|p2a: Starmie
|
|-weather|SunnyDay|[upkeep]
|
|switch|p2a: Zapdos|Zapdos|371\/371
|-ability|p2a: Zapdos|Pressure
|turn|20
|
|switch|p1a: Tyranitar|Tyranitar, M|101\/403 brn
|-weather|Sandstorm
|move|p2a: Zapdos|Thunderbolt|p1a: Tyranitar
|-damage|p1a: Tyranitar|0 fnt
|faint|p1a: Tyranitar
|
|-weather|Sandstorm|[upkeep]
|-damage|p2a: Zapdos|348\/371|[from] sandstorm
|-heal|p2a: Zapdos|371\/371|[from] item: Leftovers
|
|switch|p1a: Venusaur|Venusaur, F|364\/364
|turn|21
|
|move|p2a: Zapdos|Heat Wave|p1a: Venusaur
|-supereffective|p1a: Venusaur
|-damage|p1a: Venusaur|174\/364
|move|p1a: Venusaur|Sludge Bomb|p2a: Zapdos
|-crit|p2a: Zapdos
|-damage|p2a: Zapdos|208\/371
|
|-weather|Sandstorm|[upkeep]
|-damage|p2a: Zapdos|185\/371|[from] sandstorm
|-damage|p1a: Venusaur|152\/364|[from] sandstorm
|-heal|p2a: Zapdos|208\/371|[from] item: Leftovers
|-heal|p1a: Venusaur|174\/364|[from] item: Leftovers
|turn|22
|
|move|p2a: Zapdos|Roost|p2a: Zapdos
|-heal|p2a: Zapdos|371\/371
|move|p1a: Venusaur|Sludge Bomb|p2a: Zapdos
|-damage|p2a: Zapdos|260\/371
|
|-weather|Sandstorm|[upkeep]
|-damage|p2a: Zapdos|237\/371|[from] sandstorm
|-damage|p1a: Venusaur|152\/364|[from] sandstorm
|-heal|p2a: Zapdos|260\/371|[from] item: Leftovers
|-heal|p1a: Venusaur|174\/364|[from] item: Leftovers
|turn|23
|
|switch|p1a: Charizard|Charizard-Mega-Y, F|283\/297
|-weather|SunnyDay
|move|p2a: Zapdos|Heat Wave|p1a: Charizard
|-resisted|p1a: Charizard
|-damage|p1a: Charizard|201\/297
|
|-weather|SunnyDay|[upkeep]
|-heal|p2a: Zapdos|283\/371|[from] item: Leftovers
|turn|24
|
|switch|p2a: Altaria|Altaria-Mega, F|309\/353 brn
|move|p1a: Charizard|Flamethrower|p2a: Altaria
|-resisted|p2a: Altaria
|-damage|p2a: Altaria|177\/353 brn
|
|-weather|SunnyDay|[upkeep]
|-damage|p2a: Altaria|133\/353 brn|[from] brn
|turn|25
|
|move|p1a: Charizard|Flamethrower|p2a: Altaria
|-resisted|p2a: Altaria
|-damage|p2a: Altaria|14\/353 brn
|move|p2a: Altaria|Roost|p2a: Altaria
|-heal|p2a: Altaria|191\/353 brn
|
|-weather|SunnyDay|[upkeep]
|-damage|p2a: Altaria|147\/353 brn|[from] brn
|turn|26
|
|switch|p1a: Venusaur|Venusaur, F|174\/364
|move|p2a: Altaria|Roost|p2a: Altaria
|-heal|p2a: Altaria|324\/353 brn
|
|-weather|SunnyDay|[upkeep]
|-heal|p1a: Venusaur|196\/364|[from] item: Leftovers
|-damage|p2a: Altaria|280\/353 brn|[from] brn
|turn|27
|
|switch|p2a: Hippowdon|Hippowdon, M|416\/416
|-weather|Sandstorm
|move|p1a: Venusaur|Sludge Bomb|p2a: Hippowdon
|-resisted|p2a: Hippowdon
|-damage|p2a: Hippowdon|352\/416
|
|-weather|Sandstorm|[upkeep]
|-damage|p1a: Venusaur|174\/364|[from] sandstorm
|-heal|p1a: Venusaur|196\/364|[from] item: Leftovers
|-heal|p2a: Hippowdon|378\/416|[from] item: Leftovers
|turn|28
|
|switch|p2a: Zapdos|Zapdos|283\/371
|-ability|p2a: Zapdos|Pressure
|move|p1a: Venusaur|Giga Drain|p2a: Zapdos
|-resisted|p2a: Zapdos
|-damage|p2a: Zapdos|236\/371
|-heal|p1a: Venusaur|220\/364|[from] drain|[of] p2a: Zapdos
|
|-weather|Sandstorm|[upkeep]
|-damage|p2a: Zapdos|213\/371|[from] sandstorm
|-damage|p1a: Venusaur|198\/364|[from] sandstorm
|-heal|p2a: Zapdos|236\/371|[from] item: Leftovers
|-heal|p1a: Venusaur|220\/364|[from] item: Leftovers
|turn|29
|
|switch|p1a: Keldeo|Keldeo|303\/323
|move|p2a: Zapdos|Thunderbolt|p1a: Keldeo
|-supereffective|p1a: Keldeo
|-damage|p1a: Keldeo|0 fnt
|faint|p1a: Keldeo
|
|-weather|Sandstorm|[upkeep]
|-damage|p2a: Zapdos|213\/371|[from] sandstorm
|-heal|p2a: Zapdos|236\/371|[from] item: Leftovers
|
|switch|p1a: Charizard|Charizard-Mega-Y, F|201\/297
|-weather|SunnyDay
|turn|30
|
|switch|p2a: Hippowdon|Hippowdon, M|378\/416
|-weather|Sandstorm
|move|p1a: Charizard|Flamethrower|p2a: Hippowdon
|-damage|p2a: Hippowdon|168\/416
|
|-weather|Sandstorm|[upkeep]
|-damage|p1a: Charizard|183\/297|[from] sandstorm
|-heal|p2a: Hippowdon|194\/416|[from] item: Leftovers
|turn|31
|
|switch|p2a: Altaria|Altaria-Mega, F|280\/353 brn
|move|p1a: Charizard|Flamethrower|p2a: Altaria
|-resisted|p2a: Altaria
|-damage|p2a: Altaria|199\/353 brn
|
|-weather|Sandstorm|[upkeep]
|-damage|p1a: Charizard|165\/297|[from] sandstorm
|-damage|p2a: Altaria|177\/353 brn|[from] sandstorm
|-damage|p2a: Altaria|133\/353 brn|[from] brn
|turn|32
|
|switch|p1a: Venusaur|Venusaur, F|220\/364
|move|p2a: Altaria|Roost|p2a: Altaria
|-heal|p2a: Altaria|310\/353 brn
|
|-weather|Sandstorm|[upkeep]
|-damage|p2a: Altaria|288\/353 brn|[from] sandstorm
|-damage|p1a: Venusaur|198\/364|[from] sandstorm
|-heal|p1a: Venusaur|220\/364|[from] item: Leftovers
|-damage|p2a: Altaria|244\/353 brn|[from] brn
|turn|33
|
|switch|p2a: Zapdos|Zapdos|236\/371
|-ability|p2a: Zapdos|Pressure
|switch|p1a: Charizard|Charizard-Mega-Y, F|165\/297
|-weather|SunnyDay
|
|-weather|SunnyDay|[upkeep]
|-heal|p2a: Zapdos|259\/371|[from] item: Leftovers
|turn|34
|
|switch|p2a: Altaria|Altaria-Mega, F|244\/353 brn
|move|p1a: Charizard|Flamethrower|p2a: Altaria
|-resisted|p2a: Altaria
|-damage|p2a: Altaria|113\/353 brn
|
|-weather|SunnyDay|[upkeep]
|-damage|p2a: Altaria|69\/353 brn|[from] brn
|turn|35
|
|switch|p2a: Hippowdon|Hippowdon, M|194\/416
|-weather|Sandstorm
|move|p1a: Charizard|Flamethrower|p2a: Hippowdon
|-damage|p2a: Hippowdon|0 fnt
|faint|p2a: Hippowdon
|
|-weather|Sandstorm|[upkeep]
|-damage|p1a: Charizard|147\/297|[from] sandstorm
|
|switch|p2a: Zapdos|Zapdos|259\/371
|-ability|p2a: Zapdos|Pressure
|turn|36
|
|switch|p1a: Venusaur|Venusaur, F|220\/364
|move|p2a: Zapdos|Roost|p2a: Zapdos
|-heal|p2a: Zapdos|371\/371
|
|-weather|Sandstorm|[upkeep]
|-damage|p2a: Zapdos|348\/371|[from] sandstorm
|-damage|p1a: Venusaur|198\/364|[from] sandstorm
|-heal|p2a: Zapdos|371\/371|[from] item: Leftovers
|-heal|p1a: Venusaur|220\/364|[from] item: Leftovers
|turn|37
|
|move|p2a: Zapdos|Heat Wave|p1a: Venusaur
|-supereffective|p1a: Venusaur
|-damage|p1a: Venusaur|36\/364
|move|p1a: Venusaur|Synthesis|p1a: Venusaur
|-heal|p1a: Venusaur|127\/364
|
|-weather|Sandstorm|[upkeep]
|-damage|p2a: Zapdos|348\/371|[from] sandstorm
|-damage|p1a: Venusaur|105\/364|[from] sandstorm
|-heal|p2a: Zapdos|371\/371|[from] item: Leftovers
|-heal|p1a: Venusaur|127\/364|[from] item: Leftovers
|turn|38
|
|move|p2a: Zapdos|Heat Wave|p1a: Venusaur
|-miss|p2a: Zapdos|p1a: Venusaur
|move|p1a: Venusaur|Sludge Bomb|p2a: Zapdos
|-damage|p2a: Zapdos|265\/371
|-status|p2a: Zapdos|psn
|
|-weather|Sandstorm|[upkeep]
|-damage|p2a: Zapdos|242\/371 psn|[from] sandstorm
|-damage|p1a: Venusaur|105\/364|[from] sandstorm
|-heal|p2a: Zapdos|265\/371 psn|[from] item: Leftovers
|-heal|p1a: Venusaur|127\/364|[from] item: Leftovers
|-damage|p2a: Zapdos|219\/371 psn|[from] psn
|turn|39
|
|move|p2a: Zapdos|Heat Wave|p1a: Venusaur
|-supereffective|p1a: Venusaur
|-damage|p1a: Venusaur|0 fnt
|faint|p1a: Venusaur
|
|-weather|none
|-heal|p2a: Zapdos|242\/371 psn|[from] item: Leftovers
|-damage|p2a: Zapdos|196\/371 psn|[from] psn
|
|switch|p1a: Charizard|Charizard-Mega-Y, F|147\/297
|-weather|SunnyDay
|turn|40
|
|switch|p2a: Altaria|Altaria-Mega, F|69\/353 brn
|move|p1a: Charizard|Flamethrower|p2a: Altaria
|-resisted|p2a: Altaria
|-damage|p2a: Altaria|0 fnt
|faint|p2a: Altaria
|
|-weather|SunnyDay|[upkeep]
|
|switch|p2a: Tangrowth|Tangrowth, F|351\/403
|turn|41
|
|move|p1a: Charizard|Flamethrower|p2a: Tangrowth
|-supereffective|p2a: Tangrowth
|-damage|p2a: Tangrowth|0 fnt
|faint|p2a: Tangrowth
|
|-weather|SunnyDay|[upkeep]
|
|switch|p2a: Zapdos|Zapdos|196\/371 psn
|-ability|p2a: Zapdos|Pressure
|turn|42
|
|move|p1a: Charizard|Flamethrower|p2a: Zapdos
|-damage|p2a: Zapdos|0 fnt
|faint|p2a: Zapdos
|
|win|shifty
|raw|Ladder updating...
|raw|shifty's rating: 1594 &rarr; <strong>1621<\/strong><br \/>(+27 for winning)
|raw|WECAMEASROMANS's rating: 1724 &rarr; <strong>1696<\/strong><br \/>(-28 for losing)
|leave|WECAMEASROMANS
|player|p2
|leave|shifty
|player|p1