|join|Leprosy
|join|Hugg Wild
|player|p1|Leprosy|1
|player|p2|Hugg Wild|169
|gametype|singles
|gen|6
|tier|UU
|rated
|rule|Sleep Clause Mod: Limit one foe put to sleep
|rule|Species Clause: Limit one of each Pokémon
|rule|OHKO Clause: OHKO moves are banned
|rule|Moody Clause: Moody is banned
|rule|Evasion Moves Clause: Evasion moves are banned
|rule|Endless Battle Clause: Forcing endless battles is banned
|rule|HP Percentage Mod: HP is shown in percentages
|clearpoke
|poke|p1|Hydreigon, F
|poke|p1|Beedrill, M
|poke|p1|Darmanitan, M
|poke|p1|Absol, F
|poke|p1|Hippowdon, F
|poke|p1|Alomomola, M
|poke|p2|Reuniclus, F, shiny
|poke|p2|Spiritomb, M, shiny
|poke|p2|Machamp, M
|poke|p2|Sharpedo, F
|poke|p2|Swampert, F
|poke|p2|Froslass, F
|rule|Swagger Clause: Swagger is banned
|rule|Baton Pass Clause: Limit one Pokémon knowing Baton Pass
|teampreview
|
|start
|switch|p1a: Beedrill|Beedrill, M|271\/271
|switch|p2a: Spiritomb|Spiritomb, M, shiny|284\/284
|turn|1
|
|detailschange|p1a: Beedrill|Beedrill-Mega, M
|message|Beedrill has Mega Evolved into Mega Beedrill!
|move|p2a: Spiritomb|Sucker Punch|p1a: Beedrill
|-damage|p1a: Beedrill|0 fnt
|faint|p1a: Beedrill
|
|-message|Leprosy forfeited.
|
|win|Hugg Wild
|raw|Ladder updating...
|leave|Leprosy
|player|p1