|join|Nice Watch
|join|Hugg Wild
|player|p1|Nice Watch|290
|player|p2|Hugg Wild|125
|gametype|singles
|gen|6
|tier|UU
|rated
|rule|Sleep Clause Mod: Limit one foe put to sleep
|rule|Species Clause: Limit one of each Pokémon
|rule|OHKO Clause: OHKO moves are banned
|rule|Moody Clause: Moody is banned
|rule|Evasion Moves Clause: Evasion moves are banned
|rule|Endless Battle Clause: Forcing endless battles is banned
|rule|HP Percentage Mod: HP is shown in percentages
|clearpoke
|poke|p1|Beedrill, F
|poke|p1|Magneton
|poke|p1|Suicune
|poke|p1|Forretress, M
|poke|p1|Mienshao, F
|poke|p1|Shaymin
|poke|p2|Sharpedo, F
|poke|p2|Machamp, F
|poke|p2|Reuniclus, M, shiny
|poke|p2|Froslass, F
|poke|p2|Swampert, F
|poke|p2|Spiritomb, F, shiny
|rule|Swagger Clause: Swagger is banned
|rule|Baton Pass Clause: Limit one Pokémon knowing Baton Pass
|teampreview
|
|start
|switch|p1a: Beedrill|Beedrill, F|271\/271
|switch|p2a: Spiritomb|Spiritomb, F, shiny|294\/294
|turn|1
|
|detailschange|p1a: Beedrill|Beedrill-Mega, F
|message|Beedrill has Mega Evolved into Mega Beedrill!
|move|p2a: Spiritomb|Sucker Punch|p1a: Beedrill
|-damage|p1a: Beedrill|0 fnt
|faint|p1a: Beedrill
|
|
|switch|p1a: Forretress|Forretress, M|291\/291
|turn|2
|
|move|p2a: Spiritomb|Taunt|p1a: Forretress
|-start|p1a: Forretress|move: Taunt
|cant|p1a: Forretress|move: Taunt|Stealth Rock
|
|turn|3
|-message|Nice Watch forfeited.
|
|win|Hugg Wild
|raw|Ladder updating...
|leave|Nice Watch
|player|p1
|raw|Nice Watch's rating: 1414 &rarr; <strong>1399<\/strong><br \/>(-15 for losing)
|raw|Hugg Wild's rating: 1489 &rarr; <strong>1504<\/strong><br \/>(+15 for winning)