|join|Hugg Wild
|join|Famous bandit
|player|p1|Hugg Wild|125
|player|p2|Famous bandit|131
|gametype|singles
|gen|6
|tier|UU
|rated
|rule|Sleep Clause Mod: Limit one foe put to sleep
|rule|Species Clause: Limit one of each Pokémon
|rule|OHKO Clause: OHKO moves are banned
|rule|Moody Clause: Moody is banned
|rule|Evasion Moves Clause: Evasion moves are banned
|rule|Endless Battle Clause: Forcing endless battles is banned
|rule|HP Percentage Mod: HP is shown in percentages
|clearpoke
|poke|p1|Sharpedo, F
|poke|p1|Machamp, M
|poke|p1|Reuniclus, F, shiny
|poke|p1|Froslass, F
|poke|p1|Swampert, M
|poke|p1|Spiritomb, F, shiny
|poke|p2|Jirachi
|poke|p2|Blastoise, M
|poke|p2|Lucario, M
|poke|p2|Hydreigon, M
|poke|p2|Shaymin
|poke|p2|Arcanine, F
|rule|Swagger Clause: Swagger is banned
|rule|Baton Pass Clause: Limit one Pokémon knowing Baton Pass
|teampreview
|
|start
|switch|p1a: Froslass|Froslass, F|344\/344
|switch|p2a: Jirachi|Jirachi|341\/341
|turn|1
|
|move|p2a: Jirachi|Iron Head|p1a: Froslass
|-supereffective|p1a: Froslass
|-damage|p1a: Froslass|8\/344
|cant|p1a: Froslass|flinch
|
|turn|2
|
|switch|p1a: Swampert|Swampert, M|403\/403
|move|p2a: Jirachi|Iron Head|p1a: Swampert
|-resisted|p1a: Swampert
|-damage|p1a: Swampert|360\/403
|
|-heal|p1a: Swampert|385\/403|[from] item: Leftovers
|turn|3
|
|switch|p2a: Shaymin|Shaymin|404\/404
|move|p1a: Swampert|Stealth Rock|p2a: Shaymin
|-sidestart|p2: Famous bandit|move: Stealth Rock
|
|-heal|p1a: Swampert|403\/403|[from] item: Leftovers
|turn|4
|
|switch|p1a: Machamp|Machamp, M|364\/364
|move|p2a: Shaymin|Seed Flare|p1a: Machamp
|-damage|p1a: Machamp|226\/364
|
|turn|5
|
|switch|p2a: Arcanine|Arcanine, F|384\/384
|-damage|p2a: Arcanine|288\/384|[from] Stealth Rock
|-ability|p2a: Arcanine|Intimidate|[of] p1a: Machamp
|-unboost|p1a: Machamp|atk|1
|move|p1a: Machamp|Knock Off|p2a: Arcanine
|-damage|p2a: Arcanine|213\/384
|-enditem|p2a: Arcanine|Leftovers|[from] move: Knock Off|[of] p1a: Machamp
|
|turn|6
|
|move|p2a: Arcanine|Toxic|p1a: Machamp
|-status|p1a: Machamp|tox
|move|p1a: Machamp|Close Combat|p2a: Arcanine
|-damage|p2a: Arcanine|9\/384
|-unboost|p1a: Machamp|def|1
|-unboost|p1a: Machamp|spd|1
|
|-damage|p1a: Machamp|204\/364 tox|[from] psn
|turn|7
|
|move|p1a: Machamp|Bullet Punch|p2a: Arcanine
|-resisted|p2a: Arcanine
|-damage|p2a: Arcanine|0 fnt
|faint|p2a: Arcanine
|
|-damage|p1a: Machamp|160\/364 tox|[from] psn
|
|switch|p2a: Shaymin|Shaymin|404\/404
|-damage|p2a: Shaymin|354\/404|[from] Stealth Rock
|turn|8
|
|move|p2a: Shaymin|Psychic|p1a: Machamp
|-supereffective|p1a: Machamp
|-damage|p1a: Machamp|0 fnt
|faint|p1a: Machamp
|
|-heal|p2a: Shaymin|379\/404|[from] item: Leftovers
|
|switch|p1a: Reuniclus|Reuniclus, F, shiny|409\/409
|turn|9
|
|move|p2a: Shaymin|Seed Flare|p1a: Reuniclus
|-damage|p1a: Reuniclus|177\/409
|-unboost|p1a: Reuniclus|spd|2
|move|p1a: Reuniclus|Trick Room|p1a: Reuniclus
|-fieldstart|move: Trick Room|[of] p1a: Reuniclus
|
|-heal|p2a: Shaymin|404\/404|[from] item: Leftovers
|turn|10
|
|switch|p1a: Spiritomb|Spiritomb, F, shiny|294\/294
|move|p2a: Shaymin|Seed Flare|p1a: Spiritomb
|-damage|p1a: Spiritomb|119\/294
|
|turn|11
|
|move|p1a: Spiritomb|Will-O-Wisp|p2a: Shaymin
|-status|p2a: Shaymin|brn
|move|p2a: Shaymin|Dazzling Gleam|p1a: Spiritomb
|-supereffective|p1a: Spiritomb
|-damage|p1a: Spiritomb|0 fnt
|faint|p1a: Spiritomb
|
|-damage|p2a: Shaymin|354\/404 brn|[from] brn
|
|switch|p1a: Froslass|Froslass, F|8\/344
|turn|12
|c|★Hugg Wild|shit
|c|★Hugg Wild|misclick
|c|★Hugg Wild|meant to bring out sharp
|c|★Hugg Wild|oh well
|
|move|p2a: Shaymin|Rest|p2a: Shaymin
|-status|p2a: Shaymin|slp
|-heal|p2a: Shaymin|404\/404 slp|[silent]
|-status|p2a: Shaymin|slp|[from] move: Rest
|move|p1a: Froslass|Destiny Bond|p1a: Froslass
|-singlemove|p1a: Froslass|Destiny Bond
|
|turn|13
|
|cant|p2a: Shaymin|slp
|move|p1a: Froslass|Spikes|p2a: Shaymin
|-sidestart|p2: Famous bandit|Spikes
|
|-fieldend|move: Trick Room
|turn|14
|
|switch|p2a: Jirachi|Jirachi|341\/341
|-damage|p2a: Jirachi|320\/341|[from] Stealth Rock
|-damage|p2a: Jirachi|278\/341|[from] Spikes
|move|p1a: Froslass|Spikes|p2a: Jirachi
|-sidestart|p2: Famous bandit|Spikes
|
|turn|15
|
|switch|p1a: Swampert|Swampert, M|403\/403
|move|p2a: Jirachi|Iron Head|p1a: Swampert
|-resisted|p1a: Swampert
|-damage|p1a: Swampert|358\/403
|
|-heal|p1a: Swampert|383\/403|[from] item: Leftovers
|turn|16
|
|switch|p2a: Blastoise|Blastoise, M|358\/358
|-damage|p2a: Blastoise|299\/358|[from] Spikes
|-damage|p2a: Blastoise|255\/358|[from] Stealth Rock
|move|p1a: Swampert|Roar|p2a: Blastoise
|drag|p2a: Hydreigon|Hydreigon, M|325\/325
|-damage|p2a: Hydreigon|285\/325|[from] Stealth Rock
|
|-heal|p1a: Swampert|403\/403|[from] item: Leftovers
|turn|17
|
|switch|p1a: Froslass|Froslass, F|8\/344
|move|p2a: Hydreigon|Draco Meteor|p1a: Froslass
|-damage|p1a: Froslass|0 fnt
|-unboost|p2a: Hydreigon|spa|2
|faint|p1a: Froslass
|
|
|switch|p1a: Sharpedo|Sharpedo, F|281\/281
|turn|18
|
|switch|p2a: Shaymin|Shaymin|404\/404
|-damage|p2a: Shaymin|337\/404|[from] Spikes
|-damage|p2a: Shaymin|287\/404|[from] Stealth Rock
|move|p1a: Sharpedo|Crunch|p2a: Shaymin
|-damage|p2a: Shaymin|149\/404
|-unboost|p2a: Shaymin|def|1
|
|-heal|p2a: Shaymin|174\/404|[from] item: Leftovers
|-boost|p1a: Sharpedo|spe|1|[from] ability: Speed Boost
|turn|19
|
|move|p1a: Sharpedo|Ice Fang|p2a: Shaymin
|-supereffective|p2a: Shaymin
|-damage|p2a: Shaymin|0 fnt
|faint|p2a: Shaymin
|
|-boost|p1a: Sharpedo|spe|1|[from] ability: Speed Boost
|
|switch|p2a: Lucario|Lucario, M|281\/281
|-damage|p2a: Lucario|273\/281|[from] Stealth Rock
|-damage|p2a: Lucario|227\/281|[from] Spikes
|turn|20
|
|detailschange|p1a: Sharpedo|Sharpedo-Mega, F
|message|Sharpedo has Mega Evolved into Mega Sharpedo!
|move|p2a: Lucario|Extreme Speed|p1a: Sharpedo
|-damage|p1a: Sharpedo|116\/281
|-damage|p2a: Lucario|199\/281|[from] item: Life Orb
|move|p1a: Sharpedo|Waterfall|p2a: Lucario
|-damage|p2a: Lucario|0 fnt
|faint|p2a: Lucario
|
|
|switch|p2a: Blastoise|Blastoise, M|255\/358
|-damage|p2a: Blastoise|196\/358|[from] Spikes
|-damage|p2a: Blastoise|152\/358|[from] Stealth Rock
|turn|21
|
|detailschange|p2a: Blastoise|Blastoise-Mega, M
|message|Blastoise has Mega Evolved into Mega Blastoise!
|move|p1a: Sharpedo|Crunch|p2a: Blastoise
|-damage|p2a: Blastoise|0 fnt
|faint|p2a: Blastoise
|
|c|★Famous bandit|that thing is too powerful for this tier
|c|★Famous bandit|gg
|c|★Famous bandit|bye
|c|★Hugg Wild|gg
|-message|Famous bandit forfeited.
|
|win|Hugg Wild
|raw|Ladder updating...
|leave|Famous bandit
|player|p2
|raw|Hugg Wild's rating: 1449 &rarr; <strong>1459<\/strong><br \/>(+10 for winning)
|raw|Famous bandit's rating: 1261 &rarr; <strong>1248<\/strong><br \/>(-13 for losing)