|join|Donfantastic
|join|Miror D
|player|p1|Donfantastic|290
|player|p2|Miror D|273
|gametype|singles
|gen|6
|tier|UU
|rated
|rule|Sleep Clause Mod: Limit one foe put to sleep
|rule|Species Clause: Limit one of each Pokémon
|rule|OHKO Clause: OHKO moves are banned
|rule|Moody Clause: Moody is banned
|rule|Evasion Moves Clause: Evasion moves are banned
|rule|Endless Battle Clause: Forcing endless battles is banned
|rule|HP Percentage Mod: HP is shown in percentages
|clearpoke
|poke|p1|Pidgeot, F
|poke|p1|Swampert, F
|poke|p1|Starmie
|poke|p1|Mienshao, F
|poke|p1|Jirachi
|poke|p1|Fletchinder, M
|poke|p2|Houndoom, M
|poke|p2|Drifblim, M
|poke|p2|Snorlax, F
|poke|p2|Banette, F, shiny
|poke|p2|Gligar, F
|poke|p2|Registeel
|rule|Swagger Clause: Swagger is banned
|rule|Baton Pass Clause: Limit one Pokémon knowing Baton Pass
|teampreview
|join|BenzMafia
|
|start
|switch|p1a: good I swear|Starmie|324\/324
|switch|p2a: Banette|Banette, F, shiny|269\/269
|-item|p1a: good I swear|Leftovers|[from] ability: Frisk|[of] p2a: Banette|[identify]
|turn|1
|
|switch|p1a: Burd 1|Pidgeot, F|307\/307
|detailschange|p2a: Banette|Banette-Mega, F, shiny
|-mega|p2a: Banette|Banette|Banettite
|move|p2a: Banette|Sucker Punch|p1a: Burd 1
|-fail|p1a: Burd 1
|
|turn|2
|
|switch|p2a: Registeel|Registeel|363\/363
|detailschange|p1a: Burd 1|Pidgeot-Mega, F
|-mega|p1a: Burd 1|Pidgeot|Pidgeotite
|move|p1a: Burd 1|Hurricane|p2a: Registeel
|-resisted|p2a: Registeel
|-damage|p2a: Registeel|309\/363
|
|turn|3
|
|switch|p1a: good I swear|Starmie|324\/324
|move|p2a: Registeel|Stealth Rock|p1a: good I swear
|-sidestart|p1: Donfantastic|move: Stealth Rock
|
|turn|4
|
|move|p1a: good I swear|Scald|p2a: Registeel
|-damage|p2a: Registeel|261\/363
|-status|p2a: Registeel|brn
|move|p2a: Registeel|Thunder Wave|p1a: good I swear
|-status|p1a: good I swear|par
|
|-damage|p2a: Registeel|216\/363 brn|[from] brn
|turn|5
|
|switch|p2a: Drifblim|Drifblim, M|442\/442
|move|p1a: good I swear|Rapid Spin|p2a: Drifblim
|-immune|p2a: Drifblim|[msg]
|
|turn|6
|
|switch|p1a: Burd 1|Pidgeot-Mega, F|307\/307
|-damage|p1a: Burd 1|231\/307|[from] Stealth Rock
|move|p2a: Drifblim|Substitute|p2a: Drifblim
|-start|p2a: Drifblim|Substitute
|-damage|p2a: Drifblim|332\/442
|
|turn|7
|
|move|p2a: Drifblim|Substitute|p2a: Drifblim
|-fail|p2a: Drifblim|move: Substitute
|move|p1a: Burd 1|Whirlwind|p2a: Drifblim
|drag|p2a: Banette|Banette-Mega, F, shiny|269\/269
|
|turn|8
|
|switch|p2a: Registeel|Registeel|216\/363 brn
|move|p1a: Burd 1|Roost|p1a: Burd 1
|-heal|p1a: Burd 1|307\/307
|
|-damage|p2a: Registeel|171\/363 brn|[from] brn
|turn|9
|
|switch|p1a: I do enough|Swampert, F|403\/403
|-damage|p1a: I do enough|378\/403|[from] Stealth Rock
|move|p2a: Registeel|Thunder Wave|p1a: I do enough
|-immune|p1a: I do enough|[msg]
|
|-heal|p1a: I do enough|403\/403|[from] item: Leftovers
|-damage|p2a: Registeel|126\/363 brn|[from] brn
|turn|10
|
|switch|p2a: Gligar|Gligar, F|323\/323
|move|p1a: I do enough|Stealth Rock|p2a: Gligar
|-sidestart|p2: Miror D|move: Stealth Rock
|
|turn|11
|
|switch|p1a: good I swear|Starmie|324\/324
|-damage|p1a: good I swear|284\/324|[from] Stealth Rock
|move|p2a: Gligar|Toxic|p1a: good I swear
|-status|p1a: good I swear|tox
|
|-heal|p1a: good I swear|304\/324 tox|[from] item: Leftovers
|-damage|p1a: good I swear|284\/324 tox|[from] psn
|turn|12
|
|switch|p2a: Registeel|Registeel|126\/363 brn
|-damage|p2a: Registeel|104\/363 brn|[from] Stealth Rock
|move|p1a: good I swear|Toxic|p2a: Registeel
|-fail|p2a: Registeel
|
|-heal|p1a: good I swear|304\/324 tox|[from] item: Leftovers
|-damage|p1a: good I swear|264\/324 tox|[from] psn
|-damage|p2a: Registeel|59\/363 brn|[from] brn
|turn|13
|
|move|p1a: good I swear|Rapid Spin|p2a: Registeel
|-resisted|p2a: Registeel
|-damage|p2a: Registeel|55\/363 brn
|-sideend|p1: Donfantastic|Stealth Rock|[from] move: Rapid Spin|[of] p1a: good I swear
|move|p2a: Registeel|Rest|p2a: Registeel
|-status|p2a: Registeel|slp
|-heal|p2a: Registeel|363\/363 slp|[silent]
|-status|p2a: Registeel|slp|[from] move: Rest
|-enditem|p2a: Registeel|Chesto Berry|[eat]
|-curestatus|p2a: Registeel|slp
|
|-heal|p1a: good I swear|284\/324 tox|[from] item: Leftovers
|-damage|p1a: good I swear|224\/324 tox|[from] psn
|turn|14
|
|switch|p1a: 1 move and die|Mienshao, F|271\/271
|move|p2a: Registeel|Stealth Rock|p1a: 1 move and die
|-sidestart|p1: Donfantastic|move: Stealth Rock
|
|turn|15
|join|UUST Dad's Dad
|c|★Donfantastic|o
|c|★Donfantastic|dads dad
|c|★Donfantastic|lose uust
|c| UUST Dad's Dad|hi fgt
|c| UUST Dad's Dad|lol im not in uust :^
|c|★Donfantastic|:]]
|join|thymetime
|
|switch|p2a: Gligar|Gligar, F|323\/323
|-damage|p2a: Gligar|283\/323|[from] Stealth Rock
|move|p1a: 1 move and die|U-turn|p2a: Gligar
|-resisted|p2a: Gligar
|-damage|p2a: Gligar|254\/323
|c| UUST Dad's Dad|i h8 ghost types
|c|★Donfantastic|m2
|c|★Donfantastic|they make life hard for birds
|c| UUST Dad's Dad|lmoa
|join|DrReuniclus3
|
|switch|p1a: good I swear|Starmie|224\/324
|-damage|p1a: good I swear|184\/324|[from] Stealth Rock
|
|-heal|p1a: good I swear|204\/324|[from] item: Leftovers
|turn|16
|c| DrReuniclus3|ur not using pilo :(
|c|★Donfantastic|not
|c|★Donfantastic|atm
|c|★Donfantastic|will make a team l8r
|c|★Donfantastic|pilo is used best in ground spam teams
|c| UUST Dad's Dad|wtf is ground spam
|
|switch|p2a: Banette|Banette-Mega, F, shiny|269\/269
|-damage|p2a: Banette|236\/269|[from] Stealth Rock
|move|p1a: good I swear|Rapid Spin|p2a: Banette
|-immune|p2a: Banette|[msg]
|
|-heal|p1a: good I swear|224\/324|[from] item: Leftovers
|turn|17
|c|★Donfantastic|bandpert+pilo
|c| DrReuniclus3|"ground spam"
|c|★Donfantastic|:]
|c| DrReuniclus3|obv use all water types
|c| thymetime|nice 2 mon spam
|c|★Donfantastic|yas tbh
|c|★Donfantastic|those eqs r pwr
|
|move|p2a: Banette|Sucker Punch|p1a: good I swear
|-fail|p1a: good I swear
|move|p1a: good I swear|Recover|p1a: good I swear
|-heal|p1a: good I swear|324\/324
|
|turn|18
|
|move|p1a: good I swear|Toxic|p2a: Banette
|-status|p2a: Banette|tox
|move|p2a: Banette|Shadow Claw|p1a: good I swear
|-supereffective|p1a: good I swear
|-damage|p1a: good I swear|76\/324
|
|-heal|p1a: good I swear|96\/324|[from] item: Leftovers
|-damage|p2a: Banette|220\/269 tox|[from] psn
|turn|19
|
|move|p1a: good I swear|Recover|p1a: good I swear
|-heal|p1a: good I swear|258\/324
|move|p2a: Banette|Shadow Claw|p1a: good I swear
|-supereffective|p1a: good I swear
|-damage|p1a: good I swear|0 fnt
|faint|p1a: good I swear
|
|-damage|p2a: Banette|188\/269 tox|[from] psn
|
|switch|p1a: Burd 1|Pidgeot-Mega, F|307\/307
|-damage|p1a: Burd 1|231\/307|[from] Stealth Rock
|turn|20
|
|move|p2a: Banette|Destiny Bond|p2a: Banette
|-singlemove|p2a: Banette|Destiny Bond
|move|p1a: Burd 1|Heat Wave|p2a: Banette
|-damage|p2a: Banette|58\/269 tox
|
|-damage|p2a: Banette|10\/269 tox|[from] psn
|turn|21
|
|move|p2a: Banette|Sucker Punch|p1a: Burd 1
|-fail|p1a: Burd 1
|move|p1a: Burd 1|Roost|p1a: Burd 1
|-heal|p1a: Burd 1|307\/307
|
|-damage|p2a: Banette|0 fnt|[from] psn
|faint|p2a: Banette
|c|★Miror D|WEAK
|
|switch|p2a: Registeel|Registeel|363\/363
|-damage|p2a: Registeel|341\/363|[from] Stealth Rock
|turn|22
|
|move|p1a: Burd 1|Heat Wave|p2a: Registeel
|-supereffective|p2a: Registeel
|-damage|p2a: Registeel|221\/363
|move|p2a: Registeel|Thunder Wave|p1a: Burd 1
|-status|p1a: Burd 1|par
|
|turn|23
|
|move|p2a: Registeel|Seismic Toss|p1a: Burd 1
|-damage|p1a: Burd 1|207\/307 par
|cant|p1a: Burd 1|par
|
|turn|24
|
|move|p2a: Registeel|Seismic Toss|p1a: Burd 1
|-damage|p1a: Burd 1|107\/307 par
|cant|p1a: Burd 1|par
|
|turn|25
|c|★Donfantastic|e-z
|
|move|p2a: Registeel|Seismic Toss|p1a: Burd 1
|-damage|p1a: Burd 1|7\/307 par
|cant|p1a: Burd 1|par
|
|turn|26
|c|★Donfantastic|eee----zzzz
|c|★Miror D|TOO MUCH WORK REGISSTELL STOP
|c| thymetime|epic
|
|move|p2a: Registeel|Seismic Toss|p1a: Burd 1
|-damage|p1a: Burd 1|0 fnt
|faint|p1a: Burd 1
|
|
|switch|p1a: I do enough|Swampert, F|403\/403
|-damage|p1a: I do enough|378\/403|[from] Stealth Rock
|turn|27
|c|★Miror D|send in the other bird
|
|switch|p2a: Drifblim|Drifblim, M|332\/442
|-damage|p2a: Drifblim|222\/442|[from] Stealth Rock
|move|p1a: I do enough|Earthquake|p2a: Drifblim
|-immune|p2a: Drifblim|[msg]
|
|-heal|p1a: I do enough|403\/403|[from] item: Leftovers
|turn|28
|
|move|p2a: Drifblim|Substitute|p2a: Drifblim
|-start|p2a: Drifblim|Substitute
|-damage|p2a: Drifblim|112\/442
|move|p1a: I do enough|Roar|p2a: Drifblim
|drag|p2a: Houndoom|Houndoom, M|291\/291
|-damage|p2a: Houndoom|219\/291|[from] Stealth Rock
|
|turn|29
|join|AtrueGenius
|
|switch|p2a: Snorlax|Snorlax, F|501\/501
|-damage|p2a: Snorlax|439\/501|[from] Stealth Rock
|move|p1a: I do enough|Earthquake|p2a: Snorlax
|-damage|p2a: Snorlax|267\/501
|
|-heal|p2a: Snorlax|298\/501|[from] item: Leftovers
|turn|30
|
|move|p2a: Snorlax|Return|p1a: I do enough
|-damage|p1a: I do enough|193\/403
|move|p1a: I do enough|Roar|p2a: Snorlax
|drag|p2a: Drifblim|Drifblim, M|112\/442
|-damage|p2a: Drifblim|2\/442|[from] Stealth Rock
|-enditem|p2a: Drifblim|Liechi Berry|[eat]
|-boost|p2a: Drifblim|atk|1|[from] item: Liechi Berry
|
|-heal|p1a: I do enough|218\/403|[from] item: Leftovers
|turn|31
|c|★Miror D|lol
|
|move|p2a: Drifblim|Acrobatics|p1a: I do enough
|-damage|p1a: I do enough|0 fnt
|faint|p1a: I do enough
|
|
|switch|p1a: Not Broken|Jirachi|341\/341
|-damage|p1a: Not Broken|320\/341|[from] Stealth Rock
|turn|32
|
|move|p2a: Drifblim|Destiny Bond|p2a: Drifblim
|-singlemove|p2a: Drifblim|Destiny Bond
|move|p1a: Not Broken|U-turn|p2a: Drifblim
|-resisted|p2a: Drifblim
|-damage|p2a: Drifblim|0 fnt
|faint|p2a: Drifblim
|-activate|p2a: Drifblim|Destiny Bond
|faint|p1a: Not Broken
|
|
|switch|p2a: Houndoom|Houndoom, M|219\/291
|switch|p1a: 1 move and die|Mienshao, F|271\/271
|-damage|p2a: Houndoom|147\/291|[from] Stealth Rock
|-damage|p1a: 1 move and die|255\/271|[from] Stealth Rock
|turn|33
|join|ooh keil em
|c|★Donfantastic|this is going to be scarf debond
|c|★Donfantastic|and im gonna be mad
|
|move|p2a: Houndoom|Destiny Bond|p2a: Houndoom
|-singlemove|p2a: Houndoom|Destiny Bond
|move|p1a: 1 move and die|High Jump Kick|p2a: Houndoom
|-supereffective|p2a: Houndoom
|-damage|p2a: Houndoom|0 fnt
|faint|p2a: Houndoom
|-activate|p2a: Houndoom|Destiny Bond
|faint|p1a: 1 move and die
|
|c|★Donfantastic|fucking
|c| ooh keil em|hahahahaha
|c| BenzMafia|oml
|c|★Donfantastic|called it
|c| DrReuniclus3|rip happiness
|c| thymetime|KEK
|c| thymetime|E
|c| thymetime|K
|c|★Miror D|i could have gone for overheat
|
|switch|p1a: Burd 2|Fletchinder, M|291\/291
|switch|p2a: Registeel|Registeel|221\/363
|-damage|p1a: Burd 2|146\/291|[from] Stealth Rock
|-damage|p2a: Registeel|199\/363|[from] Stealth Rock
|turn|34
|c|★Miror D|but i read taht comment
|
|move|p1a: Burd 2|Roost|p1a: Burd 2
|-heal|p1a: Burd 2|291\/291
|move|p2a: Registeel|Thunder Wave|p1a: Burd 2
|-status|p1a: Burd 2|par
|
|turn|35
|c| ooh keil em|ouch
|c|★Miror D|lets  do it again
|
|move|p2a: Registeel|Seismic Toss|p1a: Burd 2
|-damage|p1a: Burd 2|191\/291 par
|move|p1a: Burd 2|Will-O-Wisp|p2a: Registeel
|-status|p2a: Registeel|brn
|
|-damage|p2a: Registeel|154\/363 brn|[from] brn
|turn|36
|
|move|p1a: Burd 2|Roost|p1a: Burd 2
|-heal|p1a: Burd 2|291\/291 par
|move|p2a: Registeel|Seismic Toss|p1a: Burd 2
|-damage|p1a: Burd 2|191\/291 par
|
|-damage|p2a: Registeel|109\/363 brn|[from] brn
|turn|37
|
|switch|p2a: Snorlax|Snorlax, F|298\/501
|-damage|p2a: Snorlax|236\/501|[from] Stealth Rock
|move|p1a: Burd 2|Roost|p1a: Burd 2
|-heal|p1a: Burd 2|291\/291 par
|
|-heal|p2a: Snorlax|267\/501|[from] item: Leftovers
|turn|38
|c|★Miror D|what does taht run swords dance and acro?
|c| ooh keil em|prolly
|c|★Donfantastic|ya
|c| ooh keil em|thats the norm set
|
|move|p1a: Burd 2|Acrobatics|p2a: Snorlax
|-crit|p2a: Snorlax
|-damage|p2a: Snorlax|11\/501
|move|p2a: Snorlax|Return|p1a: Burd 2
|-damage|p1a: Burd 2|0 fnt
|faint|p1a: Burd 2
|
|win|Miror D
|raw|Ladder updating...
|raw|Donfantastic's rating: 1447 &rarr; <strong>1420<\/strong><br \/>(-27 for losing)
|raw|Miror D's rating: 1314 &rarr; <strong>1341<\/strong><br \/>(+27 for winning)
|leave|thymetime
|c|★Miror D|BS CRIT
|leave|Donfantastic
|c|★Miror D|gg
|leave|DrReuniclus3
|leave|AtrueGenius
|leave|BenzMafia
|player|p1
|leave|ooh keil em