|join|pokemonisfun
|join|test choir
|player|p1|pokemonisfun|184
|player|p2|test choir|98
|gametype|singles
|gen|6
|tier|UU
|rated
|rule|Sleep Clause Mod: Limit one foe put to sleep
|rule|Species Clause: Limit one of each Pokémon
|rule|OHKO Clause: OHKO moves are banned
|rule|Moody Clause: Moody is banned
|rule|Evasion Moves Clause: Evasion moves are banned
|rule|Endless Battle Clause: Forcing endless battles is banned
|rule|HP Percentage Mod: HP is shown in percentages
|clearpoke
|poke|p1|Darmanitan, F
|poke|p1|Hydreigon, M
|poke|p1|Espeon, M
|poke|p1|Jirachi
|poke|p1|Zygarde
|poke|p1|Aerodactyl, F
|poke|p2|Vaporeon, F
|poke|p2|Amoonguss, M
|poke|p2|Gligar, F
|poke|p2|Snorlax, F
|poke|p2|Ampharos, M
|poke|p2|Empoleon, F
|rule|Swagger Clause: Swagger is banned
|rule|Baton Pass Clause: Limit one Pokémon knowing Baton Pass
|teampreview
|c|★test choir|oh hi
|c|★pokemonisfun|hey there
|c|★pokemonisfun|^_^
|
|start
|switch|p1a: Hydreigon|Hydreigon, M|325\/325
|switch|p2a: Vaporeon|Vaporeon, F|451\/451
|turn|1
|
|switch|p2a: Empoleon|Empoleon, F|372\/372
|move|p1a: Hydreigon|Dark Pulse|p2a: Empoleon
|-damage|p2a: Empoleon|210\/372
|
|-heal|p2a: Empoleon|233\/372|[from] item: Leftovers
|turn|2
|
|switch|p1a: Espeon|Espeon, M|272\/272
|switch|p2a: Gligar|Gligar, F|333\/333
|
|turn|3
|
|move|p1a: Espeon|Psyshock|p2a: Gligar
|-damage|p2a: Gligar|216\/333
|-damage|p1a: Espeon|245\/272|[from] item: Life Orb
|move|p2a: Gligar|U-turn|p1a: Espeon
|-supereffective|p1a: Espeon
|-damage|p1a: Espeon|109\/272
|
|switch|p2a: Empoleon|Empoleon, F|233\/372
|
|-heal|p2a: Empoleon|256\/372|[from] item: Leftovers
|turn|4
|
|move|p1a: Espeon|Shadow Ball|p2a: Empoleon
|-damage|p2a: Empoleon|168\/372
|-damage|p1a: Espeon|82\/272|[from] item: Life Orb
|move|p2a: Empoleon|Scald|p1a: Espeon
|-damage|p1a: Espeon|0 fnt
|faint|p1a: Espeon
|
|-heal|p2a: Empoleon|191\/372|[from] item: Leftovers
|
|switch|p1a: Darmanitan|Darmanitan, F|351\/351
|turn|5
|
|switch|p2a: Ampharos|Ampharos, M|384\/384
|move|p1a: Darmanitan|Flare Blitz|p2a: Ampharos
|-damage|p2a: Ampharos|0 fnt
|-damage|p1a: Darmanitan|224\/351|[from] recoil|[of] p2a: Ampharos
|faint|p2a: Ampharos
|
|c|★test choir|oh
|c|★test choir|not even uturn
|c|★test choir|lol
|
|switch|p2a: Vaporeon|Vaporeon, F|451\/451
|turn|6
|c|★pokemonisfun|laugh out loud!
|
|switch|p1a: Jirachi|Jirachi|404\/404
|move|p2a: Vaporeon|Baton Pass|p2a: Vaporeon
|
|switch|p2a: Empoleon|Empoleon, F|191\/372
|
|-heal|p2a: Empoleon|214\/372|[from] item: Leftovers
|turn|7
|c|★test choir|don't be
|
|move|p1a: Jirachi|Stealth Rock|p2a: Empoleon
|-sidestart|p2: test choir|move: Stealth Rock
|move|p2a: Empoleon|Stealth Rock|p1a: Jirachi
|-sidestart|p1: pokemonisfun|move: Stealth Rock
|
|-heal|p2a: Empoleon|237\/372|[from] item: Leftovers
|turn|8
|c|★test choir|cm
|
|move|p1a: Jirachi|Thunder Wave|p2a: Empoleon
|-status|p2a: Empoleon|par
|move|p2a: Empoleon|Roar|p1a: Jirachi
|drag|p1a: Aerodactyl|Aerodactyl, F|302\/302
|-damage|p1a: Aerodactyl|227\/302|[from] Stealth Rock
|
|-heal|p2a: Empoleon|260\/372 par|[from] item: Leftovers
|turn|9
|
|switch|p2a: Vaporeon|Vaporeon, F|451\/451
|-damage|p2a: Vaporeon|395\/451|[from] Stealth Rock
|detailschange|p1a: Aerodactyl|Aerodactyl-Mega, F
|-mega|p1a: Aerodactyl|Aerodactyl|Aerodactylite
|move|p1a: Aerodactyl|Crunch|p2a: Vaporeon
|-damage|p2a: Vaporeon|242\/451
|
|-heal|p2a: Vaporeon|270\/451|[from] item: Leftovers
|turn|10
|
|move|p1a: Aerodactyl|Double-Edge|p2a: Vaporeon
|-damage|p2a: Vaporeon|49\/451
|-damage|p1a: Aerodactyl|154\/302|[from] recoil|[of] p2a: Vaporeon
|move|p2a: Vaporeon|Wish|p2a: Vaporeon
|
|-heal|p2a: Vaporeon|77\/451|[from] item: Leftovers
|turn|11
|
|switch|p1a: Hydreigon|Hydreigon, M|325\/325
|-damage|p1a: Hydreigon|285\/325|[from] Stealth Rock
|move|p2a: Vaporeon|Protect|p2a: Vaporeon
|-fail|p2a: Vaporeon
|
|-heal|p2a: Vaporeon|302\/451|[from] move: Wish|[wisher] Vaporeon
|-heal|p2a: Vaporeon|330\/451|[from] item: Leftovers
|turn|12
|
|move|p2a: Vaporeon|Protect|p2a: Vaporeon
|-singleturn|p2a: Vaporeon|Protect
|move|p1a: Hydreigon|Dark Pulse|p2a: Vaporeon
|-activate|p2a: Vaporeon|Protect
|
|-heal|p2a: Vaporeon|358\/451|[from] item: Leftovers
|turn|13
|c|★test choir|fkin no evs on lax
|
|switch|p2a: Snorlax|Snorlax, F|482\/482
|-damage|p2a: Snorlax|422\/482|[from] Stealth Rock
|move|p1a: Hydreigon|Dark Pulse|p2a: Snorlax
|-damage|p2a: Snorlax|244\/482
|
|-heal|p2a: Snorlax|274\/482|[from] item: Leftovers
|turn|14
|
|move|p1a: Hydreigon|Dark Pulse|p2a: Snorlax
|-damage|p2a: Snorlax|100\/482
|move|p2a: Snorlax|Body Slam|p1a: Hydreigon
|-damage|p1a: Hydreigon|131\/325
|-status|p1a: Hydreigon|par
|
|-heal|p2a: Snorlax|130\/482|[from] item: Leftovers
|turn|15
|
|move|p2a: Snorlax|Body Slam|p1a: Hydreigon
|-damage|p1a: Hydreigon|0 fnt
|faint|p1a: Hydreigon
|
|-heal|p2a: Snorlax|160\/482|[from] item: Leftovers
|
|switch|p1a: Darmanitan|Darmanitan, F|224\/351
|-damage|p1a: Darmanitan|137\/351|[from] Stealth Rock
|turn|16
|
|move|p1a: Darmanitan|Flare Blitz|p2a: Snorlax
|-damage|p2a: Snorlax|0 fnt
|-damage|p1a: Darmanitan|84\/351|[from] recoil|[of] p2a: Snorlax
|faint|p2a: Snorlax
|
|
|switch|p2a: Vaporeon|Vaporeon, F|358\/451
|-damage|p2a: Vaporeon|302\/451|[from] Stealth Rock
|turn|17
|
|move|p2a: Vaporeon|Protect|p2a: Vaporeon
|-singleturn|p2a: Vaporeon|Protect
|move|p1a: Darmanitan|Flare Blitz|p2a: Vaporeon
|-activate|p2a: Vaporeon|Protect
|
|-heal|p2a: Vaporeon|330\/451|[from] item: Leftovers
|turn|18
|
|move|p1a: Darmanitan|Flare Blitz|p2a: Vaporeon
|-resisted|p2a: Vaporeon
|-damage|p2a: Vaporeon|90\/451
|-damage|p1a: Darmanitan|5\/351|[from] recoil|[of] p2a: Vaporeon
|move|p2a: Vaporeon|Wish|p2a: Vaporeon
|
|-heal|p2a: Vaporeon|118\/451|[from] item: Leftovers
|turn|19
|
|move|p2a: Vaporeon|Protect|p2a: Vaporeon
|-singleturn|p2a: Vaporeon|Protect
|move|p1a: Darmanitan|Flare Blitz|p2a: Vaporeon
|-activate|p2a: Vaporeon|Protect
|
|-heal|p2a: Vaporeon|343\/451|[from] move: Wish|[wisher] Vaporeon
|-heal|p2a: Vaporeon|371\/451|[from] item: Leftovers
|turn|20
|
|move|p1a: Darmanitan|Flare Blitz|p2a: Vaporeon
|-resisted|p2a: Vaporeon
|-damage|p2a: Vaporeon|113\/451
|-damage|p1a: Darmanitan|0 fnt|[from] recoil|[of] p2a: Vaporeon
|faint|p1a: Darmanitan
|move|p2a: Vaporeon|Wish|p2a: Vaporeon
|
|-heal|p2a: Vaporeon|141\/451|[from] item: Leftovers
|
|switch|p1a: Zygarde|Zygarde|404\/404
|-damage|p1a: Zygarde|379\/404|[from] Stealth Rock
|-ability|p1a: Zygarde|Aura Break
|turn|21
|
|move|p1a: Zygarde|Substitute|p1a: Zygarde
|-start|p1a: Zygarde|Substitute
|-damage|p1a: Zygarde|278\/404
|move|p2a: Vaporeon|Scald|p1a: Zygarde
|-crit|p1a: Zygarde
|-end|p1a: Zygarde|Substitute
|
|-heal|p2a: Vaporeon|366\/451|[from] move: Wish|[wisher] Vaporeon
|-heal|p1a: Zygarde|303\/404|[from] item: Leftovers
|-heal|p2a: Vaporeon|394\/451|[from] item: Leftovers
|turn|22
|
|switch|p2a: Amoonguss|Amoonguss, M|432\/432
|-damage|p2a: Amoonguss|378\/432|[from] Stealth Rock
|move|p1a: Zygarde|Substitute|p1a: Zygarde
|-start|p1a: Zygarde|Substitute
|-damage|p1a: Zygarde|202\/404
|
|-heal|p1a: Zygarde|227\/404|[from] item: Leftovers
|-heal|p2a: Amoonguss|405\/432|[from] item: Black Sludge
|turn|23
|
|move|p1a: Zygarde|Coil|p1a: Zygarde
|-boost|p1a: Zygarde|atk|1
|-boost|p1a: Zygarde|def|1
|-boost|p1a: Zygarde|accuracy|1
|move|p2a: Amoonguss|Foul Play|p1a: Zygarde
|-activate|p1a: Zygarde|Substitute|[damage]
|
|-heal|p1a: Zygarde|252\/404|[from] item: Leftovers
|-heal|p2a: Amoonguss|432\/432|[from] item: Black Sludge
|turn|24
|
|move|p1a: Zygarde|Coil|p1a: Zygarde
|-boost|p1a: Zygarde|atk|1
|-boost|p1a: Zygarde|def|1
|-boost|p1a: Zygarde|accuracy|1
|move|p2a: Amoonguss|Giga Drain|p1a: Zygarde
|-end|p1a: Zygarde|Substitute
|
|-heal|p1a: Zygarde|277\/404|[from] item: Leftovers
|turn|25
|
|move|p1a: Zygarde|Substitute|p1a: Zygarde
|-start|p1a: Zygarde|Substitute
|-damage|p1a: Zygarde|176\/404
|move|p2a: Amoonguss|Foul Play|p1a: Zygarde
|-activate|p1a: Zygarde|Substitute|[damage]
|
|-heal|p1a: Zygarde|201\/404|[from] item: Leftovers
|turn|26
|
|move|p1a: Zygarde|Coil|p1a: Zygarde
|-boost|p1a: Zygarde|atk|1
|-boost|p1a: Zygarde|def|1
|-boost|p1a: Zygarde|accuracy|1
|move|p2a: Amoonguss|Foul Play|p1a: Zygarde
|-end|p1a: Zygarde|Substitute
|
|-heal|p1a: Zygarde|226\/404|[from] item: Leftovers
|turn|27
|
|move|p1a: Zygarde|Substitute|p1a: Zygarde
|-start|p1a: Zygarde|Substitute
|-damage|p1a: Zygarde|125\/404
|move|p2a: Amoonguss|Foul Play|p1a: Zygarde
|-activate|p1a: Zygarde|Substitute|[damage]
|
|-heal|p1a: Zygarde|150\/404|[from] item: Leftovers
|turn|28
|
|move|p1a: Zygarde|Earthquake|p2a: Amoonguss
|-damage|p2a: Amoonguss|116\/432
|move|p2a: Amoonguss|Foul Play|p1a: Zygarde
|-end|p1a: Zygarde|Substitute
|
|-heal|p1a: Zygarde|175\/404|[from] item: Leftovers
|-heal|p2a: Amoonguss|143\/432|[from] item: Black Sludge
|turn|29
|
|move|p1a: Zygarde|Substitute|p1a: Zygarde
|-start|p1a: Zygarde|Substitute
|-damage|p1a: Zygarde|74\/404
|move|p2a: Amoonguss|Clear Smog|p1a: Zygarde
|-resisted|p1a: Zygarde
|-activate|p1a: Zygarde|Substitute|[damage]
|
|-heal|p1a: Zygarde|99\/404|[from] item: Leftovers
|-heal|p2a: Amoonguss|170\/432|[from] item: Black Sludge
|turn|30
|
|move|p1a: Zygarde|Earthquake|p2a: Amoonguss
|-damage|p2a: Amoonguss|0 fnt
|faint|p2a: Amoonguss
|
|-heal|p1a: Zygarde|124\/404|[from] item: Leftovers
|
|switch|p2a: Vaporeon|Vaporeon, F|394\/451
|-damage|p2a: Vaporeon|338\/451|[from] Stealth Rock
|turn|31
|
|move|p1a: Zygarde|Earthquake|p2a: Vaporeon
|-damage|p2a: Vaporeon|0 fnt
|faint|p2a: Vaporeon
|
|-heal|p1a: Zygarde|149\/404|[from] item: Leftovers
|
|switch|p2a: Gligar|Gligar, F|216\/333
|-damage|p2a: Gligar|175\/333|[from] Stealth Rock
|turn|32
|
|move|p1a: Zygarde|Coil|p1a: Zygarde
|-boost|p1a: Zygarde|atk|1
|-boost|p1a: Zygarde|def|1
|-boost|p1a: Zygarde|accuracy|1
|move|p2a: Gligar|Earthquake|p1a: Zygarde
|-activate|p1a: Zygarde|Substitute|[damage]
|
|-heal|p1a: Zygarde|174\/404|[from] item: Leftovers
|turn|33
|c|★test choir|gg i had nothing for this :]
|
|move|p1a: Zygarde|Coil|p1a: Zygarde
|-boost|p1a: Zygarde|atk|1
|-boost|p1a: Zygarde|def|1
|-boost|p1a: Zygarde|accuracy|1
|move|p2a: Gligar|Earthquake|p1a: Zygarde
|-activate|p1a: Zygarde|Substitute|[damage]
|
|-heal|p1a: Zygarde|199\/404|[from] item: Leftovers
|turn|34
|-message|test choir forfeited.
|leave|test choir
|
|win|pokemonisfun
|raw|Ladder updating...
|player|p2
|raw|pokemonisfun's rating: 1465 &rarr; <strong>1478<\/strong><br \/>(+13 for winning)
|raw|test choir's rating: 1343 &rarr; <strong>1330<\/strong><br \/>(-13 for losing)