|join|senurmd
|join|dial ebola
|player|p1|senurmd|87
|player|p2|dial ebola|176
|gametype|singles
|gen|6
|tier|OU
|rated
|clearpoke
|poke|p1|Lopunny, M
|poke|p1|Greninja, F, shiny
|poke|p1|Landorus-Therian, M
|poke|p1|Rotom-Wash
|poke|p1|Ferrothorn, M
|poke|p1|Latias, F
|poke|p2|Latios, M
|poke|p2|Talonflame, F
|poke|p2|Breloom, M
|poke|p2|Keldeo
|poke|p2|Rotom-Wash
|poke|p2|Metagross
|rule|Swagger Clause: Swagger is banned
|rule|Baton Pass Clause: Limit one Pokémon knowing Baton Pass
|rule|Sleep Clause Mod: Limit one foe put to sleep
|rule|Species Clause: Limit one of each Pokémon
|rule|OHKO Clause: OHKO moves are banned
|rule|Moody Clause: Moody is banned
|rule|Evasion Moves Clause: Evasion moves are banned
|rule|Endless Battle Clause: Forcing endless battles is banned
|rule|HP Percentage Mod: HP is shown in percentages
|teampreview
|
|start
|switch|p1a: Landorus-Therian|Landorus-Therian, M|320\/320
|switch|p2a: Breloom|Breloom, M|261\/261
|-ability|p1a: Landorus-Therian|Intimidate|[of] p2a: Breloom
|-unboost|p2a: Breloom|atk|1
|turn|1
|
|switch|p2a: Rotom-Wash|Rotom-Wash|304\/304
|move|p1a: Landorus-Therian|U-turn|p2a: Rotom-Wash
|-damage|p2a: Rotom-Wash|238\/304
|
|switch|p1a: Ferrothorn|Ferrothorn, M|352\/352
|
|-heal|p2a: Rotom-Wash|257\/304|[from] item: Leftovers
|turn|2
|
|move|p2a: Rotom-Wash|Will-O-Wisp|p1a: Ferrothorn
|-status|p1a: Ferrothorn|brn
|move|p1a: Ferrothorn|Stealth Rock|p2a: Rotom-Wash
|-sidestart|p2: dial ebola|move: Stealth Rock
|
|-heal|p2a: Rotom-Wash|276\/304|[from] item: Leftovers
|-damage|p1a: Ferrothorn|308\/352 brn|[from] brn
|turn|3
|
|switch|p2a: Latios|Latios, M|301\/301
|-damage|p2a: Latios|264\/301|[from] Stealth Rock
|move|p1a: Ferrothorn|Leech Seed|p2a: Latios
|-start|p2a: Latios|move: Leech Seed
|
|-heal|p1a: Ferrothorn|330\/352 brn|[from] item: Leftovers
|-damage|p2a: Latios|227\/301|[from] Leech Seed|[of] p1a: Ferrothorn
|-heal|p1a: Ferrothorn|352\/352 brn|[silent]
|-damage|p1a: Ferrothorn|308\/352 brn|[from] brn
|turn|4
|
|move|p2a: Latios|Defog|p1a: Ferrothorn
|-unboost|p1a: Ferrothorn|evasion|1
|-sideend|p2: dial ebola|Stealth Rock|[from] move: Defog|[of] p2a: Latios
|move|p1a: Ferrothorn|Gyro Ball|p2a: Latios
|-crit|p2a: Latios
|-damage|p2a: Latios|73\/301
|
|-heal|p1a: Ferrothorn|330\/352 brn|[from] item: Leftovers
|-damage|p2a: Latios|36\/301|[from] Leech Seed|[of] p1a: Ferrothorn
|-heal|p1a: Ferrothorn|352\/352 brn|[silent]
|-damage|p1a: Ferrothorn|308\/352 brn|[from] brn
|turn|5
|
|move|p2a: Latios|Roost|p2a: Latios
|-heal|p2a: Latios|187\/301
|move|p1a: Ferrothorn|Gyro Ball|p2a: Latios
|-damage|p2a: Latios|79\/301
|
|-heal|p1a: Ferrothorn|330\/352 brn|[from] item: Leftovers
|-damage|p2a: Latios|42\/301|[from] Leech Seed|[of] p1a: Ferrothorn
|-heal|p1a: Ferrothorn|352\/352 brn|[silent]
|-damage|p1a: Ferrothorn|308\/352 brn|[from] brn
|turn|6
|
|move|p2a: Latios|Roost|p2a: Latios
|-heal|p2a: Latios|193\/301
|move|p1a: Ferrothorn|Gyro Ball|p2a: Latios
|-damage|p2a: Latios|97\/301
|
|-heal|p1a: Ferrothorn|330\/352 brn|[from] item: Leftovers
|-damage|p2a: Latios|60\/301|[from] Leech Seed|[of] p1a: Ferrothorn
|-heal|p1a: Ferrothorn|352\/352 brn|[silent]
|-damage|p1a: Ferrothorn|308\/352 brn|[from] brn
|turn|7
|
|move|p2a: Latios|Roost|p2a: Latios
|-heal|p2a: Latios|211\/301
|move|p1a: Ferrothorn|Stealth Rock|p2a: Latios
|-sidestart|p2: dial ebola|move: Stealth Rock
|
|-heal|p1a: Ferrothorn|330\/352 brn|[from] item: Leftovers
|-damage|p2a: Latios|174\/301|[from] Leech Seed|[of] p1a: Ferrothorn
|-heal|p1a: Ferrothorn|352\/352 brn|[silent]
|-damage|p1a: Ferrothorn|308\/352 brn|[from] brn
|turn|8
|
|switch|p2a: Keldeo|Keldeo|323\/323
|-damage|p2a: Keldeo|303\/323|[from] Stealth Rock
|move|p1a: Ferrothorn|Gyro Ball|p2a: Keldeo
|-resisted|p2a: Keldeo
|-damage|p2a: Keldeo|254\/323
|
|-heal|p1a: Ferrothorn|330\/352 brn|[from] item: Leftovers
|-damage|p1a: Ferrothorn|286\/352 brn|[from] brn
|turn|9
|
|switch|p1a: Rotom-Wash|Rotom-Wash|304\/304
|move|p2a: Keldeo|Secret Sword|p1a: Rotom-Wash
|-damage|p1a: Rotom-Wash|73\/304
|
|-heal|p1a: Rotom-Wash|92\/304|[from] item: Leftovers
|turn|10
|
|move|p2a: Keldeo|Secret Sword|p1a: Rotom-Wash
|-damage|p1a: Rotom-Wash|0 fnt
|faint|p1a: Rotom-Wash
|
|
|switch|p1a: Landorus-Therian|Landorus-Therian, M|320\/320
|-ability|p1a: Landorus-Therian|Intimidate|[of] p2a: Keldeo
|-unboost|p2a: Keldeo|atk|1
|turn|11
|
|move|p1a: Landorus-Therian|Knock Off|p2a: Keldeo
|-resisted|p2a: Keldeo
|-damage|p2a: Keldeo|191\/323
|-boost|p2a: Keldeo|atk|1|[from] ability: Justified
|-enditem|p2a: Keldeo|Choice Specs|[from] move: Knock Off|[of] p1a: Landorus-Therian
|move|p2a: Keldeo|Secret Sword|p1a: Landorus-Therian
|-resisted|p1a: Landorus-Therian
|-damage|p1a: Landorus-Therian|241\/320
|
|turn|12
|
|switch|p1a: Latias|Latias, F|301\/301
|move|p2a: Keldeo|Scald|p1a: Latias
|-resisted|p1a: Latias
|-damage|p1a: Latias|248\/301
|
|turn|13
|
|switch|p2a: Metagross|Metagross|301\/301
|-damage|p2a: Metagross|283\/301|[from] Stealth Rock
|move|p1a: Latias|Psyshock|p2a: Metagross
|-resisted|p2a: Metagross
|-damage|p2a: Metagross|252\/301
|-damage|p1a: Latias|218\/301|[from] item: Life Orb
|
|turn|14
|
|switch|p1a: Landorus-Therian|Landorus-Therian, M|241\/320
|-ability|p1a: Landorus-Therian|Intimidate|[of] p2a: Metagross
|-fail|p2a: Metagross|unboost|[from] ability: Clear Body|[of] p2a: Metagross
|switch|p2a: Keldeo|Keldeo|191\/323
|-damage|p2a: Keldeo|171\/323|[from] Stealth Rock
|
|turn|15
|
|move|p1a: Landorus-Therian|Earthquake|p2a: Keldeo
|-damage|p2a: Keldeo|0 fnt
|faint|p2a: Keldeo
|
|
|switch|p2a: Breloom|Breloom, M|261\/261
|-damage|p2a: Breloom|245\/261|[from] Stealth Rock
|turn|16
|
|switch|p1a: Ferrothorn|Ferrothorn, M|286\/352 brn
|move|p2a: Breloom|Spore|p1a: Ferrothorn
|-fail|p1a: Ferrothorn
|
|-heal|p1a: Ferrothorn|308\/352 brn|[from] item: Leftovers
|-damage|p1a: Ferrothorn|264\/352 brn|[from] brn
|turn|17
|
|move|p2a: Breloom|Mach Punch|p1a: Ferrothorn
|-supereffective|p1a: Ferrothorn
|-damage|p1a: Ferrothorn|108\/352 brn
|-damage|p2a: Breloom|213\/261|[from] ability: Iron Barbs|[of] p1a: Ferrothorn
|-damage|p2a: Breloom|187\/261|[from] item: Life Orb
|move|p1a: Ferrothorn|Gyro Ball|p2a: Breloom
|-damage|p2a: Breloom|91\/261
|
|-heal|p1a: Ferrothorn|130\/352 brn|[from] item: Leftovers
|-damage|p1a: Ferrothorn|86\/352 brn|[from] brn
|turn|18
|
|move|p2a: Breloom|Mach Punch|p1a: Ferrothorn
|-supereffective|p1a: Ferrothorn
|-damage|p1a: Ferrothorn|0 fnt
|-damage|p2a: Breloom|59\/261|[from] ability: Iron Barbs|[of] p1a: Ferrothorn
|-damage|p2a: Breloom|33\/261|[from] item: Life Orb
|faint|p1a: Ferrothorn
|
|
|switch|p1a: Lopunny|Lopunny, M|271\/271
|turn|19
|
|switch|p2a: Metagross|Metagross|252\/301
|-damage|p2a: Metagross|234\/301|[from] Stealth Rock
|detailschange|p1a: Lopunny|Lopunny-Mega, M
|message|Lopunny has Mega Evolved into Mega Lopunny!
|move|p1a: Lopunny|Fake Out|p2a: Metagross
|-resisted|p2a: Metagross
|-damage|p2a: Metagross|204\/301
|
|turn|20
|
|switch|p1a: Landorus-Therian|Landorus-Therian, M|241\/320
|-ability|p1a: Landorus-Therian|Intimidate|[of] p2a: Metagross
|-fail|p2a: Metagross|unboost|[from] ability: Clear Body|[of] p2a: Metagross
|detailschange|p2a: Metagross|Metagross-Mega
|message|Metagross has Mega Evolved into Mega Metagross!
|move|p2a: Metagross|Meteor Mash|p1a: Landorus-Therian
|-damage|p1a: Landorus-Therian|0 fnt
|faint|p1a: Landorus-Therian
|
|
|switch|p1a: Greninja|Greninja, F, shiny|296\/296
|turn|21
|
|switch|p2a: Latios|Latios, M|174\/301
|-damage|p2a: Latios|137\/301|[from] Stealth Rock
|move|p1a: Greninja|Hidden Power|p2a: Latios
|-start|p1a: Greninja|typechange|Fire|[from] Protean
|-resisted|p2a: Latios
|-damage|p2a: Latios|82\/301
|-damage|p1a: Greninja|267\/296|[from] item: Life Orb
|
|turn|22
|
|move|p1a: Greninja|Ice Beam|p2a: Latios
|-start|p1a: Greninja|typechange|Ice|[from] Protean
|-supereffective|p2a: Latios
|-damage|p2a: Latios|0 fnt
|-damage|p1a: Greninja|238\/296|[from] item: Life Orb
|faint|p2a: Latios
|
|
|switch|p2a: Breloom|Breloom, M|33\/261
|-damage|p2a: Breloom|17\/261|[from] Stealth Rock
|turn|23
|
|switch|p1a: Latias|Latias, F|218\/301
|move|p2a: Breloom|Spore|p1a: Latias
|-status|p1a: Latias|slp
|
|turn|24
|
|switch|p2a: Metagross|Metagross-Mega|204\/301
|-damage|p2a: Metagross|186\/301|[from] Stealth Rock
|cant|p1a: Latias|slp
|
|turn|25
|
|-curestatus|p1a: Latias|slp
|move|p1a: Latias|Draco Meteor|p2a: Metagross
|-resisted|p2a: Metagross
|-damage|p2a: Metagross|64\/301
|-unboost|p1a: Latias|spa|2
|-damage|p1a: Latias|188\/301|[from] item: Life Orb
|move|p2a: Metagross|Meteor Mash|p1a: Latias|[miss]
|-miss|p2a: Metagross|p1a: Latias
|
|turn|26
|
|move|p1a: Latias|Draco Meteor|p2a: Metagross
|-resisted|p2a: Metagross
|-damage|p2a: Metagross|7\/301
|-unboost|p1a: Latias|spa|2
|-damage|p1a: Latias|158\/301|[from] item: Life Orb
|move|p2a: Metagross|Ice Punch|p1a: Latias
|-supereffective|p1a: Latias
|-damage|p1a: Latias|0 fnt
|faint|p1a: Latias
|
|
|switch|p1a: Lopunny|Lopunny-Mega, M|271\/271
|turn|27
|
|move|p1a: Lopunny|Fake Out|p2a: Metagross
|-resisted|p2a: Metagross
|-damage|p2a: Metagross|0 fnt
|faint|p2a: Metagross
|
|
|switch|p2a: Talonflame|Talonflame, F|360\/360
|-damage|p2a: Talonflame|180\/360|[from] Stealth Rock
|turn|28
|
|switch|p1a: Greninja|Greninja, F, shiny|238\/296
|move|p2a: Talonflame|Brave Bird|p1a: Greninja
|-damage|p1a: Greninja|60\/296
|-damage|p2a: Talonflame|121\/360|[from] recoil|[of] p1a: Greninja
|
|-heal|p2a: Talonflame|143\/360|[from] item: Leftovers
|turn|29
|
|move|p2a: Talonflame|Brave Bird|p1a: Greninja
|-damage|p1a: Greninja|0 fnt
|-damage|p2a: Talonflame|123\/360|[from] recoil|[of] p1a: Greninja
|faint|p1a: Greninja
|
|-heal|p2a: Talonflame|145\/360|[from] item: Leftovers
|
|switch|p1a: Lopunny|Lopunny-Mega, M|271\/271
|turn|30
|
|move|p1a: Lopunny|Fake Out|p2a: Talonflame
|-damage|p2a: Talonflame|43\/360
|cant|p2a: Talonflame|flinch
|
|-heal|p2a: Talonflame|65\/360|[from] item: Leftovers
|turn|31
|
|move|p2a: Talonflame|Brave Bird|p1a: Lopunny
|-supereffective|p1a: Lopunny
|-damage|p1a: Lopunny|31\/271
|-damage|p2a: Talonflame|0 fnt|[from] recoil|[of] p1a: Lopunny
|faint|p2a: Talonflame
|move|p1a: Lopunny|Frustration|p2: Talonflame|[notarget]
|-notarget
|
|
|switch|p2a: Breloom|Breloom, M|17\/261
|-damage|p2a: Breloom|1\/261|[from] Stealth Rock
|turn|32
|
|move|p2a: Breloom|Mach Punch|p1a: Lopunny
|-supereffective|p1a: Lopunny
|-damage|p1a: Lopunny|0 fnt
|-damage|p2a: Breloom|0 fnt|[from] item: Life Orb
|faint|p1a: Lopunny
|faint|p2a: Breloom
|
|win|dial ebola
|raw|Ladder updating...
|c|★dial ebola|gg
|raw|senurmd's rating: 1227 &rarr; <strong>1204<\/strong><br \/>(-23 for losing)
|raw|dial ebola's rating: 1260 &rarr; <strong>1283<\/strong><br \/>(+23 for winning)
|c|★senurmd|gg
|leave|senurmd
|player|p1