|join|A-Shwan
|join|anti-test
|player|p1|A-Shwan|29
|player|p2|anti-test|80
|gametype|singles
|gen|6
|tier|UU
|rated
|rule|Sleep Clause Mod: Limit one foe put to sleep
|rule|Species Clause: Limit one of each Pokémon
|rule|OHKO Clause: OHKO moves are banned
|rule|Moody Clause: Moody is banned
|rule|Evasion Moves Clause: Evasion moves are banned
|rule|Endless Battle Clause: Forcing endless battles is banned
|rule|HP Percentage Mod: HP is shown in percentages
|clearpoke
|poke|p1|Blissey, F
|poke|p1|Heracross, M
|poke|p1|Hydreigon, M
|poke|p1|Slowbro, M
|poke|p1|Victini
|poke|p1|Blastoise, M
|poke|p2|Lucario, M
|poke|p2|Blissey, F
|poke|p2|Manaphy
|poke|p2|Mew
|poke|p2|Crobat, F
|poke|p2|Swampert, M
|rule|Swagger Clause: Swagger is banned
|rule|Baton Pass Clause: Limit one Pokémon knowing Baton Pass
|teampreview
|
|start
|switch|p1a: Victini|Victini|341\/341
|switch|p2a: Crobat|Crobat, F|374\/374
|turn|1
|join|Honchkrow Love
|
|move|p2a: Crobat|U-turn|p1a: Victini
|-damage|p1a: Victini|291\/341
|
|switch|p2a: Swampert|Swampert, M|404\/404
|move|p1a: Victini|Zen Headbutt|p2a: Swampert
|-damage|p2a: Swampert|239\/404
|
|-heal|p2a: Swampert|264\/404|[from] item: Leftovers
|turn|2
|
|switch|p1a: Slowbro|Slowbro, M|393\/393
|move|p2a: Swampert|Earthquake|p1a: Slowbro
|-damage|p1a: Slowbro|300\/393
|
|-heal|p2a: Swampert|289\/404|[from] item: Leftovers
|-heal|p1a: Slowbro|324\/393|[from] item: Leftovers
|turn|3
|
|move|p2a: Swampert|Stealth Rock|p1a: Slowbro
|-sidestart|p1: A-Shwan|move: Stealth Rock
|move|p1a: Slowbro|Scald|p2a: Swampert
|-damage|p2a: Swampert|181\/404
|-status|p2a: Swampert|brn
|
|-heal|p2a: Swampert|206\/404 brn|[from] item: Leftovers
|-heal|p1a: Slowbro|348\/393|[from] item: Leftovers
|-damage|p2a: Swampert|156\/404 brn|[from] brn
|turn|4
|
|move|p1a: Slowbro|Scald|p2a: Swampert
|-damage|p2a: Swampert|45\/404 brn
|move|p2a: Swampert|Roar|p1a: Slowbro
|drag|p1a: Heracross|Heracross, M|302\/302
|-damage|p1a: Heracross|265\/302|[from] Stealth Rock
|
|-heal|p2a: Swampert|70\/404 brn|[from] item: Leftovers
|-damage|p2a: Swampert|20\/404 brn|[from] brn
|turn|5
|
|switch|p2a: Mew|Mew|404\/404
|move|p1a: Heracross|Close Combat|p2a: Mew
|-resisted|p2a: Mew
|-damage|p2a: Mew|308\/404
|-unboost|p1a: Heracross|def|1
|-unboost|p1a: Heracross|spd|1
|
|-heal|p2a: Mew|333\/404|[from] item: Leftovers
|turn|6
|
|switch|p1a: Slowbro|Slowbro, M|393\/393
|-damage|p1a: Slowbro|344\/393|[from] Stealth Rock
|move|p2a: Mew|Knock Off|p1a: Slowbro
|-crit|p1a: Slowbro
|-supereffective|p1a: Slowbro
|-damage|p1a: Slowbro|200\/393
|-enditem|p1a: Slowbro|Leftovers|[from] move: Knock Off|[of] p2a: Mew
|
|-heal|p2a: Mew|358\/404|[from] item: Leftovers
|turn|7
|leave|Honchkrow Love
|
|move|p2a: Mew|Will-O-Wisp|p1a: Slowbro
|-status|p1a: Slowbro|brn
|move|p1a: Slowbro|Slack Off|p1a: Slowbro
|-heal|p1a: Slowbro|393\/393 brn
|
|-heal|p2a: Mew|383\/404|[from] item: Leftovers
|-damage|p1a: Slowbro|344\/393 brn|[from] brn
|turn|8
|
|switch|p2a: Blissey|Blissey, F|652\/652
|move|p1a: Slowbro|Thunder Wave|p2a: Blissey
|-status|p2a: Blissey|par
|
|-damage|p1a: Slowbro|295\/393 brn|[from] brn
|turn|9
|
|move|p1a: Slowbro|Psyshock|p2a: Blissey
|-damage|p2a: Blissey|474\/652 par
|move|p2a: Blissey|Heal Bell|p2a: Blissey
|-cureteam|p2a: Blissey|[from] move: HealBell
|
|-heal|p2a: Blissey|514\/652|[from] item: Leftovers
|-damage|p1a: Slowbro|246\/393 brn|[from] brn
|turn|10
|
|switch|p1a: Victini|Victini|291\/341
|-damage|p1a: Victini|206\/341|[from] Stealth Rock
|move|p2a: Blissey|Seismic Toss|p1a: Victini
|-damage|p1a: Victini|106\/341
|
|-heal|p2a: Blissey|554\/652|[from] item: Leftovers
|turn|11
|
|switch|p2a: Mew|Mew|383\/404
|move|p1a: Victini|V-create|p2a: Mew
|-damage|p2a: Mew|0 fnt
|-unboost|p1a: Victini|def|1
|-unboost|p1a: Victini|spd|1
|-unboost|p1a: Victini|spe|1
|faint|p2a: Mew
|
|
|switch|p2a: Lucario|Lucario, M|282\/282
|turn|12
|
|move|p2a: Lucario|Extreme Speed|p1a: Victini
|-crit|p1a: Victini
|-damage|p1a: Victini|0 fnt
|-damage|p2a: Lucario|254\/282|[from] item: Life Orb
|faint|p1a: Victini
|
|
|switch|p1a: Heracross|Heracross, M|265\/302
|-damage|p1a: Heracross|228\/302|[from] Stealth Rock
|turn|13
|
|move|p1a: Heracross|Close Combat|p2a: Lucario
|-crit|p2a: Lucario
|-supereffective|p2a: Lucario
|-damage|p2a: Lucario|0 fnt
|-unboost|p1a: Heracross|def|1
|-unboost|p1a: Heracross|spd|1
|faint|p2a: Lucario
|-boost|p1a: Heracross|atk|1|[from] ability: Moxie
|
|
|switch|p2a: Crobat|Crobat, F|374\/374
|turn|14
|
|switch|p1a: Slowbro|Slowbro, M|377\/393 brn
|-damage|p1a: Slowbro|328\/393 brn|[from] Stealth Rock
|move|p2a: Crobat|Acrobatics|p1a: Slowbro
|-damage|p1a: Slowbro|247\/393 brn
|
|-damage|p1a: Slowbro|198\/393 brn|[from] brn
|turn|15
|
|move|p2a: Crobat|Taunt|p1a: Slowbro
|-start|p1a: Slowbro|move: Taunt
|cant|p1a: Slowbro|move: Taunt|Thunder Wave
|
|-damage|p1a: Slowbro|149\/393 brn|[from] brn
|turn|16
|
|move|p2a: Crobat|Acrobatics|p1a: Slowbro
|-damage|p1a: Slowbro|73\/393 brn
|move|p1a: Slowbro|Psyshock|p2a: Crobat
|-supereffective|p2a: Crobat
|-damage|p2a: Crobat|128\/374
|
|-damage|p1a: Slowbro|24\/393 brn|[from] brn
|turn|17
|
|switch|p1a: Blastoise|Blastoise, M|358\/358
|-damage|p1a: Blastoise|314\/358|[from] Stealth Rock
|move|p2a: Crobat|Roost|p2a: Crobat
|-heal|p2a: Crobat|315\/374
|
|turn|18
|
|detailschange|p1a: Blastoise|Blastoise-Mega, M
|message|Blastoise has Mega Evolved into Mega Blastoise!
|move|p2a: Crobat|Acrobatics|p1a: Blastoise
|-damage|p1a: Blastoise|211\/358
|move|p1a: Blastoise|Rapid Spin|p2a: Crobat
|-damage|p2a: Crobat|298\/374
|-sideend|p1: A-Shwan|Stealth Rock|[from] move: Rapid Spin|[of] p1a: Blastoise
|
|turn|19
|
|move|p2a: Crobat|U-turn|p1a: Blastoise
|-damage|p1a: Blastoise|164\/358
|
|switch|p2a: Manaphy|Manaphy|342\/342
|move|p1a: Blastoise|Scald|p2a: Manaphy
|-resisted|p2a: Manaphy
|-damage|p2a: Manaphy|268\/342
|
|-heal|p2a: Manaphy|289\/342|[from] item: Leftovers
|turn|20
|
|switch|p1a: Blissey|Blissey, F|652\/652
|move|p2a: Manaphy|Tail Glow|p2a: Manaphy
|-boost|p2a: Manaphy|spa|3
|
|-heal|p2a: Manaphy|310\/342|[from] item: Leftovers
|turn|21
|
|move|p2a: Manaphy|Tail Glow|p2a: Manaphy
|-boost|p2a: Manaphy|spa|3
|move|p1a: Blissey|Toxic|p2a: Manaphy
|-status|p2a: Manaphy|tox
|
|-heal|p2a: Manaphy|331\/342 tox|[from] item: Leftovers
|-damage|p2a: Manaphy|310\/342 tox|[from] psn
|turn|22
|
|move|p2a: Manaphy|Scald|p1a: Blissey
|-damage|p1a: Blissey|328\/652
|move|p1a: Blissey|Soft-Boiled|p1a: Blissey
|-heal|p1a: Blissey|652\/652
|
|-heal|p2a: Manaphy|331\/342 tox|[from] item: Leftovers
|-damage|p2a: Manaphy|289\/342 tox|[from] psn
|turn|23
|
|switch|p2a: Blissey|Blissey, F|554\/652
|move|p1a: Blissey|Soft-Boiled|p1a: Blissey
|-fail|p1a: Blissey
|
|-heal|p2a: Blissey|594\/652|[from] item: Leftovers
|turn|24
|
|switch|p1a: Heracross|Heracross, M|228\/302
|move|p2a: Blissey|Toxic|p1a: Heracross
|-status|p1a: Heracross|tox
|
|-heal|p2a: Blissey|634\/652|[from] item: Leftovers
|-damage|p1a: Heracross|210\/302 tox|[from] psn
|turn|25
|
|switch|p2a: Crobat|Crobat, F|298\/374
|move|p1a: Heracross|Stone Edge|p2a: Crobat
|-supereffective|p2a: Crobat
|-damage|p2a: Crobat|22\/374
|
|-damage|p1a: Heracross|174\/302 tox|[from] psn
|turn|26
|
|move|p1a: Heracross|Stone Edge|p2a: Crobat
|-supereffective|p2a: Crobat
|-damage|p2a: Crobat|0 fnt
|faint|p2a: Crobat
|-boost|p1a: Heracross|atk|1|[from] ability: Moxie
|
|-damage|p1a: Heracross|120\/302 tox|[from] psn
|
|switch|p2a: Blissey|Blissey, F|634\/652
|turn|27
|
|switch|p1a: Blissey|Blissey, F|652\/652
|move|p2a: Blissey|Wish|p2a: Blissey
|
|-heal|p2a: Blissey|652\/652|[from] item: Leftovers
|turn|28
|
|switch|p2a: Swampert|Swampert, M|20\/404
|move|p1a: Blissey|Toxic|p2a: Swampert|[miss]
|-miss|p1a: Blissey|p2a: Swampert
|
|-heal|p2a: Swampert|346\/404|[from] move: Wish|[wisher] Blissey
|-heal|p2a: Swampert|371\/404|[from] item: Leftovers
|turn|29
|
|switch|p1a: Slowbro|Slowbro, M|155\/393 brn
|move|p2a: Swampert|Stealth Rock|p1a: Slowbro
|-sidestart|p1: A-Shwan|move: Stealth Rock
|
|-heal|p2a: Swampert|396\/404|[from] item: Leftovers
|-damage|p1a: Slowbro|106\/393 brn|[from] brn
|turn|30
|
|switch|p2a: Blissey|Blissey, F|652\/652
|move|p1a: Slowbro|Slack Off|p1a: Slowbro
|-heal|p1a: Slowbro|303\/393 brn
|
|-damage|p1a: Slowbro|254\/393 brn|[from] brn
|turn|31
|
|switch|p1a: Blissey|Blissey, F|652\/652
|-damage|p1a: Blissey|571\/652|[from] Stealth Rock
|move|p2a: Blissey|Seismic Toss|p1a: Blissey
|-damage|p1a: Blissey|471\/652
|
|-heal|p1a: Blissey|511\/652|[from] item: Leftovers
|turn|32
|
|move|p1a: Blissey|Heal Bell|p1a: Blissey
|-cureteam|p1a: Blissey|[from] move: HealBell
|move|p2a: Blissey|Heal Bell|p2a: Blissey
|-cureteam|p2a: Blissey|[from] move: HealBell
|
|-heal|p1a: Blissey|551\/652|[from] item: Leftovers
|turn|33
|
|switch|p1a: Heracross|Heracross, M|120\/302
|-damage|p1a: Heracross|83\/302|[from] Stealth Rock
|move|p2a: Blissey|Seismic Toss|p1a: Heracross
|-damage|p1a: Heracross|0 fnt
|faint|p1a: Heracross
|
|
|switch|p1a: Hydreigon|Hydreigon, M|325\/325
|-damage|p1a: Hydreigon|285\/325|[from] Stealth Rock
|turn|34
|
|move|p1a: Hydreigon|Draco Meteor|p2a: Blissey
|-damage|p2a: Blissey|402\/652
|-unboost|p1a: Hydreigon|spa|2
|move|p2a: Blissey|Toxic|p1a: Hydreigon
|-status|p1a: Hydreigon|tox
|
|-heal|p2a: Blissey|442\/652|[from] item: Leftovers
|-damage|p1a: Hydreigon|265\/325 tox|[from] psn
|turn|35
|
|switch|p1a: Blastoise|Blastoise-Mega, M|164\/358
|-damage|p1a: Blastoise|120\/358|[from] Stealth Rock
|move|p2a: Blissey|Wish|p2a: Blissey
|
|-heal|p2a: Blissey|482\/652|[from] item: Leftovers
|turn|36
|
|move|p1a: Blastoise|Aura Sphere|p2a: Blissey
|-supereffective|p2a: Blissey
|-damage|p2a: Blissey|290\/652
|move|p2a: Blissey|Toxic|p1a: Blastoise
|-status|p1a: Blastoise|tox
|
|-heal|p2a: Blissey|616\/652|[from] move: Wish|[wisher] Blissey
|-heal|p2a: Blissey|652\/652|[from] item: Leftovers
|-damage|p1a: Blastoise|98\/358 tox|[from] psn
|turn|37
|
|switch|p1a: Blissey|Blissey, F|551\/652
|-damage|p1a: Blissey|470\/652|[from] Stealth Rock
|move|p2a: Blissey|Wish|p2a: Blissey
|
|-heal|p1a: Blissey|510\/652|[from] item: Leftovers
|turn|38
|
|switch|p2a: Manaphy|Manaphy|289\/342
|move|p1a: Blissey|Heal Bell|p1a: Blissey
|-cureteam|p1a: Blissey|[from] move: HealBell
|
|-heal|p2a: Manaphy|342\/342|[from] move: Wish|[wisher] Blissey
|-heal|p1a: Blissey|550\/652|[from] item: Leftovers
|turn|39
|
|move|p2a: Manaphy|Scald|p1a: Blissey
|-damage|p1a: Blissey|471\/652
|move|p1a: Blissey|Toxic|p2a: Manaphy
|-status|p2a: Manaphy|tox
|
|-heal|p1a: Blissey|511\/652|[from] item: Leftovers
|-damage|p2a: Manaphy|321\/342 tox|[from] psn
|turn|40
|
|switch|p2a: Blissey|Blissey, F|652\/652
|move|p1a: Blissey|Seismic Toss|p2a: Blissey
|-damage|p2a: Blissey|552\/652
|
|-heal|p2a: Blissey|592\/652|[from] item: Leftovers
|-heal|p1a: Blissey|551\/652|[from] item: Leftovers
|turn|41
|
|switch|p1a: Hydreigon|Hydreigon, M|265\/325
|-damage|p1a: Hydreigon|225\/325|[from] Stealth Rock
|move|p2a: Blissey|Heal Bell|p2a: Blissey
|-cureteam|p2a: Blissey|[from] move: HealBell
|
|-heal|p2a: Blissey|632\/652|[from] item: Leftovers
|turn|42
|
|move|p1a: Hydreigon|Focus Blast|p2a: Blissey
|-crit|p2a: Blissey
|-supereffective|p2a: Blissey
|-damage|p2a: Blissey|226\/652
|move|p2a: Blissey|Seismic Toss|p1a: Hydreigon
|-damage|p1a: Hydreigon|125\/325
|
|-heal|p2a: Blissey|266\/652|[from] item: Leftovers
|turn|43
|
|switch|p2a: Swampert|Swampert, M|396\/404
|move|p1a: Hydreigon|Focus Blast|p2a: Swampert
|-damage|p2a: Swampert|136\/404
|
|-heal|p2a: Swampert|161\/404|[from] item: Leftovers
|turn|44
|
|move|p1a: Hydreigon|Focus Blast|p2a: Swampert|[miss]
|-miss|p1a: Hydreigon|p2a: Swampert
|move|p2a: Swampert|Scald|p1a: Hydreigon
|-resisted|p1a: Hydreigon
|-damage|p1a: Hydreigon|81\/325
|
|-heal|p2a: Swampert|186\/404|[from] item: Leftovers
|turn|45
|
|move|p1a: Hydreigon|Focus Blast|p2a: Swampert
|-damage|p2a: Swampert|0 fnt
|faint|p2a: Swampert
|
|
|switch|p2a: Manaphy|Manaphy|321\/342
|turn|46
|
|switch|p1a: Blissey|Blissey, F|551\/652
|-damage|p1a: Blissey|470\/652|[from] Stealth Rock
|move|p2a: Manaphy|Tail Glow|p2a: Manaphy
|-boost|p2a: Manaphy|spa|3
|
|-heal|p2a: Manaphy|342\/342|[from] item: Leftovers
|-heal|p1a: Blissey|510\/652|[from] item: Leftovers
|turn|47
|
|move|p2a: Manaphy|Tail Glow|p2a: Manaphy
|-boost|p2a: Manaphy|spa|3
|move|p1a: Blissey|Soft-Boiled|p1a: Blissey
|-heal|p1a: Blissey|652\/652
|
|turn|48
|
|move|p2a: Manaphy|Scald|p1a: Blissey
|-damage|p1a: Blissey|348\/652
|move|p1a: Blissey|Soft-Boiled|p1a: Blissey
|-heal|p1a: Blissey|652\/652
|
|turn|49
|
|move|p2a: Manaphy|Scald|p1a: Blissey
|-damage|p1a: Blissey|361\/652
|move|p1a: Blissey|Toxic|p2a: Manaphy
|-status|p2a: Manaphy|tox
|
|-heal|p1a: Blissey|401\/652|[from] item: Leftovers
|-damage|p2a: Manaphy|321\/342 tox|[from] psn
|turn|50
|
|move|p2a: Manaphy|Scald|p1a: Blissey
|-damage|p1a: Blissey|83\/652
|move|p1a: Blissey|Soft-Boiled|p1a: Blissey
|-heal|p1a: Blissey|409\/652
|
|-heal|p2a: Manaphy|342\/342 tox|[from] item: Leftovers
|-heal|p1a: Blissey|449\/652|[from] item: Leftovers
|-damage|p2a: Manaphy|300\/342 tox|[from] psn
|turn|51
|
|move|p2a: Manaphy|Scald|p1a: Blissey
|-crit|p1a: Blissey
|-damage|p1a: Blissey|0 fnt
|faint|p1a: Blissey
|
|-heal|p2a: Manaphy|321\/342 tox|[from] item: Leftovers
|-damage|p2a: Manaphy|258\/342 tox|[from] psn
|
|switch|p1a: Blastoise|Blastoise-Mega, M|98\/358
|-damage|p1a: Blastoise|54\/358|[from] Stealth Rock
|turn|52
|
|move|p2a: Manaphy|Energy Ball|p1a: Blastoise
|-supereffective|p1a: Blastoise
|-damage|p1a: Blastoise|0 fnt
|faint|p1a: Blastoise
|
|-heal|p2a: Manaphy|279\/342 tox|[from] item: Leftovers
|-damage|p2a: Manaphy|195\/342 tox|[from] psn
|
|switch|p1a: Slowbro|Slowbro, M|385\/393
|-damage|p1a: Slowbro|336\/393|[from] Stealth Rock
|turn|53
|
|move|p2a: Manaphy|Energy Ball|p1a: Slowbro
|-supereffective|p1a: Slowbro
|-damage|p1a: Slowbro|0 fnt
|faint|p1a: Slowbro
|
|-heal|p2a: Manaphy|216\/342 tox|[from] item: Leftovers
|-damage|p2a: Manaphy|111\/342 tox|[from] psn
|
|switch|p1a: Hydreigon|Hydreigon, M|81\/325
|-damage|p1a: Hydreigon|41\/325|[from] Stealth Rock
|turn|54
|
|move|p2a: Manaphy|Psychic|p1a: Hydreigon
|-immune|p1a: Hydreigon|[msg]
|move|p1a: Hydreigon|Focus Blast|p2a: Manaphy
|-damage|p2a: Manaphy|0 fnt
|faint|p2a: Manaphy
|
|
|switch|p2a: Blissey|Blissey, F|266\/652
|turn|55
|
|move|p1a: Hydreigon|Focus Blast|p2a: Blissey
|-supereffective|p2a: Blissey
|-damage|p2a: Blissey|0 fnt
|faint|p2a: Blissey
|
|win|A-Shwan
|raw|Ladder updating...
|raw|A-Shwan's rating: 1276 &rarr; <strong>1295<\/strong><br \/>(+19 for winning)
|raw|anti-test's rating: 1184 &rarr; <strong>1166<\/strong><br \/>(-18 for losing)
|leave|anti-test
|player|p2
|chat|A-Shwan|gg