|join|A-Shwan
|join|PercyJacksooooon
|player|p1|A-Shwan|29
|player|p2|PercyJacksooooon|170
|gametype|singles
|gen|6
|tier|UU
|rated
|rule|Sleep Clause Mod: Limit one foe put to sleep
|rule|Species Clause: Limit one of each Pokémon
|rule|OHKO Clause: OHKO moves are banned
|rule|Moody Clause: Moody is banned
|rule|Evasion Moves Clause: Evasion moves are banned
|rule|Endless Battle Clause: Forcing endless battles is banned
|rule|HP Percentage Mod: HP is shown in percentages
|clearpoke
|poke|p1|Arcanine, M
|poke|p1|Infernape, F
|poke|p1|Raikou
|poke|p1|Shaymin
|poke|p1|Honchkrow, M
|poke|p1|Doublade, M
|poke|p2|Machamp, M
|poke|p2|Houndoom, F
|poke|p2|Aggron, F
|poke|p2|Florges, F
|poke|p2|Trevenant, M
|poke|p2|Slowbro, M
|rule|Swagger Clause: Swagger is banned
|rule|Baton Pass Clause: Limit one Pokémon knowing Baton Pass
|teampreview
|
|start
|switch|p1a: Infernape|Infernape, F|293\/293
|switch|p2a: Cousin Midas|Aggron, F|305\/305
|turn|1
|
|move|p1a: Infernape|Stealth Rock|p2a: Cousin Midas
|-sidestart|p2: PercyJacksooooon|move: Stealth Rock
|move|p2a: Cousin Midas|Stealth Rock|p1a: Infernape
|-sidestart|p1: A-Shwan|move: Stealth Rock
|
|turn|2
|
|move|p1a: Infernape|Close Combat|p2a: Cousin Midas
|-supereffective|p2a: Cousin Midas
|-activate|p2a: Cousin Midas|Sturdy
|-damage|p2a: Cousin Midas|1\/305
|-damage|p1a: Infernape|245\/293|[from] item: Rocky Helmet|[of] p2a: Cousin Midas
|-unboost|p1a: Infernape|def|1
|-unboost|p1a: Infernape|spd|1
|move|p2a: Cousin Midas|Earthquake|p1a: Infernape
|-supereffective|p1a: Infernape
|-damage|p1a: Infernape|0 fnt
|faint|p1a: Infernape
|
|
|switch|p1a: Raikou|Raikou|322\/322
|-damage|p1a: Raikou|282\/322|[from] Stealth Rock
|-ability|p1a: Raikou|Pressure
|turn|3
|
|move|p1a: Raikou|Volt Switch|p2a: Cousin Midas
|-damage|p2a: Cousin Midas|0 fnt
|faint|p2a: Cousin Midas
|
|switch|p1a: Arcanine|Arcanine, M|383\/383
|-damage|p1a: Arcanine|288\/383|[from] Stealth Rock
|
|-heal|p1a: Arcanine|311\/383|[from] item: Leftovers
|
|switch|p2a: Duuuuuude|Slowbro, M|332\/332
|-damage|p2a: Duuuuuude|291\/332|[from] Stealth Rock
|turn|4
|
|switch|p1a: Raikou|Raikou|282\/322
|-damage|p1a: Raikou|242\/322|[from] Stealth Rock
|-ability|p1a: Raikou|Pressure
|move|p2a: Duuuuuude|Scald|p1a: Raikou
|-damage|p1a: Raikou|175\/322
|-status|p1a: Raikou|brn
|
|-heal|p2a: Duuuuuude|311\/332|[from] item: Leftovers
|-damage|p1a: Raikou|135\/322 brn|[from] brn
|turn|5
|
|switch|p2a: Flouwar|Florges, F|360\/360
|-damage|p2a: Flouwar|315\/360|[from] Stealth Rock
|move|p1a: Raikou|Thunderbolt|p2a: Flouwar
|-damage|p2a: Flouwar|239\/360
|
|-damage|p1a: Raikou|95\/322 brn|[from] brn
|turn|6
|
|move|p1a: Raikou|Volt Switch|p2a: Flouwar
|-damage|p2a: Flouwar|173\/360
|
|switch|p1a: Doublade|Doublade, M|319\/319
|-damage|p1a: Doublade|300\/319|[from] Stealth Rock
|move|p2a: Flouwar|Wish|p2a: Flouwar
|
|turn|7
|
|switch|p2a: Duuuuuude|Slowbro, M|332\/332
|-damage|p2a: Duuuuuude|291\/332|[from] Stealth Rock
|move|p1a: Doublade|Gyro Ball|p2a: Duuuuuude
|-resisted|p2a: Duuuuuude
|-damage|p2a: Duuuuuude|270\/332
|
|-heal|p2a: Duuuuuude|332\/332|[from] move: Wish|[wisher] Flouwar
|turn|8
|
|switch|p1a: Shaymin|Shaymin|341\/341
|-damage|p1a: Shaymin|299\/341|[from] Stealth Rock
|move|p2a: Duuuuuude|Calm Mind|p2a: Duuuuuude
|-boost|p2a: Duuuuuude|spa|1
|-boost|p2a: Duuuuuude|spd|1
|
|turn|9
|
|switch|p2a: Trae|Trevenant, M|324\/324
|-damage|p2a: Trae|284\/324|[from] Stealth Rock
|move|p1a: Shaymin|Seed Flare|p2a: Trae
|-resisted|p2a: Trae
|-damage|p2a: Trae|170\/324
|-damage|p1a: Shaymin|265\/341|[from] item: Life Orb
|
|turn|10
|
|switch|p1a: Honchkrow|Honchkrow, M|341\/341
|-damage|p1a: Honchkrow|256\/341|[from] Stealth Rock
|move|p2a: Trae|Shadow Claw|p1a: Honchkrow
|-resisted|p1a: Honchkrow
|-damage|p1a: Honchkrow|181\/341
|
|turn|11
|
|move|p1a: Honchkrow|Substitute|p1a: Honchkrow
|-start|p1a: Honchkrow|Substitute
|-damage|p1a: Honchkrow|96\/341
|move|p2a: Trae|Will-O-Wisp|p1a: Honchkrow|[miss]
|-miss|p2a: Trae|p1a: Honchkrow
|
|turn|12
|
|switch|p2a: Ares|Machamp, M|322\/322
|-damage|p2a: Ares|302\/322|[from] Stealth Rock
|move|p1a: Honchkrow|Roost|p1a: Honchkrow
|-heal|p1a: Honchkrow|267\/341
|
|turn|13
|
|move|p1a: Honchkrow|Brave Bird|p2a: Ares
|-supereffective|p2a: Ares
|-damage|p2a: Ares|0 fnt
|-damage|p1a: Honchkrow|167\/341|[from] recoil|[of] p2a: Ares
|-damage|p1a: Honchkrow|133\/341|[from] item: Life Orb
|faint|p2a: Ares
|-boost|p1a: Honchkrow|atk|1|[from] ability: Moxie
|
|
|switch|p2a: Duuuuuude|Slowbro, M|332\/332
|-damage|p2a: Duuuuuude|291\/332|[from] Stealth Rock
|turn|14
|
|move|p1a: Honchkrow|Sucker Punch|p2a: Duuuuuude
|-fail|p2a: Duuuuuude
|move|p2a: Duuuuuude|Slack Off|p2a: Duuuuuude
|-heal|p2a: Duuuuuude|332\/332
|
|turn|15
|
|move|p1a: Honchkrow|Sucker Punch|p2a: Duuuuuude
|-fail|p2a: Duuuuuude
|move|p2a: Duuuuuude|Slack Off|p2a: Duuuuuude
|-fail|p2a: Duuuuuude
|
|turn|16
|
|move|p1a: Honchkrow|Roost|p1a: Honchkrow
|-heal|p1a: Honchkrow|304\/341
|move|p2a: Duuuuuude|Calm Mind|p2a: Duuuuuude
|-boost|p2a: Duuuuuude|spa|1
|-boost|p2a: Duuuuuude|spd|1
|
|turn|17
|
|move|p1a: Honchkrow|Brave Bird|p2a: Duuuuuude
|-damage|p2a: Duuuuuude|12\/332
|-damage|p1a: Honchkrow|198\/341|[from] recoil|[of] p2a: Duuuuuude
|-damage|p1a: Honchkrow|164\/341|[from] item: Life Orb
|move|p2a: Duuuuuude|Calm Mind|p2a: Duuuuuude
|-boost|p2a: Duuuuuude|spa|1
|-boost|p2a: Duuuuuude|spd|1
|
|-heal|p2a: Duuuuuude|32\/332|[from] item: Leftovers
|turn|18
|
|move|p1a: Honchkrow|Brave Bird|p2a: Duuuuuude
|-damage|p2a: Duuuuuude|0 fnt
|-damage|p1a: Honchkrow|153\/341|[from] recoil|[of] p2a: Duuuuuude
|-damage|p1a: Honchkrow|119\/341|[from] item: Life Orb
|faint|p2a: Duuuuuude
|-boost|p1a: Honchkrow|atk|1|[from] ability: Moxie
|
|
|switch|p2a: Flouwar|Florges, F|173\/360
|-damage|p2a: Flouwar|128\/360|[from] Stealth Rock
|turn|19
|
|move|p1a: Honchkrow|Roost|p1a: Honchkrow
|-heal|p1a: Honchkrow|290\/341
|move|p2a: Flouwar|Moonblast|p1a: Honchkrow
|-supereffective|p1a: Honchkrow
|-end|p1a: Honchkrow|Substitute
|-damage|p2a: Flouwar|92\/360|[from] item: Life Orb
|
|turn|20
|
|move|p1a: Honchkrow|Brave Bird|p2a: Flouwar
|-damage|p2a: Flouwar|0 fnt
|-damage|p1a: Honchkrow|260\/341|[from] recoil|[of] p2a: Flouwar
|-damage|p1a: Honchkrow|226\/341|[from] item: Life Orb
|faint|p2a: Flouwar
|-boost|p1a: Honchkrow|atk|1|[from] ability: Moxie
|
|
|switch|p2a: Hades|Houndoom, F|292\/292
|-damage|p2a: Hades|219\/292|[from] Stealth Rock
|turn|21
|
|detailschange|p2a: Hades|Houndoom-Mega, F
|message|Houndoom has Mega Evolved into Mega Houndoom!
|move|p1a: Honchkrow|Sucker Punch|p2a: Hades
|-resisted|p2a: Hades
|-damage|p2a: Hades|0 fnt
|-damage|p1a: Honchkrow|192\/341|[from] item: Life Orb
|faint|p2a: Hades
|-boost|p1a: Honchkrow|atk|1|[from] ability: Moxie
|
|
|switch|p2a: Trae|Trevenant, M|170\/324
|-damage|p2a: Trae|130\/324|[from] Stealth Rock
|-enditem|p2a: Trae|Sitrus Berry|[eat]
|-heal|p2a: Trae|211\/324|[from] item: Sitrus Berry
|turn|22
|
|move|p1a: Honchkrow|Brave Bird|p2a: Trae
|-supereffective|p2a: Trae
|-damage|p2a: Trae|0 fnt
|-damage|p1a: Honchkrow|122\/341|[from] recoil|[of] p2a: Trae
|-damage|p1a: Honchkrow|88\/341|[from] item: Life Orb
|faint|p2a: Trae
|-boost|p1a: Honchkrow|atk|1|[from] ability: Moxie
|
|win|A-Shwan
|raw|Ladder updating...
|raw|A-Shwan's rating: 1112 &rarr; <strong>1133<\/strong><br \/>(+21 for winning)
|raw|PercyJacksooooon's rating: 1045 &rarr; <strong>1032<\/strong><br \/>(-13 for losing)
|chat|A-Shwan|gg