|join|GingerTitties
|join|Silverbacks
|player|p1|GingerTitties|290
|player|p2|Silverbacks|106
|gametype|singles
|gen|6
|tier|OU
|rated
|clearpoke
|poke|p1|Heatran, F
|poke|p1|Scizor, F
|poke|p1|Sylveon, F
|poke|p1|Latios, M
|poke|p1|Rotom-Wash
|poke|p1|Landorus-Therian, M
|poke|p2|Latias, F
|poke|p2|Azumarill, M
|poke|p2|Azelf
|poke|p2|Mamoswine, F
|poke|p2|Scizor, F
|poke|p2|Talonflame, M
|rule|Swagger Clause: Swagger is banned
|rule|Baton Pass Clause: Limit one Pokémon knowing Baton Pass
|rule|Sleep Clause Mod: Limit one foe put to sleep
|rule|Species Clause: Limit one of each Pokémon
|rule|OHKO Clause: OHKO moves are banned
|rule|Moody Clause: Moody is banned
|rule|Evasion Moves Clause: Evasion moves are banned
|rule|Endless Battle Clause: Forcing endless battles is banned
|rule|HP Percentage Mod: HP is shown in percentages
|teampreview
|
|start
|switch|p1a: Landorus-Therian|Landorus-Therian, M|328\/328
|switch|p2a: Kamikaze|Azelf|291\/291
|-ability|p1a: Landorus-Therian|Intimidate|[of] p2a: Kamikaze
|-unboost|p2a: Kamikaze|atk|1
|turn|1
|
|move|p1a: Landorus-Therian|U-turn|p2a: Kamikaze
|-supereffective|p2a: Kamikaze
|-damage|p2a: Kamikaze|51\/291
|
|switch|p1a: Scizor|Scizor, F|343\/343
|move|p2a: Kamikaze|Stealth Rock|p1a: Scizor
|-sidestart|p1: GingerTitties|move: Stealth Rock
|
|turn|2
|
|switch|p2a: Wright|Talonflame, M|329\/329
|detailschange|p1a: Scizor|Scizor-Mega, F
|message|Scizor has Mega Evolved into Mega Scizor!
|move|p1a: Scizor|Bullet Punch|p2a: Wright
|-resisted|p2a: Wright
|-damage|p2a: Wright|265\/329
|
|turn|3
|
|switch|p1a: Heatran|Heatran, F|323\/323
|-damage|p1a: Heatran|283\/323|[from] Stealth Rock
|move|p2a: Wright|Will-O-Wisp|p1a: Heatran
|-start|p1a: Heatran|ability: Flash Fire
|
|-heal|p1a: Heatran|303\/323|[from] item: Leftovers
|turn|4
|
|move|p2a: Wright|Swords Dance|p2a: Wright
|-boost|p2a: Wright|atk|2
|move|p1a: Heatran|Stealth Rock|p2a: Wright
|-sidestart|p2: Silverbacks|move: Stealth Rock
|
|-heal|p1a: Heatran|323\/323|[from] item: Leftovers
|turn|5
|
|move|p2a: Wright|Acrobatics|p1a: Heatran
|-resisted|p1a: Heatran
|-damage|p1a: Heatran|179\/323
|move|p1a: Heatran|Fire Blast|p2a: Wright
|-resisted|p2a: Wright
|-damage|p2a: Wright|72\/329
|
|-heal|p1a: Heatran|199\/323|[from] item: Leftovers
|turn|6
|
|move|p2a: Wright|Roost|p2a: Wright
|-heal|p2a: Wright|237\/329
|move|p1a: Heatran|Earth Power|p2a: Wright
|-supereffective|p2a: Wright
|-damage|p2a: Wright|0 fnt
|faint|p2a: Wright
|
|-heal|p1a: Heatran|219\/323|[from] item: Leftovers
|
|switch|p2a: Tusk|Mamoswine, F|361\/361
|-damage|p2a: Tusk|316\/361|[from] Stealth Rock
|turn|7
|
|switch|p1a: Rotom-Wash|Rotom-Wash|304\/304
|-damage|p1a: Rotom-Wash|266\/304|[from] Stealth Rock
|move|p2a: Tusk|Freeze-Dry|p1a: Rotom-Wash
|-supereffective|p1a: Rotom-Wash
|-damage|p1a: Rotom-Wash|102\/304
|-damage|p2a: Tusk|280\/361|[from] item: Life Orb
|
|-heal|p1a: Rotom-Wash|121\/304|[from] item: Leftovers
|turn|8
|
|switch|p1a: Scizor|Scizor-Mega, F|343\/343
|-damage|p1a: Scizor|301\/343|[from] Stealth Rock
|move|p2a: Tusk|Freeze-Dry|p1a: Scizor
|-resisted|p1a: Scizor
|-damage|p1a: Scizor|262\/343
|-damage|p2a: Tusk|244\/361|[from] item: Life Orb
|
|turn|9
|
|switch|p2a: Kamikaze|Azelf|51\/291
|-damage|p2a: Kamikaze|15\/291|[from] Stealth Rock
|move|p1a: Scizor|Swords Dance|p1a: Scizor
|-boost|p1a: Scizor|atk|2
|
|turn|10
|
|move|p1a: Scizor|Bullet Punch|p2a: Kamikaze
|-damage|p2a: Kamikaze|0 fnt
|faint|p2a: Kamikaze
|
|
|switch|p2a: Tsubaki|Scizor, F|311\/311
|-damage|p2a: Tsubaki|273\/311|[from] Stealth Rock
|turn|11
|
|switch|p1a: Latios|Latios, M|302\/302
|-damage|p1a: Latios|265\/302|[from] Stealth Rock
|move|p2a: Tsubaki|Superpower|p1a: Latios
|-resisted|p1a: Latios
|-damage|p1a: Latios|148\/302
|-unboost|p2a: Tsubaki|atk|1
|-unboost|p2a: Tsubaki|def|1
|-damage|p2a: Tsubaki|242\/311|[from] item: Life Orb
|
|turn|12
|
|switch|p2a: Bud|Azumarill, M|404\/404
|-damage|p2a: Bud|354\/404|[from] Stealth Rock
|move|p1a: Latios|Psyshock|p2a: Bud
|-damage|p2a: Bud|130\/404
|-damage|p1a: Latios|118\/302|[from] item: Life Orb
|
|turn|13
|
|move|p2a: Bud|Aqua Jet|p1a: Latios
|-resisted|p1a: Latios
|-damage|p1a: Latios|62\/302
|move|p1a: Latios|Psyshock|p2a: Bud
|-damage|p2a: Bud|0 fnt
|-damage|p1a: Latios|32\/302|[from] item: Life Orb
|faint|p2a: Bud
|
|
|switch|p2a: Tusk|Mamoswine, F|244\/361
|-damage|p2a: Tusk|199\/361|[from] Stealth Rock
|turn|14
|
|move|p2a: Tusk|Ice Shard|p1a: Latios
|-supereffective|p1a: Latios
|-damage|p1a: Latios|0 fnt
|-damage|p2a: Tusk|163\/361|[from] item: Life Orb
|faint|p1a: Latios
|
|
|switch|p1a: Scizor|Scizor-Mega, F|262\/343
|-damage|p1a: Scizor|220\/343|[from] Stealth Rock
|turn|15
|
|move|p2a: Tusk|Earthquake|p1a: Scizor
|-damage|p1a: Scizor|87\/343
|-damage|p2a: Tusk|127\/361|[from] item: Life Orb
|move|p1a: Scizor|Roost|p1a: Scizor
|-heal|p1a: Scizor|259\/343
|
|turn|16
|
|move|p2a: Tusk|Freeze-Dry|p1a: Scizor
|-resisted|p1a: Scizor
|-damage|p1a: Scizor|219\/343
|-damage|p2a: Tusk|91\/361|[from] item: Life Orb
|move|p1a: Scizor|Roost|p1a: Scizor
|-heal|p1a: Scizor|343\/343
|
|turn|17
|
|move|p2a: Tusk|Freeze-Dry|p1a: Scizor
|-resisted|p1a: Scizor
|-damage|p1a: Scizor|300\/343
|-damage|p2a: Tusk|55\/361|[from] item: Life Orb
|move|p1a: Scizor|Swords Dance|p1a: Scizor
|-boost|p1a: Scizor|atk|2
|
|turn|18
|
|move|p2a: Tusk|Freeze-Dry|p1a: Scizor
|-resisted|p1a: Scizor
|-damage|p1a: Scizor|261\/343
|-status|p1a: Scizor|frz
|-damage|p2a: Tusk|19\/361|[from] item: Life Orb
|cant|p1a: Scizor|frz
|
|turn|19
|
|cant|p1a: Scizor|frz
|move|p2a: Tusk|Earthquake|p1a: Scizor
|-damage|p1a: Scizor|132\/343 frz
|-damage|p2a: Tusk|0 fnt|[from] item: Life Orb
|faint|p2a: Tusk
|
|
|switch|p2a: Tsubaki|Scizor, F|242\/311
|-damage|p2a: Tsubaki|204\/311|[from] Stealth Rock
|turn|20
|
|move|p2a: Tsubaki|Swords Dance|p2a: Tsubaki
|-boost|p2a: Tsubaki|atk|2
|cant|p1a: Scizor|frz
|
|turn|21
|
|switch|p1a: Rotom-Wash|Rotom-Wash|121\/304
|-damage|p1a: Rotom-Wash|83\/304|[from] Stealth Rock
|move|p2a: Tsubaki|Superpower|p1a: Rotom-Wash
|-damage|p1a: Rotom-Wash|0 fnt
|-unboost|p2a: Tsubaki|atk|1
|-unboost|p2a: Tsubaki|def|1
|-damage|p2a: Tsubaki|173\/311|[from] item: Life Orb
|faint|p1a: Rotom-Wash
|
|
|switch|p1a: Heatran|Heatran, F|219\/323
|-damage|p1a: Heatran|179\/323|[from] Stealth Rock
|turn|22
|
|move|p1a: Heatran|Fire Blast|p2a: Tsubaki
|-supereffective|p2a: Tsubaki
|-damage|p2a: Tsubaki|0 fnt
|faint|p2a: Tsubaki
|
|-heal|p1a: Heatran|199\/323|[from] item: Leftovers
|
|switch|p2a: Throwback|Latias, F|364\/364
|-damage|p2a: Throwback|319\/364|[from] Stealth Rock
|turn|23
|
|switch|p1a: Sylveon|Sylveon, F|390\/390
|-damage|p1a: Sylveon|342\/390|[from] Stealth Rock
|detailschange|p2a: Throwback|Latias-Mega, F
|message|Latias has Mega Evolved into Mega Latias!
|move|p2a: Throwback|Calm Mind|p2a: Throwback
|-boost|p2a: Throwback|spa|1
|-boost|p2a: Throwback|spd|1
|
|-heal|p1a: Sylveon|366\/390|[from] item: Leftovers
|turn|24
|
|move|p2a: Throwback|Calm Mind|p2a: Throwback
|-boost|p2a: Throwback|spa|1
|-boost|p2a: Throwback|spd|1
|move|p1a: Sylveon|Hyper Voice|p2a: Throwback
|-supereffective|p2a: Throwback
|-damage|p2a: Throwback|193\/364
|
|-heal|p1a: Sylveon|390\/390|[from] item: Leftovers
|turn|25
|
|switch|p1a: Landorus-Therian|Landorus-Therian, M|328\/328
|-damage|p1a: Landorus-Therian|287\/328|[from] Stealth Rock
|-ability|p1a: Landorus-Therian|Intimidate|[of] p2a: Throwback
|-unboost|p2a: Throwback|atk|1
|move|p2a: Throwback|Calm Mind|p2a: Throwback
|-boost|p2a: Throwback|spa|1
|-boost|p2a: Throwback|spd|1
|
|turn|26
|
|move|p1a: Landorus-Therian|Toxic|p2a: Throwback
|-status|p2a: Throwback|tox
|move|p2a: Throwback|Recover|p2a: Throwback
|-heal|p2a: Throwback|364\/364 tox
|
|-damage|p2a: Throwback|342\/364 tox|[from] psn
|turn|27
|c|★Silverbacks|O-O
|c|★Silverbacks|toxic
|c|★GingerTitties|lmao yeah
|c|★GingerTitties|works well for whatever reason
|
|switch|p1a: Heatran|Heatran, F|199\/323
|-damage|p1a: Heatran|159\/323|[from] Stealth Rock
|move|p2a: Throwback|Stored Power|p1a: Heatran
|-resisted|p1a: Heatran
|-damage|p1a: Heatran|0 fnt
|faint|p1a: Heatran
|
|-damage|p2a: Throwback|298\/364 tox|[from] psn
|
|switch|p1a: Landorus-Therian|Landorus-Therian, M|287\/328
|-damage|p1a: Landorus-Therian|246\/328|[from] Stealth Rock
|-ability|p1a: Landorus-Therian|Intimidate|[of] p2a: Throwback
|-unboost|p2a: Throwback|atk|1
|turn|28
|
|move|p1a: Landorus-Therian|U-turn|p2a: Throwback
|-supereffective|p2a: Throwback
|-damage|p2a: Throwback|180\/364 tox
|
|switch|p1a: Scizor|Scizor-Mega, F|132\/343 frz
|-damage|p1a: Scizor|90\/343 frz|[from] Stealth Rock
|move|p2a: Throwback|Stored Power|p1a: Scizor
|-resisted|p1a: Scizor
|-damage|p1a: Scizor|0 fnt
|faint|p1a: Scizor
|
|-damage|p2a: Throwback|114\/364 tox|[from] psn
|c|★Silverbacks|gg
|c|★GingerTitties|gg
|
|switch|p1a: Landorus-Therian|Landorus-Therian, M|246\/328
|-damage|p1a: Landorus-Therian|205\/328|[from] Stealth Rock
|-ability|p1a: Landorus-Therian|Intimidate|[of] p2a: Throwback
|-unboost|p2a: Throwback|atk|1
|turn|29
|
|move|p1a: Landorus-Therian|U-turn|p2a: Throwback
|-supereffective|p2a: Throwback
|-damage|p2a: Throwback|0 fnt
|faint|p2a: Throwback
|
|win|GingerTitties
|raw|Ladder updating...
|raw|GingerTitties's rating: 1634 &rarr; <strong>1657<\/strong><br \/>(+23 for winning)
|raw|Silverbacks's rating: 1697 &rarr; <strong>1674<\/strong><br \/>(-23 for losing)
|c|★Silverbacks|nb
|c|★GingerTitties|try it dude
|c|★Silverbacks|i was just trying to get it
|c|★GingerTitties|beats other landos too
|c|★Silverbacks|so i could sweep
|c|★GingerTitties|I know lol
|c|★Silverbacks|didnt know lando had toxic XD
|c|★GingerTitties|:P
|leave|Silverbacks
|player|p2