|join|Silverbacks
|join|Elvenne
|player|p1|Silverbacks|106
|player|p2|Elvenne|8
|gametype|singles
|gen|6
|tier|OU
|rated
|clearpoke
|poke|p1|Tyranitar, F
|poke|p1|Excadrill, F
|poke|p1|Talonflame, M
|poke|p1|Latios, M
|poke|p1|Terrakion
|poke|p1|Greninja, F, shiny
|poke|p2|Clefable, M
|poke|p2|Medicham, F
|poke|p2|Gyarados, M
|poke|p2|Skarmory, F
|poke|p2|Gothitelle, M
|poke|p2|Talonflame, M
|rule|Swagger Clause: Swagger is banned
|rule|Baton Pass Clause: Limit one Pokémon knowing Baton Pass
|rule|Sleep Clause Mod: Limit one foe put to sleep
|rule|Species Clause: Limit one of each Pokémon
|rule|OHKO Clause: OHKO moves are banned
|rule|Moody Clause: Moody is banned
|rule|Evasion Moves Clause: Evasion moves are banned
|rule|Endless Battle Clause: Forcing endless battles is banned
|rule|HP Percentage Mod: HP is shown in percentages
|teampreview
|
|start
|switch|p1a: Latios|Latios, M|302\/302
|switch|p2a: Evil|Medicham, F|261\/261
|turn|1
|
|detailschange|p2a: Evil|Medicham-Mega, F
|message|Medicham has Mega Evolved into Mega Medicham!
|move|p2a: Evil|Fake Out|p1a: Latios
|-damage|p1a: Latios|199\/302
|cant|p1a: Latios|flinch
|
|turn|2
|
|switch|p2a: Evil|Gothitelle, M|299\/299
|move|p1a: Latios|Psyshock|p2a: Evil
|-resisted|p2a: Evil
|-damage|p2a: Evil|198\/299
|-damage|p1a: Latios|169\/302|[from] item: Life Orb
|
|turn|3
|
|move|p1a: Latios|Draco Meteor|p2a: Evil
|-damage|p2a: Evil|0 fnt
|-unboost|p1a: Latios|spa|2
|-damage|p1a: Latios|139\/302|[from] item: Life Orb
|faint|p2a: Evil
|
|
|switch|p2a: Evil|Medicham-Mega, F|261\/261
|turn|4
|
|switch|p1a: Crapton Falcon|Talonflame, M|331\/331
|move|p2a: Evil|Drain Punch|p1a: Crapton Falcon
|-resisted|p1a: Crapton Falcon
|-damage|p1a: Crapton Falcon|156\/331
|
|turn|5
|
|switch|p2a: Gyarados|Gyarados, M|393\/393
|-ability|p2a: Gyarados|Intimidate|[of] p1a: Crapton Falcon
|-unboost|p1a: Crapton Falcon|atk|1
|move|p1a: Crapton Falcon|Will-O-Wisp|p2a: Gyarados|[miss]
|-miss|p1a: Crapton Falcon|p2a: Gyarados
|
|turn|6
|
|switch|p1a: Latios|Latios, M|139\/302
|move|p2a: Gyarados|Waterfall|p1a: Latios
|-resisted|p1a: Latios
|-damage|p1a: Latios|64\/302
|
|turn|7
|
|switch|p2a: Clefable|Clefable, M|394\/394
|move|p1a: Latios|Psyshock|p2a: Clefable
|-damage|p2a: Clefable|190\/394
|-damage|p1a: Latios|34\/302|[from] item: Life Orb
|
|-heal|p2a: Clefable|214\/394|[from] item: Leftovers
|turn|8
|
|switch|p1a: Driller|Excadrill, F|362\/362
|-item|p1a: Driller|Air Balloon
|move|p2a: Clefable|Soft-Boiled|p2a: Clefable
|-heal|p2a: Clefable|394\/394
|
|turn|9
|
|switch|p1a: Latios|Latios, M|34\/302
|move|p2a: Clefable|Stealth Rock|p1a: Latios
|-sidestart|p1: Silverbacks|move: Stealth Rock
|
|turn|10
|
|move|p1a: Latios|Defog|p2a: Clefable
|-unboost|p2a: Clefable|evasion|1
|-sideend|p1: Silverbacks|Stealth Rock|[from] move: Defog|[of] p1a: Latios
|move|p2a: Clefable|Soft-Boiled|p2a: Clefable
|-fail|p2a: Clefable
|
|turn|11
|
|switch|p1a: Crapton Falcon|Talonflame, M|156\/331
|move|p2a: Clefable|Moonblast|p1a: Crapton Falcon
|-resisted|p1a: Crapton Falcon
|-damage|p1a: Crapton Falcon|86\/331
|
|turn|12
|
|switch|p2a: Evil|Talonflame, M|297\/297
|move|p1a: Crapton Falcon|Roost|p1a: Crapton Falcon
|-heal|p1a: Crapton Falcon|252\/331
|
|turn|13
|
|switch|p1a: Boa|Tyranitar, F|341\/341
|-weather|Sandstorm
|move|p2a: Evil|U-turn|p1a: Boa
|-supereffective|p1a: Boa
|-damage|p1a: Boa|161\/341
|
|switch|p2a: Evil|Medicham-Mega, F|261\/261
|
|-weather|Sandstorm|[upkeep]
|-damage|p2a: Evil|245\/261|[from] sandstorm
|turn|14
|
|switch|p1a: Latios|Latios, M|34\/302
|move|p2a: Evil|Drain Punch|p1a: Latios
|-resisted|p1a: Latios
|-damage|p1a: Latios|0 fnt
|-heal|p2a: Evil|261\/261|[from] drain|[of] p1a: Latios
|faint|p1a: Latios
|
|-weather|Sandstorm|[upkeep]
|-damage|p2a: Evil|245\/261|[from] sandstorm
|
|switch|p1a: Crapton Falcon|Talonflame, M|252\/331
|turn|15
|
|switch|p2a: Gyarados|Gyarados, M|393\/393
|-ability|p2a: Gyarados|Intimidate|[of] p1a: Crapton Falcon
|-unboost|p1a: Crapton Falcon|atk|1
|move|p1a: Crapton Falcon|Acrobatics|p2a: Gyarados
|-damage|p2a: Gyarados|308\/393
|
|-weather|Sandstorm|[upkeep]
|-damage|p1a: Crapton Falcon|232\/331|[from] sandstorm
|-damage|p2a: Gyarados|284\/393|[from] sandstorm
|-heal|p2a: Gyarados|308\/393|[from] item: Leftovers
|turn|16
|
|move|p1a: Crapton Falcon|Will-O-Wisp|p2a: Gyarados
|-status|p2a: Gyarados|brn
|move|p2a: Gyarados|Waterfall|p1a: Crapton Falcon
|-supereffective|p1a: Crapton Falcon
|-damage|p1a: Crapton Falcon|76\/331
|
|-weather|Sandstorm|[upkeep]
|-damage|p1a: Crapton Falcon|56\/331|[from] sandstorm
|-damage|p2a: Gyarados|284\/393 brn|[from] sandstorm
|-heal|p2a: Gyarados|308\/393 brn|[from] item: Leftovers
|-damage|p2a: Gyarados|259\/393 brn|[from] brn
|turn|17
|
|switch|p1a: Aeya|Greninja, F, shiny|286\/286
|switch|p2a: Clefable|Clefable, M|394\/394
|
|-weather|none
|turn|18
|
|move|p1a: Aeya|Ice Beam|p2a: Clefable
|-start|p1a: Aeya|typechange|Ice|[from] Protean
|-damage|p2a: Clefable|242\/394
|-damage|p1a: Aeya|258\/286|[from] item: Life Orb
|move|p2a: Clefable|Stealth Rock|p1a: Aeya
|-sidestart|p1: Silverbacks|move: Stealth Rock
|
|-heal|p2a: Clefable|266\/394|[from] item: Leftovers
|turn|19
|
|move|p1a: Aeya|Hydro Pump|p2a: Clefable
|-start|p1a: Aeya|typechange|Water|[from] Protean
|-damage|p2a: Clefable|81\/394
|-damage|p1a: Aeya|230\/286|[from] item: Life Orb
|move|p2a: Clefable|Soft-Boiled|p2a: Clefable
|-heal|p2a: Clefable|278\/394
|
|-heal|p2a: Clefable|302\/394|[from] item: Leftovers
|turn|20
|
|switch|p1a: Driller|Excadrill, F|362\/362
|-damage|p1a: Driller|351\/362|[from] Stealth Rock
|-item|p1a: Driller|Air Balloon
|move|p2a: Clefable|Soft-Boiled|p2a: Clefable
|-heal|p2a: Clefable|394\/394
|
|turn|21
|
|move|p1a: Driller|Rapid Spin|p2a: Clefable
|-damage|p2a: Clefable|364\/394
|-sideend|p1: Silverbacks|Stealth Rock|[from] move: Rapid Spin|[of] p1a: Driller
|move|p2a: Clefable|Fire Blast|p1a: Driller
|-supereffective|p1a: Driller
|-damage|p1a: Driller|137\/362
|-enditem|p1a: Driller|Air Balloon
|
|-heal|p2a: Clefable|388\/394|[from] item: Leftovers
|turn|22
|
|switch|p2a: Skarmory|Skarmory, F|334\/334
|move|p1a: Driller|Iron Head|p2a: Skarmory
|-resisted|p2a: Skarmory
|-damage|p2a: Skarmory|292\/334
|
|turn|23
|
|switch|p2a: Evil|Medicham-Mega, F|245\/261
|move|p1a: Driller|Swords Dance|p1a: Driller
|-boost|p1a: Driller|atk|2
|
|turn|24
|
|switch|p1a: Boa|Tyranitar, F|161\/341
|-weather|Sandstorm
|move|p2a: Evil|Drain Punch|p1a: Boa
|-supereffective|p1a: Boa
|-damage|p1a: Boa|0 fnt
|-heal|p2a: Evil|261\/261|[from] drain|[of] p1a: Boa
|faint|p1a: Boa
|
|-weather|Sandstorm|[upkeep]
|-damage|p2a: Evil|245\/261|[from] sandstorm
|
|switch|p1a: Crapton Falcon|Talonflame, M|56\/331
|turn|25
|
|move|p1a: Crapton Falcon|Acrobatics|p2a: Evil
|-supereffective|p2a: Evil
|-damage|p2a: Evil|0 fnt
|faint|p2a: Evil
|
|-weather|Sandstorm|[upkeep]
|-damage|p1a: Crapton Falcon|36\/331|[from] sandstorm
|
|switch|p2a: Evil|Talonflame, M|297\/297
|turn|26
|
|switch|p1a: Aeya|Greninja, F, shiny|230\/286
|move|p2a: Evil|Brave Bird|p1a: Aeya
|-damage|p1a: Aeya|0 fnt
|-damage|p2a: Evil|221\/297|[from] recoil|[of] p1a: Aeya
|faint|p1a: Aeya
|
|-weather|Sandstorm|[upkeep]
|-damage|p2a: Evil|203\/297|[from] sandstorm
|
|switch|p1a: Terrakion|Terrakion|324\/324
|turn|27
|
|switch|p2a: Skarmory|Skarmory, F|292\/334
|move|p1a: Terrakion|Stone Edge|p2a: Skarmory
|-damage|p2a: Skarmory|186\/334
|
|-weather|Sandstorm|[upkeep]
|turn|28
|
|move|p1a: Terrakion|Close Combat|p2a: Skarmory
|-damage|p2a: Skarmory|54\/334
|-unboost|p1a: Terrakion|def|1
|-unboost|p1a: Terrakion|spd|1
|move|p2a: Skarmory|Roost|p2a: Skarmory
|-heal|p2a: Skarmory|221\/334
|
|-weather|none
|turn|29
|
|move|p1a: Terrakion|Close Combat|p2a: Skarmory
|-damage|p2a: Skarmory|98\/334
|-unboost|p1a: Terrakion|def|1
|-unboost|p1a: Terrakion|spd|1
|move|p2a: Skarmory|Roost|p2a: Skarmory
|-heal|p2a: Skarmory|265\/334
|
|turn|30
|
|move|p1a: Terrakion|Stealth Rock|p2a: Skarmory
|-sidestart|p2: Elvenne|move: Stealth Rock
|move|p2a: Skarmory|Counter|p1a: Terrakion
|-fail|p1a: Terrakion
|
|turn|31
|
|switch|p1a: Crapton Falcon|Talonflame, M|36\/331
|move|p2a: Skarmory|Defog|p1a: Crapton Falcon
|-unboost|p1a: Crapton Falcon|evasion|1
|-sideend|p2: Elvenne|Stealth Rock|[from] move: Defog|[of] p2a: Skarmory
|
|turn|32
|
|switch|p2a: Gyarados|Gyarados, M|259\/393 brn
|-ability|p2a: Gyarados|Intimidate|[of] p1a: Crapton Falcon
|-unboost|p1a: Crapton Falcon|atk|1
|move|p1a: Crapton Falcon|Roost|p1a: Crapton Falcon
|-heal|p1a: Crapton Falcon|202\/331
|
|-heal|p2a: Gyarados|283\/393 brn|[from] item: Leftovers
|-damage|p2a: Gyarados|234\/393 brn|[from] brn
|turn|33
|
|switch|p1a: Driller|Excadrill, F|137\/362
|move|p2a: Gyarados|Waterfall|p1a: Driller
|-supereffective|p1a: Driller
|-damage|p1a: Driller|0 fnt
|faint|p1a: Driller
|
|-heal|p2a: Gyarados|258\/393 brn|[from] item: Leftovers
|-damage|p2a: Gyarados|209\/393 brn|[from] brn
|
|switch|p1a: Terrakion|Terrakion|324\/324
|turn|34
|
|move|p1a: Terrakion|Stone Edge|p2a: Gyarados
|-supereffective|p2a: Gyarados
|-damage|p2a: Gyarados|0 fnt
|faint|p2a: Gyarados
|
|
|switch|p2a: Clefable|Clefable, M|388\/394
|turn|35
|
|move|p1a: Terrakion|Stealth Rock|p2a: Clefable
|-sidestart|p2: Elvenne|move: Stealth Rock
|move|p2a: Clefable|Stealth Rock|p1a: Terrakion
|-sidestart|p1: Silverbacks|move: Stealth Rock
|
|-heal|p2a: Clefable|394\/394|[from] item: Leftovers
|turn|36
|c|★Silverbacks|damn
|c|★Silverbacks|nice
|
|move|p1a: Terrakion|Stone Edge|p2a: Clefable
|-damage|p2a: Clefable|195\/394
|move|p2a: Clefable|Moonblast|p1a: Terrakion
|-supereffective|p1a: Terrakion
|-damage|p1a: Terrakion|94\/324
|
|-heal|p2a: Clefable|219\/394|[from] item: Leftovers
|turn|37
|
|move|p1a: Terrakion|Stone Edge|p2a: Clefable
|-damage|p2a: Clefable|0 fnt
|faint|p2a: Clefable
|
|
|switch|p2a: Evil|Talonflame, M|203\/297
|-damage|p2a: Evil|55\/297|[from] Stealth Rock
|turn|38
|
|move|p2a: Evil|Brave Bird|p1a: Terrakion
|-crit|p1a: Terrakion
|-damage|p1a: Terrakion|0 fnt
|-damage|p2a: Evil|24\/297|[from] recoil|[of] p1a: Terrakion
|faint|p1a: Terrakion
|
|
|switch|p1a: Crapton Falcon|Talonflame, M|202\/331
|-damage|p1a: Crapton Falcon|37\/331|[from] Stealth Rock
|turn|39
|c|★Elvenne|mmm
|c|★Silverbacks|i am jolly
|c|★Elvenne|me too
|c|★Elvenne|:<
|c|★Silverbacks|but not max speed
|c|★Elvenne|im max
|c|★Silverbacks|so you probably got this
|c|★Silverbacks|gg
|
|move|p2a: Evil|Brave Bird|p1a: Crapton Falcon
|-damage|p1a: Crapton Falcon|0 fnt
|-damage|p2a: Evil|12\/297|[from] recoil|[of] p1a: Crapton Falcon
|faint|p1a: Crapton Falcon
|
|win|Elvenne
|raw|Ladder updating...
|c|★Elvenne|gg
|raw|Silverbacks's rating: 1636 &rarr; <strong>1614<\/strong><br \/>(-22 for losing)
|raw|Elvenne's rating: 1606 &rarr; <strong>1630<\/strong><br \/>(+24 for winning)