|join|Lef Deppard
|join|Aka DH
|player|p1|Lef Deppard|240
|player|p2|Aka DH|1
|gametype|singles
|gen|6
|tier|OU
|rated
|clearpoke
|poke|p1|Donphan, M
|poke|p1|Zapdos
|poke|p1|Keldeo-Resolute
|poke|p1|Pinsir, M
|poke|p1|Metagross
|poke|p1|Celebi
|poke|p2|Bisharp, F
|poke|p2|Venusaur, M
|poke|p2|Heatran, F
|poke|p2|Keldeo
|poke|p2|Chansey, F
|poke|p2|Skarmory, M
|rule|Swagger Clause: Swagger is banned
|rule|Baton Pass Clause: Limit one Pokémon knowing Baton Pass
|rule|Sleep Clause Mod: Limit one foe put to sleep
|rule|Species Clause: Limit one of each Pokémon
|rule|OHKO Clause: OHKO moves are banned
|rule|Moody Clause: Moody is banned
|rule|Evasion Moves Clause: Evasion moves are banned
|rule|Endless Battle Clause: Forcing endless battles is banned
|rule|HP Percentage Mod: HP is shown in percentages
|teampreview
|
|start
|switch|p1a: Animal|Keldeo-Resolute|322\/322
|switch|p2a: Venusaur|Venusaur, M|364\/364
|turn|1
|
|switch|p1a: Undefeated|Metagross|364\/364
|switch|p2a: Heatran|Heatran, F|340\/340
|-item|p2a: Heatran|Air Balloon
|
|turn|2
|
|switch|p1a: Animal|Keldeo-Resolute|322\/322
|move|p2a: Heatran|Stealth Rock|p1a: Animal
|-sidestart|p1: Lef Deppard|move: Stealth Rock
|
|turn|3
|
|switch|p1a: Undefeated|Metagross|364\/364
|-damage|p1a: Undefeated|342\/364|[from] Stealth Rock
|switch|p2a: Venusaur|Venusaur, M|364\/364
|
|-heal|p1a: Undefeated|364\/364|[from] item: Leftovers
|turn|4
|
|detailschange|p2a: Venusaur|Venusaur-Mega, M
|-mega|p2a: Venusaur|Venusaur|Venusaurite
|move|p2a: Venusaur|Leech Seed|p1a: Undefeated
|-start|p1a: Undefeated|move: Leech Seed
|move|p1a: Undefeated|Stealth Rock|p2a: Venusaur
|-sidestart|p2: Aka DH|move: Stealth Rock
|
|-damage|p1a: Undefeated|319\/364|[from] Leech Seed|[of] p2a: Venusaur
|turn|5
|
|switch|p2a: Bisharp|Bisharp, F|334\/334
|-damage|p2a: Bisharp|314\/334|[from] Stealth Rock
|switch|p1a: Love bites|Celebi|404\/404
|-damage|p1a: Love bites|354\/404|[from] Stealth Rock
|
|-heal|p1a: Love bites|379\/404|[from] item: Leftovers
|-heal|p2a: Bisharp|334\/334|[from] item: Leftovers
|turn|6
|
|switch|p1a: Animal|Keldeo-Resolute|322\/322
|-damage|p1a: Animal|302\/322|[from] Stealth Rock
|move|p2a: Bisharp|Knock Off|p1a: Animal
|-resisted|p1a: Animal
|-damage|p1a: Animal|207\/322
|-boost|p1a: Animal|atk|1|[from] ability: Justified
|-enditem|p1a: Animal|Choice Specs|[from] move: Knock Off|[of] p2a: Bisharp
|
|turn|7
|
|switch|p2a: Venusaur|Venusaur-Mega, M|364\/364
|-damage|p2a: Venusaur|319\/364|[from] Stealth Rock
|move|p1a: Animal|Scald|p2a: Venusaur
|-resisted|p2a: Venusaur
|-damage|p2a: Venusaur|259\/364
|-status|p2a: Venusaur|brn
|
|-damage|p2a: Venusaur|214\/364 brn|[from] brn
|turn|8
|
|switch|p1a: Undefeated|Metagross|319\/364
|-damage|p1a: Undefeated|297\/364|[from] Stealth Rock
|move|p2a: Venusaur|Synthesis|p2a: Venusaur
|-heal|p2a: Venusaur|364\/364 brn
|
|-heal|p1a: Undefeated|319\/364|[from] item: Leftovers
|-damage|p2a: Venusaur|319\/364 brn|[from] brn
|turn|9
|
|switch|p1a: Pour sugar on me|Donphan, M|384\/384
|-damage|p1a: Pour sugar on me|360\/384|[from] Stealth Rock
|move|p2a: Venusaur|Leech Seed|p1a: Pour sugar on me
|-start|p1a: Pour sugar on me|move: Leech Seed
|
|-heal|p1a: Pour sugar on me|384\/384|[from] item: Leftovers
|-damage|p1a: Pour sugar on me|336\/384|[from] Leech Seed|[of] p2a: Venusaur
|-heal|p2a: Venusaur|364\/364 brn|[silent]
|-damage|p2a: Venusaur|319\/364 brn|[from] brn
|turn|10
|
|switch|p1a: Undefeated|Metagross|319\/364
|-damage|p1a: Undefeated|297\/364|[from] Stealth Rock
|move|p2a: Venusaur|Giga Drain|p1a: Undefeated
|-resisted|p1a: Undefeated
|-damage|p1a: Undefeated|243\/364
|-heal|p2a: Venusaur|346\/364 brn|[from] drain|[of] p1a: Undefeated
|
|-heal|p1a: Undefeated|265\/364|[from] item: Leftovers
|-damage|p2a: Venusaur|301\/364 brn|[from] brn
|turn|11
|
|move|p2a: Venusaur|Hidden Power|p1a: Undefeated
|-supereffective|p1a: Undefeated
|-damage|p1a: Undefeated|147\/364
|move|p1a: Undefeated|Meteor Mash|p2a: Venusaur
|-damage|p2a: Venusaur|192\/364 brn
|
|-heal|p1a: Undefeated|169\/364|[from] item: Leftovers
|-damage|p2a: Venusaur|147\/364 brn|[from] brn
|turn|12
|
|move|p2a: Venusaur|Synthesis|p2a: Venusaur
|-heal|p2a: Venusaur|329\/364 brn
|move|p1a: Undefeated|Meteor Mash|p2a: Venusaur
|-damage|p2a: Venusaur|221\/364 brn
|
|-heal|p1a: Undefeated|191\/364|[from] item: Leftovers
|-damage|p2a: Venusaur|176\/364 brn|[from] brn
|turn|13
|
|move|p2a: Venusaur|Synthesis|p2a: Venusaur
|-heal|p2a: Venusaur|358\/364 brn
|move|p1a: Undefeated|Earthquake|p2a: Venusaur
|-damage|p2a: Venusaur|278\/364 brn
|
|-heal|p1a: Undefeated|213\/364|[from] item: Leftovers
|-damage|p2a: Venusaur|233\/364 brn|[from] brn
|turn|14
|
|switch|p2a: Heatran|Heatran, F|340\/340
|-damage|p2a: Heatran|298\/340|[from] Stealth Rock
|-item|p2a: Heatran|Air Balloon
|move|p1a: Undefeated|Meteor Mash|p2a: Heatran
|-resisted|p2a: Heatran
|-damage|p2a: Heatran|260\/340
|-enditem|p2a: Heatran|Air Balloon
|
|-heal|p1a: Undefeated|235\/364|[from] item: Leftovers
|turn|15
|
|switch|p1a: Animal|Keldeo-Resolute|207\/322
|-damage|p1a: Animal|187\/322|[from] Stealth Rock
|move|p2a: Heatran|Fire Blast|p1a: Animal
|-resisted|p1a: Animal
|-damage|p1a: Animal|93\/322
|
|turn|16
|
|switch|p2a: Venusaur|Venusaur-Mega, M|233\/364 brn
|-damage|p2a: Venusaur|188\/364 brn|[from] Stealth Rock
|move|p1a: Animal|Hydro Pump|p2a: Venusaur|[miss]
|-miss|p1a: Animal|p2a: Venusaur
|
|-damage|p2a: Venusaur|143\/364 brn|[from] brn
|turn|17
|
|switch|p1a: Undefeated|Metagross|235\/364
|-damage|p1a: Undefeated|213\/364|[from] Stealth Rock
|move|p2a: Venusaur|Synthesis|p2a: Venusaur
|-heal|p2a: Venusaur|325\/364 brn
|
|-heal|p1a: Undefeated|235\/364|[from] item: Leftovers
|-damage|p2a: Venusaur|280\/364 brn|[from] brn
|turn|18
|
|switch|p2a: Skarmory|Skarmory, M|334\/334
|-damage|p2a: Skarmory|293\/334|[from] Stealth Rock
|move|p1a: Undefeated|Meteor Mash|p2a: Skarmory
|-resisted|p2a: Skarmory
|-damage|p2a: Skarmory|238\/334
|-damage|p1a: Undefeated|175\/364|[from] item: Rocky Helmet|[of] p2a: Skarmory
|
|-heal|p1a: Undefeated|197\/364|[from] item: Leftovers
|turn|19
|
|switch|p1a: Pour sugar on me|Donphan, M|336\/384
|-damage|p1a: Pour sugar on me|312\/384|[from] Stealth Rock
|move|p2a: Skarmory|Whirlwind|p1a: Pour sugar on me
|drag|p1a: Animal|Keldeo-Resolute|93\/322
|-damage|p1a: Animal|73\/322|[from] Stealth Rock
|
|turn|20
|
|switch|p1a: Undefeated|Metagross|197\/364
|-damage|p1a: Undefeated|175\/364|[from] Stealth Rock
|switch|p2a: Venusaur|Venusaur-Mega, M|280\/364 brn
|-damage|p2a: Venusaur|235\/364 brn|[from] Stealth Rock
|
|-heal|p1a: Undefeated|197\/364|[from] item: Leftovers
|-damage|p2a: Venusaur|190\/364 brn|[from] brn
|turn|21
|
|move|p2a: Venusaur|Hidden Power|p1a: Undefeated
|-supereffective|p1a: Undefeated
|-damage|p1a: Undefeated|75\/364
|move|p1a: Undefeated|Meteor Mash|p2a: Venusaur
|-damage|p2a: Venusaur|79\/364 brn
|-boost|p1a: Undefeated|atk|1
|
|-heal|p1a: Undefeated|97\/364|[from] item: Leftovers
|-damage|p2a: Venusaur|34\/364 brn|[from] brn
|turn|22
|
|move|p1a: Undefeated|Bullet Punch|p2a: Venusaur
|-damage|p2a: Venusaur|0 fnt
|faint|p2a: Venusaur
|
|-heal|p1a: Undefeated|119\/364|[from] item: Leftovers
|
|switch|p2a: Heatran|Heatran, F|260\/340
|-damage|p2a: Heatran|218\/340|[from] Stealth Rock
|turn|23
|
|move|p2a: Heatran|Fire Blast|p1a: Undefeated
|-supereffective|p1a: Undefeated
|-damage|p1a: Undefeated|0 fnt
|faint|p1a: Undefeated
|
|
|switch|p1a: Animal|Keldeo-Resolute|73\/322
|-damage|p1a: Animal|53\/322|[from] Stealth Rock
|turn|24
|
|switch|p2a: Keldeo|Keldeo|323\/323
|-damage|p2a: Keldeo|303\/323|[from] Stealth Rock
|move|p1a: Animal|Secret Sword|p2a: Keldeo
|-damage|p2a: Keldeo|123\/323
|
|-heal|p2a: Keldeo|143\/323|[from] item: Leftovers
|turn|25
|
|move|p2a: Keldeo|Scald|p1a: Animal
|-resisted|p1a: Animal
|-damage|p1a: Animal|0 fnt
|faint|p1a: Animal
|
|-heal|p2a: Keldeo|163\/323|[from] item: Leftovers
|
|switch|p1a: Love bites|Celebi|379\/404
|-damage|p1a: Love bites|329\/404|[from] Stealth Rock
|turn|26
|
|move|p2a: Keldeo|Icy Wind|p1a: Love bites
|-supereffective|p1a: Love bites
|-damage|p1a: Love bites|231\/404
|-unboost|p1a: Love bites|spe|1
|move|p1a: Love bites|Thunder Wave|p2a: Keldeo
|-status|p2a: Keldeo|par
|
|-heal|p1a: Love bites|256\/404|[from] item: Leftovers
|-heal|p2a: Keldeo|183\/323 par|[from] item: Leftovers
|turn|27
|
|switch|p2a: Bisharp|Bisharp, F|334\/334
|-damage|p2a: Bisharp|314\/334|[from] Stealth Rock
|move|p1a: Love bites|Thunder Wave|p2a: Bisharp
|-status|p2a: Bisharp|par
|
|-heal|p1a: Love bites|281\/404|[from] item: Leftovers
|-heal|p2a: Bisharp|334\/334 par|[from] item: Leftovers
|turn|28
|
|switch|p1a: Pour sugar on me|Donphan, M|312\/384
|-damage|p1a: Pour sugar on me|288\/384|[from] Stealth Rock
|move|p2a: Bisharp|Knock Off|p1a: Pour sugar on me
|-damage|p1a: Pour sugar on me|116\/384
|-enditem|p1a: Pour sugar on me|Leftovers|[from] move: Knock Off|[of] p2a: Bisharp
|
|turn|29
|
|move|p2a: Bisharp|Sucker Punch|p1a: Pour sugar on me
|-damage|p1a: Pour sugar on me|0 fnt
|faint|p1a: Pour sugar on me
|
|
|switch|p1a: Armageddon it|Pinsir, M|271\/271
|-damage|p1a: Armageddon it|204\/271|[from] Stealth Rock
|turn|30
|
|detailschange|p1a: Armageddon it|Pinsir-Mega, M
|-mega|p1a: Armageddon it|Pinsir|Pinsirite
|move|p1a: Armageddon it|Swords Dance|p1a: Armageddon it
|-boost|p1a: Armageddon it|atk|2
|move|p2a: Bisharp|Iron Head|p1a: Armageddon it
|-damage|p1a: Armageddon it|83\/271
|
|turn|31
|
|move|p1a: Armageddon it|Quick Attack|p2a: Bisharp
|-resisted|p2a: Bisharp
|-damage|p2a: Bisharp|236\/334 par
|move|p2a: Bisharp|Sucker Punch|p1a: Armageddon it
|-fail|p1a: Armageddon it
|
|-heal|p2a: Bisharp|256\/334 par|[from] item: Leftovers
|turn|32
|
|move|p2a: Bisharp|Sucker Punch|p1a: Armageddon it
|-damage|p1a: Armageddon it|0 fnt
|faint|p1a: Armageddon it
|
|-heal|p2a: Bisharp|276\/334 par|[from] item: Leftovers
|c|★Lef Deppard|Wow
|c|★Lef Deppard|u r so lucky
|-message|Lef Deppard forfeited.
|leave|Lef Deppard
|
|win|Aka DH
|raw|Ladder updating...
|player|p1
|raw|Lef Deppard's rating: 1766 &rarr; <strong>1747<\/strong><br \/>(-19 for losing)
|raw|Aka DH's rating: 1776 &rarr; <strong>1795<\/strong><br \/>(+19 for winning)
|c|★Aka DH|get rekt noob