|join|Aka DH
|join|Dayanne
|player|p1|Aka DH|1
|player|p2|Dayanne|37
|gametype|singles
|gen|6
|tier|OU
|rated
|clearpoke
|poke|p1|Bisharp, M
|poke|p1|Venusaur, M
|poke|p1|Heatran, M
|poke|p1|Keldeo
|poke|p1|Chansey, F
|poke|p1|Skarmory, F
|poke|p2|Chansey, F
|poke|p2|Zapdos
|poke|p2|Scizor, M
|poke|p2|Clefable, F
|poke|p2|Gliscor, M
|poke|p2|Slowbro, M
|rule|Swagger Clause: Swagger is banned
|rule|Baton Pass Clause: Limit one Pokémon knowing Baton Pass
|rule|Sleep Clause Mod: Limit one foe put to sleep
|rule|Species Clause: Limit one of each Pokémon
|rule|OHKO Clause: OHKO moves are banned
|rule|Moody Clause: Moody is banned
|rule|Evasion Moves Clause: Evasion moves are banned
|rule|Endless Battle Clause: Forcing endless battles is banned
|rule|HP Percentage Mod: HP is shown in percentages
|teampreview
|
|start
|switch|p1a: Keldeo|Keldeo|323\/323
|switch|p2a: Zapdos|Zapdos|384\/384
|-ability|p2a: Zapdos|Pressure
|turn|1
|c|★Dayanne|gl
|
|switch|p1a: Chansey|Chansey, F|684\/684
|move|p2a: Zapdos|Volt Switch|p1a: Chansey
|-damage|p1a: Chansey|624\/684
|
|switch|p2a: Gliscor|Gliscor, M|352\/352
|
|-status|p2a: Gliscor|tox|[from] item: Toxic Orb
|turn|2
|
|switch|p1a: Venusaur|Venusaur, M|364\/364
|move|p2a: Gliscor|Knock Off|p1a: Venusaur
|-damage|p1a: Venusaur|326\/364
|
|turn|3
|
|detailschange|p1a: Venusaur|Venusaur-Mega, M
|-mega|p1a: Venusaur|Venusaur|Venusaurite
|move|p2a: Gliscor|Knock Off|p1a: Venusaur
|-damage|p1a: Venusaur|298\/364
|move|p1a: Venusaur|Giga Drain|p2a: Gliscor
|-damage|p2a: Gliscor|255\/352 tox
|-heal|p1a: Venusaur|347\/364|[from] drain|[of] p2a: Gliscor
|
|-heal|p2a: Gliscor|299\/352 tox|[from] ability: Poison Heal
|turn|4
|
|move|p2a: Gliscor|Knock Off|p1a: Venusaur
|-damage|p1a: Venusaur|314\/364
|move|p1a: Venusaur|Leech Seed|p2a: Gliscor
|-start|p2a: Gliscor|move: Leech Seed
|
|-damage|p2a: Gliscor|255\/352 tox|[from] Leech Seed|[of] p1a: Venusaur
|-heal|p1a: Venusaur|358\/364|[silent]
|-heal|p2a: Gliscor|299\/352 tox|[from] ability: Poison Heal
|turn|5
|
|switch|p2a: Slowbro|Slowbro, M|394\/394
|switch|p1a: Heatran|Heatran, M|340\/340
|-item|p1a: Heatran|Air Balloon
|
|turn|6
|
|move|p1a: Heatran|Stealth Rock|p2a: Slowbro
|-sidestart|p2: Dayanne|move: Stealth Rock
|move|p2a: Slowbro|Scald|p1a: Heatran
|-supereffective|p1a: Heatran
|-damage|p1a: Heatran|154\/340
|-enditem|p1a: Heatran|Air Balloon
|
|turn|7
|
|switch|p1a: Chansey|Chansey, F|624\/684
|switch|p2a: Gliscor|Gliscor, M|299\/352 tox
|-damage|p2a: Gliscor|255\/352 tox|[from] Stealth Rock
|
|-heal|p2a: Gliscor|299\/352 tox|[from] ability: Poison Heal
|turn|8
|
|switch|p2a: Chansey|Chansey, F|704\/704
|-damage|p2a: Chansey|616\/704|[from] Stealth Rock
|switch|p1a: Venusaur|Venusaur-Mega, M|358\/364
|
|turn|9
|
|switch|p1a: Bisharp|Bisharp, M|334\/334
|move|p2a: Chansey|Stealth Rock|p1a: Bisharp
|-sidestart|p1: Aka DH|move: Stealth Rock
|
|turn|10
|
|switch|p2a: Scizor|Scizor, M|344\/344
|-damage|p2a: Scizor|301\/344|[from] Stealth Rock
|move|p1a: Bisharp|Knock Off|p2a: Scizor
|-damage|p2a: Scizor|202\/344
|
|turn|11
|
|switch|p1a: Keldeo|Keldeo|323\/323
|-damage|p1a: Keldeo|303\/323|[from] Stealth Rock
|detailschange|p2a: Scizor|Scizor-Mega, M
|-mega|p2a: Scizor|Scizor|Scizorite
|move|p2a: Scizor|Roost|p2a: Scizor
|-heal|p2a: Scizor|344\/344
|
|-heal|p1a: Keldeo|323\/323|[from] item: Leftovers
|turn|12
|
|switch|p2a: Slowbro|Slowbro, M|394\/394
|-damage|p2a: Slowbro|345\/394|[from] Stealth Rock
|move|p1a: Keldeo|Calm Mind|p1a: Keldeo
|-boost|p1a: Keldeo|spa|1
|-boost|p1a: Keldeo|spd|1
|
|-heal|p2a: Slowbro|369\/394|[from] item: Leftovers
|turn|13
|
|switch|p1a: Chansey|Chansey, F|624\/684
|-damage|p1a: Chansey|539\/684|[from] Stealth Rock
|move|p2a: Slowbro|Psyshock|p1a: Chansey
|-damage|p1a: Chansey|413\/684
|
|-heal|p2a: Slowbro|393\/394|[from] item: Leftovers
|turn|14
|
|switch|p2a: Gliscor|Gliscor, M|299\/352 tox
|-damage|p2a: Gliscor|255\/352 tox|[from] Stealth Rock
|move|p1a: Chansey|Soft-Boiled|p1a: Chansey
|-heal|p1a: Chansey|684\/684
|
|-heal|p2a: Gliscor|299\/352 tox|[from] ability: Poison Heal
|turn|15
|
|switch|p1a: Venusaur|Venusaur-Mega, M|358\/364
|-damage|p1a: Venusaur|313\/364|[from] Stealth Rock
|move|p2a: Gliscor|Earthquake|p1a: Venusaur
|-damage|p1a: Venusaur|237\/364
|
|-heal|p2a: Gliscor|343\/352 tox|[from] ability: Poison Heal
|turn|16
|
|move|p2a: Gliscor|Taunt|p1a: Venusaur
|-start|p1a: Venusaur|move: Taunt
|move|p1a: Venusaur|Giga Drain|p2a: Gliscor
|-damage|p2a: Gliscor|252\/352 tox
|-heal|p1a: Venusaur|283\/364|[from] drain|[of] p2a: Gliscor
|
|-heal|p2a: Gliscor|296\/352 tox|[from] ability: Poison Heal
|turn|17
|
|move|p2a: Gliscor|Earthquake|p1a: Venusaur
|-damage|p1a: Venusaur|211\/364
|move|p1a: Venusaur|Giga Drain|p2a: Gliscor
|-damage|p2a: Gliscor|206\/352 tox
|-heal|p1a: Venusaur|256\/364|[from] drain|[of] p2a: Gliscor
|
|-heal|p2a: Gliscor|250\/352 tox|[from] ability: Poison Heal
|turn|18
|
|switch|p2a: Chansey|Chansey, F|616\/704
|-damage|p2a: Chansey|528\/704|[from] Stealth Rock
|move|p1a: Venusaur|Giga Drain|p2a: Chansey
|-crit|p2a: Chansey
|-damage|p2a: Chansey|423\/704
|-heal|p1a: Venusaur|309\/364|[from] drain|[of] p2a: Chansey
|
|-end|p1a: Venusaur|move: Taunt
|turn|19
|
|switch|p1a: Bisharp|Bisharp, M|334\/334
|-damage|p1a: Bisharp|314\/334|[from] Stealth Rock
|move|p2a: Chansey|Soft-Boiled|p2a: Chansey
|-heal|p2a: Chansey|704\/704
|
|-heal|p1a: Bisharp|334\/334|[from] item: Leftovers
|turn|20
|
|switch|p2a: Scizor|Scizor-Mega, M|344\/344
|-damage|p2a: Scizor|301\/344|[from] Stealth Rock
|move|p1a: Bisharp|Swords Dance|p1a: Bisharp
|-boost|p1a: Bisharp|atk|2
|
|turn|21
|
|move|p2a: Scizor|Superpower|p1a: Bisharp
|-supereffective|p1a: Bisharp
|-damage|p1a: Bisharp|0 fnt
|-unboost|p2a: Scizor|atk|1
|-unboost|p2a: Scizor|def|1
|faint|p1a: Bisharp
|
|
|switch|p1a: Keldeo|Keldeo|323\/323
|-damage|p1a: Keldeo|303\/323|[from] Stealth Rock
|turn|22
|
|switch|p2a: Slowbro|Slowbro, M|394\/394
|-damage|p2a: Slowbro|345\/394|[from] Stealth Rock
|move|p1a: Keldeo|Scald|p2a: Slowbro
|-resisted|p2a: Slowbro
|-damage|p2a: Slowbro|255\/394
|
|-heal|p1a: Keldeo|323\/323|[from] item: Leftovers
|-heal|p2a: Slowbro|279\/394|[from] item: Leftovers
|turn|23
|
|switch|p1a: Heatran|Heatran, M|154\/340
|-damage|p1a: Heatran|112\/340|[from] Stealth Rock
|move|p2a: Slowbro|Psyshock|p1a: Heatran
|-resisted|p1a: Heatran
|-damage|p1a: Heatran|70\/340
|
|-heal|p2a: Slowbro|303\/394|[from] item: Leftovers
|turn|24
|
|move|p1a: Heatran|Toxic|p2a: Slowbro
|-status|p2a: Slowbro|tox
|move|p2a: Slowbro|Scald|p1a: Heatran
|-supereffective|p1a: Heatran
|-damage|p1a: Heatran|0 fnt
|faint|p1a: Heatran
|
|-heal|p2a: Slowbro|327\/394 tox|[from] item: Leftovers
|-damage|p2a: Slowbro|303\/394 tox|[from] psn
|
|switch|p1a: Venusaur|Venusaur-Mega, M|309\/364
|-damage|p1a: Venusaur|264\/364|[from] Stealth Rock
|turn|25
|
|switch|p2a: Chansey|Chansey, F|704\/704
|-damage|p2a: Chansey|616\/704|[from] Stealth Rock
|move|p1a: Venusaur|Giga Drain|p2a: Chansey
|-crit|p2a: Chansey
|-damage|p2a: Chansey|516\/704
|-heal|p1a: Venusaur|314\/364|[from] drain|[of] p2a: Chansey
|
|turn|26
|
|switch|p1a: Keldeo|Keldeo|323\/323
|-damage|p1a: Keldeo|303\/323|[from] Stealth Rock
|move|p2a: Chansey|Heal Bell|p2a: Chansey
|-cureteam|p2a: Chansey|[from] move: HealBell
|
|-heal|p1a: Keldeo|323\/323|[from] item: Leftovers
|turn|27
|-message|Aka DH forfeited.
|leave|Aka DH
|
|win|Dayanne
|raw|Ladder updating...
|player|p1
|raw|Aka DH's rating: 1799 &rarr; <strong>1777<\/strong><br \/>(-22 for losing)
|raw|Dayanne's rating: 1776 &rarr; <strong>1797<\/strong><br \/>(+21 for winning)