|join|frostnova10
|join|Bik Krit
|player|p1|frostnova10|293
|player|p2|Bik Krit|76
|gametype|singles
|gen|6
|tier|UU
|rated
|rule|Sleep Clause Mod: Limit one foe put to sleep
|rule|Species Clause: Limit one of each Pokémon
|rule|OHKO Clause: OHKO moves are banned
|rule|Moody Clause: Moody is banned
|rule|Evasion Moves Clause: Evasion moves are banned
|rule|Endless Battle Clause: Forcing endless battles is banned
|rule|HP Percentage Mod: HP is shown in percentages
|clearpoke
|poke|p1|Beedrill, F
|poke|p1|Honchkrow, M
|poke|p1|Flygon, F, shiny
|poke|p1|Machamp, M
|poke|p1|Alakazam, M
|poke|p1|Roserade, F, shiny
|poke|p2|Cloyster, M
|poke|p2|Aerodactyl, F
|poke|p2|Crobat, F
|poke|p2|Magneton
|poke|p2|Hydreigon, F
|poke|p2|Cresselia, F
|rule|Swagger Clause: Swagger is banned
|rule|Baton Pass Clause: Limit one Pokémon knowing Baton Pass
|teampreview
|
|start
|switch|p1a: Adaptadrill|Beedrill, F|271\/271
|switch|p2a: Aerodactyl|Aerodactyl, F|311\/311
|turn|1
|
|detailschange|p2a: Aerodactyl|Aerodactyl-Mega, F
|-mega|p2a: Aerodactyl|Aerodactyl|Aerodactylite
|detailschange|p1a: Adaptadrill|Beedrill-Mega, F
|-mega|p1a: Adaptadrill|Beedrill|Beedrillite
|move|p1a: Adaptadrill|Protect|p1a: Adaptadrill
|-singleturn|p1a: Adaptadrill|Protect
|move|p2a: Aerodactyl|Stealth Rock|p1a: Adaptadrill
|-sidestart|p1: frostnova10|move: Stealth Rock
|
|turn|2
|
|move|p2a: Aerodactyl|Aerial Ace|p1a: Adaptadrill
|-supereffective|p1a: Adaptadrill
|-damage|p1a: Adaptadrill|0 fnt
|faint|p1a: Adaptadrill
|
|
|switch|p1a: Murderkrow|Honchkrow, M|341\/341
|-damage|p1a: Murderkrow|256\/341|[from] Stealth Rock
|turn|3
|
|move|p1a: Murderkrow|Sucker Punch|p2a: Aerodactyl
|-damage|p2a: Aerodactyl|99\/311
|-damage|p1a: Murderkrow|222\/341|[from] item: Life Orb
|move|p2a: Aerodactyl|Aerial Ace|p1a: Murderkrow
|-damage|p1a: Murderkrow|0 fnt
|faint|p1a: Murderkrow
|
|
|switch|p1a: SPOONSS|Alakazam, M|251\/251
|turn|4
|
|move|p2a: Aerodactyl|Aerial Ace|p1a: SPOONSS
|-enditem|p1a: SPOONSS|Focus Sash
|-damage|p1a: SPOONSS|1\/251
|move|p1a: SPOONSS|Psychic|p2a: Aerodactyl
|-damage|p2a: Aerodactyl|0 fnt
|faint|p2a: Aerodactyl
|
|c|★frostnova10|finally he died
|
|switch|p2a: Crobat|Crobat, F|373\/373
|turn|5
|c|★frostnova10|cmon
|
|move|p2a: Crobat|U-turn|p1a: SPOONSS
|-supereffective|p1a: SPOONSS
|-damage|p1a: SPOONSS|0 fnt
|faint|p1a: SPOONSS
|
|switch|p2a: Magneton|Magneton|272\/272
|
|c|★Bik Krit|?
|
|switch|p1a: My arms .-.|Machamp, M|383\/383
|-damage|p1a: My arms .-.|360\/383|[from] Stealth Rock
|turn|6
|
|move|p2a: Magneton|Volt Switch|p1a: My arms .-.
|-damage|p1a: My arms .-.|224\/383
|
|switch|p2a: Crobat|Crobat, F|373\/373
|move|p1a: My arms .-.|Dynamic Punch|p2a: Crobat
|-resisted|p2a: Crobat
|-damage|p2a: Crobat|302\/373
|-start|p2a: Crobat|confusion
|-damage|p1a: My arms .-.|186\/383|[from] item: Life Orb
|
|-heal|p2a: Crobat|325\/373|[from] item: Black Sludge
|turn|7
|
|switch|p2a: Cresselia|Cresselia, F|443\/443
|move|p1a: My arms .-.|Bullet Punch|p2a: Cresselia
|-damage|p2a: Cresselia|391\/443
|-damage|p1a: My arms .-.|148\/383|[from] item: Life Orb
|
|-heal|p2a: Cresselia|418\/443|[from] item: Leftovers
|turn|8
|
|move|p2a: Cresselia|Psyshock|p1a: My arms .-.
|-supereffective|p1a: My arms .-.
|-damage|p1a: My arms .-.|0 fnt
|faint|p1a: My arms .-.
|
|-heal|p2a: Cresselia|443\/443|[from] item: Leftovers
|-message|frostnova10 forfeited.
|leave|frostnova10
|
|win|Bik Krit
|raw|Ladder updating...
|player|p1
|raw|frostnova10's rating: 1331 &rarr; <strong>1314<\/strong><br \/>(-17 for losing)
|raw|Bik Krit's rating: 1377 &rarr; <strong>1395<\/strong><br \/>(+18 for winning)