|join|Bik Krit
|join|lol1z is testing
|player|p1|Bik Krit|76
|player|p2|lol1z is testing|101
|gametype|singles
|gen|6
|tier|UU
|rated
|rule|Sleep Clause Mod: Limit one foe put to sleep
|rule|Species Clause: Limit one of each Pokémon
|rule|OHKO Clause: OHKO moves are banned
|rule|Moody Clause: Moody is banned
|rule|Evasion Moves Clause: Evasion moves are banned
|rule|Endless Battle Clause: Forcing endless battles is banned
|rule|HP Percentage Mod: HP is shown in percentages
|clearpoke
|poke|p1|Swampert, F
|poke|p1|Kingdra, M
|poke|p1|Crobat, M
|poke|p1|Omastar, F
|poke|p1|Ludicolo, F
|poke|p1|Tornadus, M
|poke|p2|Hippowdon, M
|poke|p2|Spiritomb, M
|poke|p2|Crobat, M
|poke|p2|Chandelure, M
|poke|p2|Nidoqueen, F
|poke|p2|Florges, F
|rule|Swagger Clause: Swagger is banned
|rule|Baton Pass Clause: Limit one Pokémon knowing Baton Pass
|teampreview
|
|start
|switch|p1a: Omastar|Omastar, F|281\/281
|switch|p2a: Nidoqueen|Nidoqueen, F|384\/384
|turn|1
|
|move|p1a: Omastar|Rain Dance|p1a: Omastar
|-weather|RainDance
|move|p2a: Nidoqueen|Toxic Spikes|p1a: Omastar
|-sidestart|p1: Bik Krit|move: Toxic Spikes
|
|-weather|RainDance|[upkeep]
|turn|2
|
|switch|p2a: Florges|Florges, F|360\/360
|move|p1a: Omastar|Scald|p2a: Florges
|-damage|p2a: Florges|252\/360
|
|-weather|RainDance|[upkeep]
|-heal|p2a: Florges|274\/360|[from] item: Leftovers
|turn|3
|
|move|p2a: Florges|Protect|p2a: Florges
|-singleturn|p2a: Florges|Protect
|move|p1a: Omastar|Stealth Rock|p2a: Florges
|-sidestart|p2: lol1z is testing|move: Stealth Rock
|
|-weather|RainDance|[upkeep]
|-heal|p2a: Florges|296\/360|[from] item: Leftovers
|turn|4
|
|switch|p1a: Tornadus|Tornadus, M|301\/301
|move|p2a: Florges|Wish|p2a: Florges
|
|-weather|RainDance|[upkeep]
|-heal|p2a: Florges|318\/360|[from] item: Leftovers
|turn|5
|join|ahyueah
|
|move|p1a: Tornadus|Hurricane|p2a: Florges
|-damage|p2a: Florges|218\/360
|move|p2a: Florges|Moonblast|p1a: Tornadus
|-damage|p1a: Tornadus|144\/301
|
|-weather|none
|-heal|p2a: Florges|360\/360|[from] move: Wish|[wisher] Florges
|turn|6
|
|switch|p1a: Crobat|Crobat, M|373\/373
|move|p2a: Florges|Moonblast|p1a: Crobat
|-resisted|p1a: Crobat
|-damage|p1a: Crobat|301\/373
|
|turn|7
|
|switch|p2a: Hippowdon|Hippowdon, M|420\/420
|-damage|p2a: Hippowdon|394\/420|[from] Stealth Rock
|-weather|Sandstorm
|move|p1a: Crobat|Rain Dance|p1a: Crobat
|-weather|RainDance
|
|-weather|RainDance|[upkeep]
|-heal|p2a: Hippowdon|420\/420|[from] item: Leftovers
|turn|8
|
|move|p1a: Crobat|U-turn|p2a: Hippowdon
|-damage|p2a: Hippowdon|389\/420
|
|switch|p1a: Ludicolo|Ludicolo, F|301\/301
|-status|p1a: Ludicolo|psn
|move|p2a: Hippowdon|Stealth Rock|p1a: Ludicolo
|-sidestart|p1: Bik Krit|move: Stealth Rock
|
|-weather|RainDance|[upkeep]
|-heal|p2a: Hippowdon|415\/420|[from] item: Leftovers
|-damage|p1a: Ludicolo|264\/301 psn|[from] psn
|turn|9
|
|switch|p2a: Florges|Florges, F|360\/360
|-damage|p2a: Florges|315\/360|[from] Stealth Rock
|move|p1a: Ludicolo|Hydro Pump|p2a: Florges
|-damage|p2a: Florges|147\/360
|-damage|p1a: Ludicolo|234\/301 psn|[from] item: Life Orb
|
|-weather|RainDance|[upkeep]
|-heal|p2a: Florges|169\/360|[from] item: Leftovers
|-damage|p1a: Ludicolo|197\/301 psn|[from] psn
|turn|10
|
|switch|p1a: Crobat|Crobat, M|301\/373
|-damage|p1a: Crobat|208\/373|[from] Stealth Rock
|move|p2a: Florges|Protect|p2a: Florges
|-fail|p2a: Florges
|
|-weather|RainDance|[upkeep]
|-heal|p2a: Florges|191\/360|[from] item: Leftovers
|turn|11
|
|move|p2a: Florges|Protect|p2a: Florges
|-singleturn|p2a: Florges|Protect
|move|p1a: Crobat|Defog|p2a: Florges
|-activate|p2a: Florges|Protect
|
|-weather|RainDance|[upkeep]
|-heal|p2a: Florges|213\/360|[from] item: Leftovers
|turn|12
|
|move|p1a: Crobat|Defog|p2a: Florges
|-unboost|p2a: Florges|evasion|1
|-sideend|p2: lol1z is testing|Stealth Rock|[from] move: Defog|[of] p2a: Florges
|-sideend|p1: Bik Krit|Toxic Spikes|[from] move: Defog|[of] p1a: Crobat
|-sideend|p1: Bik Krit|Stealth Rock|[from] move: Defog|[of] p1a: Crobat
|move|p2a: Florges|Wish|p2a: Florges
|
|-weather|RainDance|[upkeep]
|-heal|p2a: Florges|235\/360|[from] item: Leftovers
|turn|13
|
|switch|p2a: Spiritomb|Spiritomb, M|304\/304
|-ability|p2a: Spiritomb|Pressure
|move|p1a: Crobat|U-turn|p2a: Spiritomb
|-damage|p2a: Spiritomb|260\/304
|
|switch|p1a: Kingdra|Kingdra, M|297\/297
|
|-weather|RainDance|[upkeep]
|-heal|p2a: Spiritomb|304\/304|[from] move: Wish|[wisher] Florges
|turn|14
|
|move|p1a: Kingdra|Hydro Pump|p2a: Spiritomb|[miss]
|-miss|p1a: Kingdra|p2a: Spiritomb
|move|p2a: Spiritomb|Will-O-Wisp|p1a: Kingdra
|-status|p1a: Kingdra|brn
|
|-weather|none
|-damage|p1a: Kingdra|260\/297 brn|[from] brn
|turn|15
|
|switch|p1a: Omastar|Omastar, F|281\/281
|move|p2a: Spiritomb|Dark Pulse|p1a: Omastar
|-damage|p1a: Omastar|172\/281
|
|turn|16
|
|move|p1a: Omastar|Stealth Rock|p2a: Spiritomb
|-sidestart|p2: lol1z is testing|move: Stealth Rock
|move|p2a: Spiritomb|Dark Pulse|p1a: Omastar
|-damage|p1a: Omastar|63\/281
|
|turn|17
|
|move|p1a: Omastar|Rain Dance|p1a: Omastar
|-weather|RainDance
|move|p2a: Spiritomb|Dark Pulse|p1a: Omastar
|-damage|p1a: Omastar|0 fnt
|faint|p1a: Omastar
|
|-weather|RainDance|[upkeep]
|
|switch|p1a: Kingdra|Kingdra, M|260\/297 brn
|turn|18
|
|move|p1a: Kingdra|Hydro Pump|p2a: Spiritomb
|-damage|p2a: Spiritomb|19\/304
|move|p2a: Spiritomb|Dark Pulse|p1a: Kingdra
|-damage|p1a: Kingdra|161\/297 brn
|
|-weather|RainDance|[upkeep]
|-heal|p2a: Spiritomb|38\/304|[from] item: Leftovers
|-damage|p1a: Kingdra|124\/297 brn|[from] brn
|turn|19
|join|Snowballin
|
|move|p1a: Kingdra|Hydro Pump|p2a: Spiritomb
|-damage|p2a: Spiritomb|0 fnt
|faint|p2a: Spiritomb
|
|-weather|RainDance|[upkeep]
|-damage|p1a: Kingdra|87\/297 brn|[from] brn
|
|switch|p2a: Florges|Florges, F|235\/360
|-damage|p2a: Florges|190\/360|[from] Stealth Rock
|turn|20
|
|switch|p1a: Swampert|Swampert, F|341\/341
|move|p2a: Florges|Protect|p2a: Florges
|-fail|p2a: Florges
|
|-weather|RainDance|[upkeep]
|-heal|p2a: Florges|212\/360|[from] item: Leftovers
|turn|21
|
|detailschange|p1a: Swampert|Swampert-Mega, F
|-mega|p1a: Swampert|Swampert|Swampertite
|move|p2a: Florges|Protect|p2a: Florges
|-singleturn|p2a: Florges|Protect
|move|p1a: Swampert|Waterfall|p2a: Florges
|-activate|p2a: Florges|Protect
|
|-weather|none
|-heal|p2a: Florges|234\/360|[from] item: Leftovers
|turn|22
|
|move|p1a: Swampert|Waterfall|p2a: Florges
|-damage|p2a: Florges|0 fnt
|faint|p2a: Florges
|
|c|★lol1z is testing|gg
|-message|lol1z is testing forfeited.
|
|win|Bik Krit
|raw|Ladder updating...
|leave|lol1z is testing
|player|p2
|raw|Bik Krit's rating: 1405 &rarr; <strong>1424<\/strong><br \/>(+19 for winning)
|raw|lol1z is testing's rating: 1389 &rarr; <strong>1370<\/strong><br \/>(-19 for losing)
|leave|ahyueah