|join|Bik Krit
|join|First Attempt
|player|p1|Bik Krit|76
|player|p2|First Attempt|266
|gametype|singles
|gen|6
|tier|UU
|rated
|rule|Sleep Clause Mod: Limit one foe put to sleep
|rule|Species Clause: Limit one of each Pokémon
|rule|OHKO Clause: OHKO moves are banned
|rule|Moody Clause: Moody is banned
|rule|Evasion Moves Clause: Evasion moves are banned
|rule|Endless Battle Clause: Forcing endless battles is banned
|rule|HP Percentage Mod: HP is shown in percentages
|clearpoke
|poke|p1|Swampert, F
|poke|p1|Kingdra, F
|poke|p1|Crobat, F
|poke|p1|Omastar, M
|poke|p1|Tornadus, M
|poke|p1|Toxicroak, M
|poke|p2|Swampert, M, shiny
|poke|p2|Tornadus, M
|poke|p2|Kingdra, M
|poke|p2|Crobat, M
|poke|p2|Galvantula, M
|poke|p2|Toxicroak, F
|rule|Swagger Clause: Swagger is banned
|rule|Baton Pass Clause: Limit one Pokémon knowing Baton Pass
|teampreview
|c|★First Attempt|lol
|c|★Bik Krit|well
|c|★Bik Krit|u have a nice taste in teams
|
|start
|switch|p1a: Omastar|Omastar, M|281\/281
|switch|p2a: Tornadus|Tornadus, M|299\/299
|turn|1
|c|★First Attempt|like wise good sir
|
|move|p2a: Tornadus|Taunt|p1a: Omastar
|-start|p1a: Omastar|move: Taunt
|move|p1a: Omastar|Scald|p2a: Tornadus
|-damage|p2a: Tornadus|151\/299
|-status|p2a: Tornadus|brn
|
|-damage|p2a: Tornadus|114\/299 brn|[from] brn
|turn|2
|
|switch|p2a: Toxicroak|Toxicroak, F|307\/307
|switch|p1a: Crobat|Crobat, F|373\/373
|
|turn|3
|
|switch|p2a: Tornadus|Tornadus, M|114\/299 brn
|move|p1a: Crobat|Brave Bird|p2a: Tornadus
|-damage|p2a: Tornadus|0 fnt
|-damage|p1a: Crobat|335\/373|[from] recoil|[of] p2a: Tornadus
|faint|p2a: Tornadus
|
|
|switch|p2a: Galvantula|Galvantula, M|281\/281
|turn|4
|
|move|p1a: Crobat|Brave Bird|p2a: Galvantula
|-damage|p2a: Galvantula|74\/281
|-damage|p1a: Crobat|267\/373|[from] recoil|[of] p2a: Galvantula
|move|p2a: Galvantula|Thunder|p1a: Crobat
|-supereffective|p1a: Crobat
|-damage|p1a: Crobat|0 fnt
|faint|p1a: Crobat
|
|
|switch|p1a: Tornadus|Tornadus, M|301\/301
|turn|5
|
|move|p1a: Tornadus|Hurricane|p2a: Galvantula
|-damage|p2a: Galvantula|0 fnt
|faint|p2a: Galvantula
|
|
|switch|p2a: Swampert|Swampert, M, shiny|381\/381
|turn|6
|
|detailschange|p2a: Swampert|Swampert-Mega, M, shiny
|-mega|p2a: Swampert|Swampert|Swampertite
|move|p1a: Tornadus|Hurricane|p2a: Swampert
|-damage|p2a: Swampert|197\/381
|move|p2a: Swampert|Rain Dance|p2a: Swampert
|-weather|RainDance
|
|-weather|RainDance|[upkeep]
|turn|7
|
|move|p2a: Swampert|Ice Punch|p1a: Tornadus
|-supereffective|p1a: Tornadus
|-damage|p1a: Tornadus|5\/301
|move|p1a: Tornadus|Hurricane|p2a: Swampert
|-damage|p2a: Swampert|25\/381
|-start|p2a: Swampert|confusion
|
|-weather|RainDance|[upkeep]
|turn|8
|c|★Bik Krit|hax galore
|c|★Bik Krit|sry
|
|-activate|p2a: Swampert|confusion
|move|p2a: Swampert|Waterfall|p1a: Tornadus
|-damage|p1a: Tornadus|0 fnt
|faint|p1a: Tornadus
|
|-weather|RainDance|[upkeep]
|c|★First Attempt|fuck
|c|★First Attempt|i was sure that'd kill
|
|switch|p1a: Swampert|Swampert, F|341\/341
|turn|9
|
|detailschange|p1a: Swampert|Swampert-Mega, F
|-mega|p1a: Swampert|Swampert|Swampertite
|-end|p2a: Swampert|confusion
|move|p2a: Swampert|Waterfall|p1a: Swampert
|-damage|p1a: Swampert|101\/341
|move|p1a: Swampert|Power-Up Punch|p2a: Swampert
|-damage|p2a: Swampert|0 fnt
|-boost|p1a: Swampert|atk|1
|faint|p2a: Swampert
|
|-weather|RainDance|[upkeep]
|
|switch|p2a: Toxicroak|Toxicroak, F|307\/307
|turn|10
|c|★Bik Krit|does sucker kill?
|c|★Bik Krit|i hope not
|c|★First Attempt|only one way to find iut
|
|move|p2a: Toxicroak|Sucker Punch|p1a: Swampert
|-damage|p1a: Swampert|0 fnt
|-damage|p2a: Toxicroak|277\/307|[from] item: Life Orb
|faint|p1a: Swampert
|
|-weather|none
|c|★Bik Krit|damn
|
|switch|p1a: Kingdra|Kingdra, F|297\/297
|turn|11
|c|★First Attempt|toxicroak is a beast though
|
|move|p2a: Toxicroak|Gunk Shot|p1a: Kingdra
|-damage|p1a: Kingdra|23\/297
|-damage|p2a: Toxicroak|247\/307|[from] item: Life Orb
|move|p1a: Kingdra|Dragon Pulse|p2a: Toxicroak
|-damage|p2a: Toxicroak|0 fnt
|faint|p2a: Toxicroak
|
|c|★Bik Krit|only now replaced ludicolo with him
|c|★Bik Krit|havent played this team for like 2 months
|c|★Bik Krit|ok more like 1 month lol
|
|switch|p2a: Crobat|Crobat, M|373\/373
|turn|12
|c|★First Attempt|i really like this team
|c|★Bik Krit|its fun
|c|★First Attempt|hyper offense rain
|c|★First Attempt|it's jokes
|
|switch|p1a: Toxicroak|Toxicroak, M|307\/307
|move|p2a: Crobat|U-turn|p1a: Toxicroak
|-resisted|p1a: Toxicroak
|-damage|p1a: Toxicroak|288\/307
|
|switch|p2a: Kingdra|Kingdra, M|291\/291
|
|turn|13
|c|★Bik Krit|welp now it comes down to h´who has more speed on kingdra
|c|★First Attempt|speed tie???
|c|★First Attempt|:s
|c|★Bik Krit|oh god pls no
|
|move|p1a: Toxicroak|Gunk Shot|p2a: Kingdra
|-damage|p2a: Kingdra|6\/291
|-status|p2a: Kingdra|psn
|-damage|p1a: Toxicroak|258\/307|[from] item: Life Orb
|move|p2a: Kingdra|Draco Meteor|p1a: Toxicroak|[miss]
|-miss|p2a: Kingdra|p1a: Toxicroak
|
|-damage|p2a: Kingdra|0 fnt|[from] psn
|faint|p2a: Kingdra
|c|★Bik Krit|lol
|c|★Bik Krit|shit
|c|★Bik Krit|sry
|c|★First Attempt|fuck
|c|★Bik Krit|that was a load of crap
|
|switch|p2a: Crobat|Crobat, M|373\/373
|turn|14
|c|★Bik Krit|how much do you run?
|c|★Bik Krit|im 264 on king
|
|move|p1a: Toxicroak|Sucker Punch|p2a: Crobat
|-damage|p2a: Crobat|226\/373
|-damage|p1a: Toxicroak|228\/307|[from] item: Life Orb
|move|p2a: Crobat|Brave Bird|p1a: Toxicroak
|-supereffective|p1a: Toxicroak
|-damage|p1a: Toxicroak|0 fnt
|-damage|p2a: Crobat|151\/373|[from] recoil|[of] p1a: Toxicroak
|faint|p1a: Toxicroak
|
|-heal|p2a: Crobat|174\/373|[from] item: Black Sludge
|
|switch|p1a: Omastar|Omastar, M|281\/281
|turn|15
|c|★First Attempt|im 254
|c|★First Attempt|i run some attack
|c|★First Attempt|its a mixed king dra
|c|★Bik Krit|oh
|
|move|p2a: Crobat|Brave Bird|p1a: Omastar
|-resisted|p1a: Omastar
|-damage|p1a: Omastar|227\/281
|-damage|p2a: Crobat|156\/373|[from] recoil|[of] p1a: Omastar
|move|p1a: Omastar|Rain Dance|p1a: Omastar
|-weather|RainDance
|
|-weather|RainDance|[upkeep]
|-heal|p2a: Crobat|179\/373|[from] item: Black Sludge
|turn|16
|c|★Bik Krit|im specs dra
|c|★First Attempt|surprise people with the outrage
|c|★Bik Krit|with double dragon and water moves
|c|★First Attempt|mines life orb
|c|★Bik Krit|ye i think nobody really knows rain on ladder
|
|move|p1a: Omastar|Scald|p2a: Crobat
|-crit|p2a: Crobat
|-damage|p2a: Crobat|0 fnt
|faint|p2a: Crobat
|
|win|Bik Krit
|raw|Ladder updating...
|raw|Bik Krit's rating: 1452 &rarr; <strong>1465<\/strong><br \/>(+13 for winning)
|raw|First Attempt's rating: 1329 &rarr; <strong>1316<\/strong><br \/>(-13 for losing)
|c|★Bik Krit|gg sry for the hax man
|c|★First Attempt|gg
|c|★First Attempt|no worries!
|c|★First Attempt|thats pokemon!