|join|xShiba
|join|Key
|player|p1|xShiba|260
|player|p2|Key|170
|gametype|singles
|gen|6
|tier|UU
|rated
|rule|Sleep Clause Mod: Limit one foe put to sleep
|rule|Species Clause: Limit one of each Pokémon
|rule|OHKO Clause: OHKO moves are banned
|rule|Moody Clause: Moody is banned
|rule|Evasion Moves Clause: Evasion moves are banned
|rule|Endless Battle Clause: Forcing endless battles is banned
|rule|HP Percentage Mod: HP is shown in percentages
|clearpoke
|poke|p1|Aerodactyl, M
|poke|p1|Hydreigon, M, shiny
|poke|p1|Porygon-Z, shiny
|poke|p1|Klefki, M, shiny
|poke|p1|Starmie, shiny
|poke|p1|Mienshao, M
|poke|p2|Azelf
|poke|p2|Starmie
|poke|p2|Beedrill, F
|poke|p2|Jirachi
|poke|p2|Raikou
|poke|p2|Togekiss, F
|rule|Swagger Clause: Swagger is banned
|rule|Baton Pass Clause: Limit one Pokémon knowing Baton Pass
|teampreview
|
|start
|switch|p1a: Floppy The God|Mienshao, M|271\/271
|switch|p2a: Raikou|Raikou|322\/322
|-ability|p2a: Raikou|Pressure
|turn|1
|
|move|p1a: Floppy The God|High Jump Kick|p2a: Raikou
|-damage|p2a: Raikou|0 fnt
|faint|p2a: Raikou
|
|
|switch|p2a: Togekiss|Togekiss, F|374\/374
|turn|2
|
|switch|p1a: Wrecking Face|Porygon-Z, shiny|311\/311
|move|p2a: Togekiss|Thunder Wave|p1a: Wrecking Face
|-status|p1a: Wrecking Face|par
|
|turn|3
|
|switch|p1a: Ultimate Terror|Aerodactyl, M|301\/301
|-ability|p1a: Ultimate Terror|Unnerve|p2: Key
|move|p2a: Togekiss|Air Slash|p1a: Ultimate Terror
|-resisted|p1a: Ultimate Terror
|-damage|p1a: Ultimate Terror|231\/301
|
|turn|4
|
|switch|p2a: Jirachi|Jirachi|341\/341
|detailschange|p1a: Ultimate Terror|Aerodactyl-Mega, M
|message|Aerodactyl has Mega Evolved into Mega Aerodactyl!
|move|p1a: Ultimate Terror|Stone Edge|p2a: Jirachi
|-resisted|p2a: Jirachi
|-damage|p2a: Jirachi|254\/341
|
|turn|5
|
|switch|p1a: 5 Star'd|Starmie, shiny|324\/324
|move|p2a: Jirachi|U-turn|p1a: 5 Star'd
|-supereffective|p1a: 5 Star'd
|-damage|p1a: 5 Star'd|196\/324
|
|switch|p2a: Beedrill|Beedrill, F|271\/271
|
|-heal|p1a: 5 Star'd|216\/324|[from] item: Leftovers
|turn|6
|
|switch|p1a: Ultimate Terror|Aerodactyl-Mega, M|231\/301
|detailschange|p2a: Beedrill|Beedrill-Mega, F
|message|Beedrill has Mega Evolved into Mega Beedrill!
|move|p2a: Beedrill|Knock Off|p1a: Ultimate Terror
|-damage|p1a: Ultimate Terror|124\/301
|
|turn|7
|join|I3Magikarp Alt
|
|switch|p2a: Jirachi|Jirachi|254\/341
|move|p1a: Ultimate Terror|Earthquake|p2a: Jirachi
|-supereffective|p2a: Jirachi
|-damage|p2a: Jirachi|8\/341
|
|turn|8
|
|switch|p1a: Beat By Car Keys|Klefki, M, shiny|318\/318
|move|p2a: Jirachi|Iron Head|p1a: Beat By Car Keys
|-damage|p1a: Beat By Car Keys|234\/318
|
|turn|9
|
|move|p1a: Beat By Car Keys|Spikes|p2a: Jirachi
|-sidestart|p2: Key|Spikes
|move|p2a: Jirachi|Iron Head|p1a: Beat By Car Keys
|-damage|p1a: Beat By Car Keys|141\/318
|
|turn|10
|
|move|p1a: Beat By Car Keys|Reflect|p1a: Beat By Car Keys
|-sidestart|p1: xShiba|Reflect
|move|p2a: Jirachi|Iron Head|p1a: Beat By Car Keys
|-damage|p1a: Beat By Car Keys|96\/318
|
|turn|11
|
|move|p1a: Beat By Car Keys|Thunder Wave|p2a: Jirachi
|-status|p2a: Jirachi|par
|move|p2a: Jirachi|Iron Head|p1a: Beat By Car Keys
|-damage|p1a: Beat By Car Keys|51\/318
|
|turn|12
|
|switch|p1a: 5 Star'd|Starmie, shiny|216\/324
|move|p2a: Jirachi|Iron Head|p1a: 5 Star'd
|-resisted|p1a: 5 Star'd
|-damage|p1a: 5 Star'd|189\/324
|
|-heal|p1a: 5 Star'd|209\/324|[from] item: Leftovers
|turn|13
|
|move|p1a: 5 Star'd|Ice Beam|p2a: Jirachi
|-resisted|p2a: Jirachi
|-damage|p2a: Jirachi|0 fnt
|faint|p2a: Jirachi
|
|-heal|p1a: 5 Star'd|229\/324|[from] item: Leftovers
|
|switch|p2a: Starmie|Starmie|261\/261
|-damage|p2a: Starmie|229\/261|[from] Spikes
|turn|14
|
|move|p2a: Starmie|Rapid Spin|p1a: 5 Star'd
|-damage|p1a: 5 Star'd|223\/324
|-sideend|p2: Key|Spikes|[from] move: Rapid Spin|[of] p2a: Starmie
|-damage|p2a: Starmie|203\/261|[from] item: Life Orb
|move|p1a: 5 Star'd|Scald|p2a: Starmie
|-crit|p2a: Starmie
|-resisted|p2a: Starmie
|-damage|p2a: Starmie|125\/261
|
|-heal|p1a: 5 Star'd|243\/324|[from] item: Leftovers
|turn|15
|
|switch|p1a: Beat By Car Keys|Klefki, M, shiny|51\/318
|move|p2a: Starmie|Hydro Pump|p1a: Beat By Car Keys
|-damage|p1a: Beat By Car Keys|0 fnt
|-damage|p2a: Starmie|99\/261|[from] item: Life Orb
|faint|p1a: Beat By Car Keys
|
|
|switch|p1a: Ultimate Terror|Aerodactyl-Mega, M|124\/301
|turn|16
|
|move|p1a: Ultimate Terror|Aerial Ace|p2a: Starmie
|-damage|p2a: Starmie|0 fnt
|faint|p2a: Starmie
|
|
|switch|p2a: Azelf|Azelf|292\/292
|turn|17
|
|switch|p1a: 5 Star'd|Starmie, shiny|243\/324
|move|p2a: Azelf|Stealth Rock|p1a: 5 Star'd
|-sidestart|p1: xShiba|move: Stealth Rock
|
|-heal|p1a: 5 Star'd|263\/324|[from] item: Leftovers
|-sideend|p1: xShiba|Reflect
|turn|18
|
|move|p2a: Azelf|Knock Off|p1a: 5 Star'd
|-supereffective|p1a: 5 Star'd
|-damage|p1a: 5 Star'd|77\/324
|-enditem|p1a: 5 Star'd|Leftovers|[from] move: Knock Off|[of] p2a: Azelf
|move|p1a: 5 Star'd|Rapid Spin|p2a: Azelf
|-damage|p2a: Azelf|278\/292
|-sideend|p1: xShiba|Stealth Rock|[from] move: Rapid Spin|[of] p1a: 5 Star'd
|
|turn|19
|
|move|p2a: Azelf|Stealth Rock|p1a: 5 Star'd
|-sidestart|p1: xShiba|move: Stealth Rock
|move|p1a: 5 Star'd|Scald|p2a: Azelf
|-damage|p2a: Azelf|152\/292
|-status|p2a: Azelf|brn
|
|-damage|p2a: Azelf|116\/292 brn|[from] brn
|turn|20
|
|move|p2a: Azelf|Explosion|p1a: 5 Star'd
|-damage|p1a: 5 Star'd|0 fnt
|faint|p2a: Azelf
|faint|p1a: 5 Star'd
|
|
|switch|p1a: Ultimate Terror|Aerodactyl-Mega, M|124\/301
|switch|p2a: Togekiss|Togekiss, F|374\/374
|-damage|p1a: Ultimate Terror|49\/301|[from] Stealth Rock
|turn|21
|
|move|p1a: Ultimate Terror|Stone Edge|p2a: Togekiss
|-supereffective|p2a: Togekiss
|-damage|p2a: Togekiss|122\/374
|move|p2a: Togekiss|Thunder Wave|p1a: Ultimate Terror
|-status|p1a: Ultimate Terror|par
|
|-heal|p2a: Togekiss|145\/374|[from] item: Leftovers
|turn|22
|
|move|p2a: Togekiss|Roost|p2a: Togekiss
|-heal|p2a: Togekiss|332\/374
|cant|p1a: Ultimate Terror|par
|
|-heal|p2a: Togekiss|355\/374|[from] item: Leftovers
|turn|23
|
|move|p2a: Togekiss|Air Slash|p1a: Ultimate Terror
|-resisted|p1a: Ultimate Terror
|-damage|p1a: Ultimate Terror|0 fnt
|faint|p1a: Ultimate Terror
|
|-heal|p2a: Togekiss|374\/374|[from] item: Leftovers
|
|switch|p1a: Wrecking Face|Porygon-Z, shiny|311\/311 par
|-damage|p1a: Wrecking Face|273\/311 par|[from] Stealth Rock
|turn|24
|
|move|p2a: Togekiss|Air Slash|p1a: Wrecking Face
|-damage|p1a: Wrecking Face|146\/311 par
|cant|p1a: Wrecking Face|flinch
|
|turn|25
|
|move|p2a: Togekiss|Air Slash|p1a: Wrecking Face
|-damage|p1a: Wrecking Face|5\/311 par
|move|p1a: Wrecking Face|Thunderbolt|p2a: Togekiss
|-supereffective|p2a: Togekiss
|-damage|p2a: Togekiss|68\/374
|
|-heal|p2a: Togekiss|91\/374|[from] item: Leftovers
|turn|26
|
|move|p2a: Togekiss|Roost|p2a: Togekiss
|-heal|p2a: Togekiss|278\/374
|cant|p1a: Wrecking Face|par
|
|-heal|p2a: Togekiss|301\/374|[from] item: Leftovers
|turn|27
|
|move|p2a: Togekiss|Air Slash|p1a: Wrecking Face
|-damage|p1a: Wrecking Face|0 fnt
|faint|p1a: Wrecking Face
|
|-heal|p2a: Togekiss|324\/374|[from] item: Leftovers
|
|switch|p1a: Floppy The God|Mienshao, M|271\/271
|-damage|p1a: Floppy The God|255\/271|[from] Stealth Rock
|turn|28
|
|move|p1a: Floppy The God|Stone Edge|p2a: Togekiss
|-supereffective|p2a: Togekiss
|-damage|p2a: Togekiss|162\/374
|move|p2a: Togekiss|Thunder Wave|p1a: Floppy The God
|-status|p1a: Floppy The God|par
|
|-heal|p2a: Togekiss|185\/374|[from] item: Leftovers
|turn|29
|
|move|p2a: Togekiss|Air Slash|p1a: Floppy The God
|-supereffective|p1a: Floppy The God
|-damage|p1a: Floppy The God|0 fnt
|faint|p1a: Floppy The God
|
|-heal|p2a: Togekiss|208\/374|[from] item: Leftovers
|c| I3Magikarp Alt|this is cringe-worthy
|
|switch|p1a: Hail Hydra|Hydreigon, M, shiny|325\/325
|-damage|p1a: Hail Hydra|285\/325|[from] Stealth Rock
|turn|30
|c|★xShiba|yeah i know
|c| I3Magikarp Alt|i've told people to kill themselves before
|c|★xShiba|its sad ill lose to this
|c| I3Magikarp Alt|but i've never meant it
|c| I3Magikarp Alt|Now I mean it.
|
|move|p1a: Hail Hydra|Dark Pulse|p2a: Togekiss
|-resisted|p2a: Togekiss
|-damage|p2a: Togekiss|130\/374
|-damage|p1a: Hail Hydra|253\/325|[from] item: Life Orb
|move|p2a: Togekiss|Thunder Wave|p1a: Hail Hydra
|-status|p1a: Hail Hydra|par
|
|-heal|p2a: Togekiss|153\/374|[from] item: Leftovers
|turn|31
|c| I3Magikarp Alt|kill yourself.
|c|★xShiba|its not fun to play against it or with it
|
|move|p2a: Togekiss|Air Slash|p1a: Hail Hydra
|-crit|p1a: Hail Hydra
|-damage|p1a: Hail Hydra|93\/325 par
|cant|p1a: Hail Hydra|flinch
|
|-heal|p2a: Togekiss|176\/374|[from] item: Leftovers
|turn|32
|leave|I3Magikarp Alt
|
|move|p2a: Togekiss|Air Slash|p1a: Hail Hydra
|-damage|p1a: Hail Hydra|0 fnt
|faint|p1a: Hail Hydra
|
|win|Key
|raw|Ladder updating...
|raw|xShiba's rating: 1431 &rarr; <strong>1408<\/strong><br \/>(-23 for losing)
|raw|Key's rating: 1365 &rarr; <strong>1389<\/strong><br \/>(+24 for winning)
|c|★xShiba|bg
|leave|xShiba
|player|p1