|join|Niconico
|join|Key
|player|p1|Niconico|89
|player|p2|Key|101
|gametype|singles
|gen|6
|tier|UU
|rated
|rule|Sleep Clause Mod: Limit one foe put to sleep
|rule|Species Clause: Limit one of each Pokémon
|rule|OHKO Clause: OHKO moves are banned
|rule|Moody Clause: Moody is banned
|rule|Evasion Moves Clause: Evasion moves are banned
|rule|Endless Battle Clause: Forcing endless battles is banned
|rule|HP Percentage Mod: HP is shown in percentages
|clearpoke
|poke|p1|Krookodile, F, shiny
|poke|p1|Gligar, M, shiny
|poke|p1|Tentacruel, F
|poke|p1|Machamp, F, shiny
|poke|p1|Jirachi
|poke|p1|Yanmega, F
|poke|p2|Azelf
|poke|p2|Beedrill, F
|poke|p2|Lucario, F
|poke|p2|Magneton
|poke|p2|Togekiss, F
|poke|p2|Chandelure, F
|rule|Swagger Clause: Swagger is banned
|rule|Baton Pass Clause: Limit one Pokémon knowing Baton Pass
|teampreview
|
|start
|switch|p1a: Bat Gal|Gligar, M, shiny|334\/334
|switch|p2a: Azelf|Azelf|354\/354
|turn|1
|
|move|p2a: Azelf|Taunt|p1a: Bat Gal
|-start|p1a: Bat Gal|move: Taunt
|move|p1a: Bat Gal|U-turn|p2a: Azelf
|-supereffective|p2a: Azelf
|-damage|p2a: Azelf|230\/354
|
|switch|p1a: Deathwish|Jirachi|341\/341
|
|turn|2
|
|move|p1a: Deathwish|U-turn|p2a: Azelf
|-supereffective|p2a: Azelf
|-damage|p2a: Azelf|42\/354
|
|switch|p1a: Bat Gal|Gligar, M, shiny|334\/334
|move|p2a: Azelf|Stealth Rock|p1a: Bat Gal
|-sidestart|p1: Niconico|move: Stealth Rock
|
|turn|3
|
|move|p2a: Azelf|Taunt|p1a: Bat Gal
|-start|p1a: Bat Gal|move: Taunt
|move|p1a: Bat Gal|U-turn|p2a: Azelf
|-supereffective|p2a: Azelf
|-damage|p2a: Azelf|0 fnt
|faint|p2a: Azelf
|
|switch|p1a: Cruella|Tentacruel, F|361\/361
|-damage|p1a: Cruella|316\/361|[from] Stealth Rock
|
|-heal|p1a: Cruella|338\/361|[from] item: Black Sludge
|
|switch|p2a: Magneton|Magneton|242\/242
|turn|4
|
|switch|p1a: Bat Gal|Gligar, M, shiny|334\/334
|-damage|p1a: Bat Gal|293\/334|[from] Stealth Rock
|move|p2a: Magneton|Thunderbolt|p1a: Bat Gal
|-immune|p1a: Bat Gal|[msg]
|
|turn|5
|
|switch|p2a: Chandelure|Chandelure, F|261\/261
|move|p1a: Bat Gal|Stealth Rock|p2a: Chandelure
|-sidestart|p2: Key|move: Stealth Rock
|
|turn|6
|
|move|p2a: Chandelure|Fire Blast|p1a: Bat Gal
|-crit|p1a: Bat Gal
|-damage|p1a: Bat Gal|104\/334
|move|p1a: Bat Gal|Earthquake|p2a: Chandelure
|-supereffective|p2a: Chandelure
|-damage|p2a: Chandelure|67\/261
|
|turn|7
|
|move|p2a: Chandelure|Fire Blast|p1a: Bat Gal
|-damage|p1a: Bat Gal|0 fnt
|faint|p1a: Bat Gal
|
|
|switch|p1a: Cruella|Tentacruel, F|338\/361
|-damage|p1a: Cruella|293\/361|[from] Stealth Rock
|turn|8
|
|switch|p2a: Togekiss|Togekiss, F|373\/373
|-damage|p2a: Togekiss|280\/373|[from] Stealth Rock
|move|p1a: Cruella|Knock Off|p2a: Togekiss
|-resisted|p2a: Togekiss
|-damage|p2a: Togekiss|256\/373
|-enditem|p2a: Togekiss|Leftovers|[from] move: Knock Off|[of] p1a: Cruella
|
|-heal|p1a: Cruella|315\/361|[from] item: Black Sludge
|turn|9
|
|move|p1a: Cruella|Rapid Spin|p2a: Togekiss
|-damage|p2a: Togekiss|245\/373
|-sideend|p1: Niconico|Stealth Rock|[from] move: Rapid Spin|[of] p1a: Cruella
|move|p2a: Togekiss|Defog|p1a: Cruella
|-unboost|p1a: Cruella|evasion|1
|-sideend|p2: Key|Stealth Rock|[from] move: Defog|[of] p2a: Togekiss
|
|-heal|p1a: Cruella|337\/361|[from] item: Black Sludge
|turn|10
|
|move|p1a: Cruella|Toxic Spikes|p2a: Togekiss
|-sidestart|p2: Key|move: Toxic Spikes
|move|p2a: Togekiss|Thunder Wave|p1a: Cruella
|-status|p1a: Cruella|par
|
|-heal|p1a: Cruella|359\/361 par|[from] item: Black Sludge
|turn|11
|
|switch|p1a: Deathwish|Jirachi|341\/341
|move|p2a: Togekiss|Air Slash|p1a: Deathwish
|-resisted|p1a: Deathwish
|-damage|p1a: Deathwish|289\/341
|
|turn|12
|
|switch|p2a: Magneton|Magneton|242\/242
|move|p1a: Deathwish|U-turn|p2a: Magneton
|-resisted|p2a: Magneton
|-damage|p2a: Magneton|208\/242
|
|switch|p1a: Night Crawler|Krookodile, F, shiny|331\/331
|-ability|p1a: Night Crawler|Intimidate|[of] p2a: Magneton
|-unboost|p2a: Magneton|atk|1
|
|turn|13
|
|move|p1a: Night Crawler|Pursuit|p2a: Magneton|[from]Pursuit
|-damage|p2a: Magneton|0 fnt
|faint|p2a: Magneton
|
|
|switch|p2a: Togekiss|Togekiss, F|245\/373
|turn|14
|
|switch|p1a: Deathwish|Jirachi|289\/341
|move|p2a: Togekiss|Thunder Wave|p1a: Deathwish
|-status|p1a: Deathwish|par
|
|turn|15
|
|move|p2a: Togekiss|Air Slash|p1a: Deathwish
|-resisted|p1a: Deathwish
|-damage|p1a: Deathwish|238\/341 par
|cant|p1a: Deathwish|par
|
|turn|16
|
|move|p2a: Togekiss|Air Slash|p1a: Deathwish|[miss]
|-miss|p2a: Togekiss|p1a: Deathwish
|cant|p1a: Deathwish|par
|
|turn|17
|
|move|p2a: Togekiss|Air Slash|p1a: Deathwish
|-resisted|p1a: Deathwish
|-damage|p1a: Deathwish|191\/341 par
|cant|p1a: Deathwish|par
|
|turn|18
|
|move|p2a: Togekiss|Air Slash|p1a: Deathwish
|-resisted|p1a: Deathwish
|-damage|p1a: Deathwish|139\/341 par
|cant|p1a: Deathwish|flinch
|
|turn|19
|
|move|p2a: Togekiss|Air Slash|p1a: Deathwish
|-resisted|p1a: Deathwish
|-damage|p1a: Deathwish|91\/341 par
|cant|p1a: Deathwish|flinch
|
|turn|20
|
|move|p2a: Togekiss|Air Slash|p1a: Deathwish
|-resisted|p1a: Deathwish
|-damage|p1a: Deathwish|40\/341 par
|cant|p1a: Deathwish|flinch
|
|turn|21
|
|move|p2a: Togekiss|Air Slash|p1a: Deathwish
|-resisted|p1a: Deathwish
|-damage|p1a: Deathwish|0 fnt
|faint|p1a: Deathwish
|
|
|switch|p1a: Night Crawler|Krookodile, F, shiny|331\/331
|-ability|p1a: Night Crawler|Intimidate|[of] p2a: Togekiss
|-unboost|p2a: Togekiss|atk|1
|turn|22
|
|move|p1a: Night Crawler|Knock Off|p2a: Togekiss
|-resisted|p2a: Togekiss
|-damage|p2a: Togekiss|154\/373
|move|p2a: Togekiss|Roost|p2a: Togekiss
|-heal|p2a: Togekiss|341\/373
|
|turn|23
|
|switch|p1a: Cruella|Tentacruel, F|359\/361 par
|move|p2a: Togekiss|Air Slash|p1a: Cruella
|-damage|p1a: Cruella|265\/361 par
|
|-heal|p1a: Cruella|287\/361 par|[from] item: Black Sludge
|turn|24
|
|move|p2a: Togekiss|Air Slash|p1a: Cruella
|-damage|p1a: Cruella|199\/361 par
|cant|p1a: Cruella|par
|
|-heal|p1a: Cruella|221\/361 par|[from] item: Black Sludge
|turn|25
|
|move|p2a: Togekiss|Air Slash|p1a: Cruella
|-damage|p1a: Cruella|130\/361 par
|cant|p1a: Cruella|par
|
|-heal|p1a: Cruella|152\/361 par|[from] item: Black Sludge
|turn|26
|
|move|p2a: Togekiss|Air Slash|p1a: Cruella
|-damage|p1a: Cruella|61\/361 par
|move|p1a: Cruella|Scald|p2a: Togekiss
|-damage|p2a: Togekiss|292\/373
|
|-heal|p1a: Cruella|83\/361 par|[from] item: Black Sludge
|turn|27
|
|move|p2a: Togekiss|Air Slash|p1a: Cruella
|-damage|p1a: Cruella|0 fnt
|faint|p1a: Cruella
|
|
|switch|p1a: She Hulk|Machamp, F, shiny|380\/380
|turn|28
|
|move|p2a: Togekiss|Air Slash|p1a: She Hulk
|-supereffective|p1a: She Hulk
|-damage|p1a: She Hulk|212\/380
|move|p1a: She Hulk|Heavy Slam|p2a: Togekiss
|-supereffective|p2a: Togekiss
|-damage|p2a: Togekiss|64\/373
|
|turn|29
|
|switch|p2a: Chandelure|Chandelure, F|67\/261
|-status|p2a: Chandelure|psn
|move|p1a: She Hulk|Heavy Slam|p2a: Chandelure
|-resisted|p2a: Chandelure
|-damage|p2a: Chandelure|13\/261 psn
|
|-damage|p2a: Chandelure|0 fnt|[from] psn
|faint|p2a: Chandelure
|
|switch|p2a: Beedrill|Beedrill, F|272\/272
|-sideend|p2: Key|move: Toxic Spikes|[of] p2a: Beedrill
|turn|30
|
|detailschange|p2a: Beedrill|Beedrill-Mega, F
|message|Beedrill has Mega Evolved into Mega Beedrill!
|move|p2a: Beedrill|Poison Jab|p1a: She Hulk
|-damage|p1a: She Hulk|0 fnt
|faint|p1a: She Hulk
|
|
|switch|p1a: MegaBeforeMegas|Yanmega, F|313\/313
|turn|31
|
|move|p1a: MegaBeforeMegas|Protect|p1a: MegaBeforeMegas
|-singleturn|p1a: MegaBeforeMegas|Protect
|move|p2a: Beedrill|Poison Jab|p1a: MegaBeforeMegas
|-activate|p1a: MegaBeforeMegas|Protect
|
|-boost|p1a: MegaBeforeMegas|spe|1|[from] ability: Speed Boost
|turn|32
|
|move|p1a: MegaBeforeMegas|Air Slash|p2a: Beedrill
|-supereffective|p2a: Beedrill
|-damage|p2a: Beedrill|0 fnt
|-damage|p1a: MegaBeforeMegas|282\/313|[from] item: Life Orb
|faint|p2a: Beedrill
|
|-boost|p1a: MegaBeforeMegas|spe|1|[from] ability: Speed Boost
|
|switch|p2a: Lucario|Lucario, F|281\/281
|turn|33
|
|move|p1a: MegaBeforeMegas|Air Slash|p2a: Lucario
|-damage|p2a: Lucario|65\/281
|-damage|p1a: MegaBeforeMegas|251\/313|[from] item: Life Orb
|move|p2a: Lucario|Swords Dance|p2a: Lucario
|-boost|p2a: Lucario|atk|2
|
|-boost|p1a: MegaBeforeMegas|spe|1|[from] ability: Speed Boost
|turn|34
|
|move|p2a: Lucario|Extreme Speed|p1a: MegaBeforeMegas
|-damage|p1a: MegaBeforeMegas|0 fnt
|-damage|p2a: Lucario|37\/281|[from] item: Life Orb
|faint|p1a: MegaBeforeMegas
|
|
|switch|p1a: Night Crawler|Krookodile, F, shiny|331\/331
|-ability|p1a: Night Crawler|Intimidate|[of] p2a: Lucario
|-unboost|p2a: Lucario|atk|1
|turn|35
|
|move|p2a: Lucario|Extreme Speed|p1a: Night Crawler
|-damage|p1a: Night Crawler|128\/331
|-damage|p2a: Lucario|9\/281|[from] item: Life Orb
|move|p1a: Night Crawler|Knock Off|p2a: Lucario
|-resisted|p2a: Lucario
|-damage|p2a: Lucario|0 fnt
|-enditem|p2a: Lucario|Life Orb|[from] move: Knock Off|[of] p1a: Night Crawler
|faint|p2a: Lucario
|
|
|switch|p2a: Togekiss|Togekiss, F|64\/373
|turn|36
|
|move|p1a: Night Crawler|Knock Off|p2a: Togekiss
|-resisted|p2a: Togekiss
|-damage|p2a: Togekiss|0 fnt
|faint|p2a: Togekiss
|
|win|Niconico
|raw|Ladder updating...
|leave|Key
|player|p2
|raw|Niconico's rating: 1445 &rarr; <strong>1460<\/strong><br \/>(+15 for winning)
|raw|Key's rating: 1357 &rarr; <strong>1342<\/strong><br \/>(-15 for losing)