|join|Key
|join|DigBick369
|player|p1|Key|170
|player|p2|DigBick369|165
|gametype|singles
|gen|6
|tier|UU
|rated
|rule|Sleep Clause Mod: Limit one foe put to sleep
|rule|Species Clause: Limit one of each Pokémon
|rule|OHKO Clause: OHKO moves are banned
|rule|Moody Clause: Moody is banned
|rule|Evasion Moves Clause: Evasion moves are banned
|rule|Endless Battle Clause: Forcing endless battles is banned
|rule|HP Percentage Mod: HP is shown in percentages
|clearpoke
|poke|p1|Bronzong
|poke|p1|Beedrill, M
|poke|p1|Suicune
|poke|p1|Volcarona, F
|poke|p1|Salamence, F
|poke|p1|Chesnaught, F
|poke|p2|Absol, M
|poke|p2|Aggron, M
|poke|p2|Amoonguss, M
|poke|p2|Slowking, M
|poke|p2|Scrafty, F
|poke|p2|Milotic, F
|rule|Swagger Clause: Swagger is banned
|rule|Baton Pass Clause: Limit one Pokémon knowing Baton Pass
|teampreview
|
|start
|switch|p1a: Beedrill|Beedrill, M|272\/272
|switch|p2a: Aggron|Aggron, M|344\/344
|turn|1
|
|detailschange|p1a: Beedrill|Beedrill-Mega, M
|message|Beedrill has Mega Evolved into Mega Beedrill!
|detailschange|p2a: Aggron|Aggron-Mega, M
|message|Aggron has Mega Evolved into Mega Aggron!
|move|p1a: Beedrill|U-turn|p2a: Aggron
|-resisted|p2a: Aggron
|-damage|p2a: Aggron|302\/344
|
|switch|p1a: Volcarona|Volcarona, F|312\/312
|move|p2a: Aggron|Stealth Rock|p1a: Volcarona
|-sidestart|p1: Key|move: Stealth Rock
|
|turn|2
|
|switch|p2a: Milotic|Milotic, F|393\/393
|move|p1a: Volcarona|Quiver Dance|p1a: Volcarona
|-boost|p1a: Volcarona|spa|1
|-boost|p1a: Volcarona|spd|1
|-boost|p1a: Volcarona|spe|1
|
|turn|3
|
|move|p1a: Volcarona|Quiver Dance|p1a: Volcarona
|-boost|p1a: Volcarona|spa|1
|-boost|p1a: Volcarona|spd|1
|-boost|p1a: Volcarona|spe|1
|move|p2a: Milotic|Scald|p1a: Volcarona
|-supereffective|p1a: Volcarona
|-damage|p1a: Volcarona|202\/312
|
|turn|4
|
|move|p1a: Volcarona|Giga Drain|p2a: Milotic
|-supereffective|p2a: Milotic
|-damage|p2a: Milotic|78\/393
|-heal|p1a: Volcarona|312\/312|[from] drain|[of] p2a: Milotic
|-damage|p1a: Volcarona|281\/312|[from] item: Life Orb
|move|p2a: Milotic|Scald|p1a: Volcarona
|-supereffective|p1a: Volcarona
|-damage|p1a: Volcarona|171\/312
|
|-heal|p2a: Milotic|102\/393|[from] item: Leftovers
|turn|5
|
|switch|p2a: Amoonguss|Amoonguss, M|411\/411
|move|p1a: Volcarona|Giga Drain|p2a: Amoonguss
|-crit|p2a: Amoonguss
|-resisted|p2a: Amoonguss
|-damage|p2a: Amoonguss|343\/411
|-heal|p1a: Volcarona|205\/312|[from] drain|[of] p2a: Amoonguss
|-damage|p1a: Volcarona|174\/312|[from] item: Life Orb
|
|turn|6
|
|move|p1a: Volcarona|Fiery Dance|p2a: Amoonguss
|-supereffective|p2a: Amoonguss
|-damage|p2a: Amoonguss|0 fnt
|-boost|p1a: Volcarona|spa|1
|-damage|p1a: Volcarona|143\/312|[from] item: Life Orb
|faint|p2a: Amoonguss
|
|
|switch|p2a: Scrafty|Scrafty, F|334\/334
|turn|7
|
|move|p1a: Volcarona|Bug Buzz|p2a: Scrafty
|-damage|p2a: Scrafty|0 fnt
|-damage|p1a: Volcarona|112\/312|[from] item: Life Orb
|faint|p2a: Scrafty
|
|
|switch|p2a: Slowking|Slowking, M|393\/393
|turn|8
|
|move|p1a: Volcarona|Giga Drain|p2a: Slowking
|-supereffective|p2a: Slowking
|-damage|p2a: Slowking|0 fnt
|-heal|p1a: Volcarona|309\/312|[from] drain|[of] p2a: Slowking
|-damage|p1a: Volcarona|278\/312|[from] item: Life Orb
|faint|p2a: Slowking
|
|c|★DigBick369|you kidding me
|
|switch|p2a: Milotic|Milotic, F|102\/393
|turn|9
|
|move|p1a: Volcarona|Giga Drain|p2a: Milotic
|-supereffective|p2a: Milotic
|-damage|p2a: Milotic|0 fnt
|-heal|p1a: Volcarona|312\/312|[from] drain|[of] p2a: Milotic
|-damage|p1a: Volcarona|281\/312|[from] item: Life Orb
|faint|p2a: Milotic
|
|c|★Key|bit of a monster huh
|c|★Key|why did they unban this
|c|★Key|lmao
|c|★DigBick369|yeah no idea
|c|★DigBick369|the range it has for cover moves and the quiver dance fucking crazy stronk
|
|switch|p2a: Aggron|Aggron-Mega, M|302\/344
|turn|10
|
|move|p1a: Volcarona|Fiery Dance|p2a: Aggron
|-supereffective|p2a: Aggron
|-damage|p2a: Aggron|0 fnt
|-boost|p1a: Volcarona|spa|1
|-damage|p1a: Volcarona|250\/312|[from] item: Life Orb
|faint|p2a: Aggron
|
|c|★DigBick369|gg good sir
|
|switch|p2a: Absol|Absol, M|271\/271
|turn|11
|c|★Key|gg man
|c|★Key|not much you can do
|c|★DigBick369|im actually not even mad lol
|
|move|p2a: Absol|Sucker Punch|p1a: Volcarona
|-damage|p1a: Volcarona|22\/312
|-status|p2a: Absol|brn
|move|p1a: Volcarona|Bug Buzz|p2a: Absol
|-supereffective|p2a: Absol
|-damage|p2a: Absol|0 fnt
|-damage|p1a: Volcarona|0 fnt|[from] item: Life Orb
|faint|p2a: Absol
|faint|p1a: Volcarona
|
|win|Key
|raw|Ladder updating...
|raw|Key's rating: 1361 &rarr; <strong>1370<\/strong><br \/>(+9 for winning)
|raw|DigBick369's rating: 1145 &rarr; <strong>1134<\/strong><br \/>(-11 for losing)
|c|★Key|its just disgusting