|join|Key
|join|Gary Birch
|player|p1|Key|1
|player|p2|Gary Birch|161
|gametype|singles
|gen|6
|tier|UU
|rated
|rule|Sleep Clause Mod: Limit one foe put to sleep
|rule|Species Clause: Limit one of each Pokémon
|rule|OHKO Clause: OHKO moves are banned
|rule|Moody Clause: Moody is banned
|rule|Evasion Moves Clause: Evasion moves are banned
|rule|Endless Battle Clause: Forcing endless battles is banned
|rule|HP Percentage Mod: HP is shown in percentages
|clearpoke
|poke|p1|Entei, shiny
|poke|p1|Toxicroak, M
|poke|p1|Hydreigon, M
|poke|p1|Florges, F
|poke|p1|Rhyperior, M
|poke|p1|Blastoise, F
|poke|p2|Absol, M
|poke|p2|Kingdra, F
|poke|p2|Forretress, M
|poke|p2|Blissey, F
|poke|p2|Tangrowth, F
|poke|p2|Chandelure, F
|rule|Swagger Clause: Swagger is banned
|rule|Baton Pass Clause: Limit one Pokémon knowing Baton Pass
|teampreview
|
|start
|switch|p1a: Entei|Entei, shiny|372\/372
|switch|p2a: Kingdra|Kingdra, F|291\/291
|-ability|p1a: Entei|Pressure
|turn|1
|
|switch|p1a: Florges|Florges, F|360\/360
|move|p2a: Kingdra|Surf|p1a: Florges
|-damage|p1a: Florges|257\/360
|
|-heal|p1a: Florges|279\/360|[from] item: Leftovers
|turn|2
|
|switch|p2a: Forretress|Forretress, M|354\/354
|switch|p1a: Hydreigon|Hydreigon, M|325\/325
|
|turn|3
|
|move|p1a: Hydreigon|U-turn|p2a: Forretress
|-resisted|p2a: Forretress
|-damage|p2a: Forretress|339\/354
|
|switch|p1a: Blastoise|Blastoise, F|362\/362
|move|p2a: Forretress|Stealth Rock|p1a: Blastoise
|-sidestart|p1: Key|move: Stealth Rock
|
|-heal|p2a: Forretress|354\/354|[from] item: Leftovers
|turn|4
|
|detailschange|p1a: Blastoise|Blastoise-Mega, F
|message|Blastoise has Mega Evolved into Mega Blastoise!
|move|p1a: Blastoise|Scald|p2a: Forretress
|-damage|p2a: Forretress|93\/354
|move|p2a: Forretress|Volt Switch|p1a: Blastoise
|-supereffective|p1a: Blastoise
|-damage|p1a: Blastoise|294\/362
|
|switch|p2a: Tangrowth|Tangrowth, F|395\/395
|
|turn|5
|
|move|p1a: Blastoise|Rapid Spin|p2a: Tangrowth
|-damage|p2a: Tangrowth|383\/395
|-sideend|p1: Key|Stealth Rock|[from] move: Rapid Spin|[of] p1a: Blastoise
|move|p2a: Tangrowth|Power Whip|p1a: Blastoise
|-supereffective|p1a: Blastoise
|-damage|p1a: Blastoise|0 fnt
|faint|p1a: Blastoise
|
|
|switch|p1a: Entei|Entei, shiny|372\/372
|-ability|p1a: Entei|Pressure
|turn|6
|
|move|p1a: Entei|Stone Edge|p2a: Tangrowth
|-damage|p2a: Tangrowth|235\/395
|move|p2a: Tangrowth|Earthquake|p1a: Entei
|-supereffective|p1a: Entei
|-damage|p1a: Entei|110\/372
|
|turn|7
|
|switch|p1a: Hydreigon|Hydreigon, M|325\/325
|move|p2a: Tangrowth|Hidden Power|p1a: Hydreigon
|-supereffective|p1a: Hydreigon
|-damage|p1a: Hydreigon|215\/325
|
|turn|8
|
|switch|p2a: Blissey|Blissey, F|714\/714
|move|p1a: Hydreigon|U-turn|p2a: Blissey
|-damage|p2a: Blissey|603\/714
|
|switch|p1a: Toxicroak|Toxicroak, M|307\/307
|
|-heal|p2a: Blissey|647\/714|[from] item: Leftovers
|turn|9
|
|switch|p2a: Chandelure|Chandelure, F|261\/261
|move|p1a: Toxicroak|Swords Dance|p1a: Toxicroak
|-boost|p1a: Toxicroak|atk|2
|
|turn|10
|
|move|p1a: Toxicroak|Sucker Punch|p2a: Chandelure
|-fail|p2a: Chandelure
|move|p2a: Chandelure|Substitute|p2a: Chandelure
|-start|p2a: Chandelure|Substitute
|-damage|p2a: Chandelure|196\/261
|
|turn|11
|
|move|p1a: Toxicroak|Sucker Punch|p2a: Chandelure
|-supereffective|p2a: Chandelure
|-end|p2a: Chandelure|Substitute
|-damage|p1a: Toxicroak|277\/307|[from] item: Life Orb
|move|p2a: Chandelure|Fire Blast|p1a: Toxicroak
|-damage|p1a: Toxicroak|0 fnt
|-damage|p2a: Chandelure|170\/261|[from] item: Life Orb
|faint|p1a: Toxicroak
|
|leave|Key
|player|p1
|-message|key lost due to inactivity.
|
|win|Gary Birch
|raw|Ladder updating...
|raw|Key's rating: 1525 &rarr; <strong>1502<\/strong><br \/>(-23 for losing)
|raw|Gary Birch's rating: 1477 &rarr; <strong>1500<\/strong><br \/>(+23 for winning)