|join|takajj
|join|aj14
|player|p1|takajj|281
|player|p2|aj14|70
|gametype|singles
|gen|6
|tier|OU
|clearpoke
|poke|p1|Lopunny, M
|poke|p1|Starmie
|poke|p1|Scizor, M
|poke|p1|Victini
|poke|p1|Amoonguss, F
|poke|p1|Thundurus, M
|poke|p2|Politoed, M
|poke|p2|Feraligatr, F
|poke|p2|Serperior, F
|poke|p2|Diancie
|poke|p2|Latios, M
|poke|p2|Landorus-Therian, M
|rule|Swagger Clause: Swagger is banned
|rule|Baton Pass Clause: Limit one Pokémon knowing Baton Pass
|rule|Sleep Clause Mod: Limit one foe put to sleep
|rule|Species Clause: Limit one of each Pokémon
|rule|OHKO Clause: OHKO moves are banned
|rule|Moody Clause: Moody is banned
|rule|Evasion Moves Clause: Evasion moves are banned
|rule|Endless Battle Clause: Forcing endless battles is banned
|rule|HP Percentage Mod: HP is shown in percentages
|teampreview
|join|sir raven
|c|★takajj|fucking main server is laggy as shit for me
|c|★aj14|close the chat
|c|★takajj|k
|leave|sir raven
|join|sir raven
|c| sir raven|ah
|c| sir raven|my custom skin is so good
|c| sir raven|anyway, what's with the aligatr?
|
|start
|switch|p1a: Scizor|Scizor, M|343\/343
|switch|p2a: Diancie|Diancie|241\/241
|turn|1
|c|★aj14|gatr is cool
|c| sir raven|does it have torrent?
|c|★aj14|maybe
|
|switch|p2a: Politoed|Politoed, M|339\/339
|-weather|RainDance
|move|p1a: Scizor|Bullet Punch|p2a: Politoed
|-resisted|p2a: Politoed
|-damage|p2a: Politoed|233\/339
|
|-weather|RainDance|[upkeep]
|turn|2
|join|ImmortalZac
|
|switch|p1a: Amoonguss|Amoonguss, F|432\/432
|move|p2a: Politoed|Scald|p1a: Amoonguss
|-resisted|p1a: Amoonguss
|-damage|p1a: Amoonguss|263\/432
|
|-weather|RainDance|[upkeep]
|-heal|p1a: Amoonguss|290\/432|[from] item: Black Sludge
|turn|3
|leave|ImmortalZac
|
|switch|p2a: Latios|Latios, M|301\/301
|move|p1a: Amoonguss|Spore|p2a: Latios
|-status|p2a: Latios|slp
|
|-weather|RainDance|[upkeep]
|-heal|p1a: Amoonguss|317\/432|[from] item: Black Sludge
|turn|4
|c| sir raven|sheee
|
|switch|p2a: Landorus-Therian|Landorus-Therian, M|319\/319
|-ability|p2a: Landorus-Therian|Intimidate|[of] p1a: Amoonguss
|-unboost|p1a: Amoonguss|atk|1
|move|p1a: Amoonguss|Foul Play|p2a: Landorus-Therian
|-damage|p2a: Landorus-Therian|177\/319
|
|-weather|RainDance|[upkeep]
|-heal|p1a: Amoonguss|344\/432|[from] item: Black Sludge
|turn|5
|c| sir raven|so far, taka flaka has the upper hand
|
|switch|p1a: Thundurus|Thundurus, M|299\/299
|move|p2a: Landorus-Therian|U-turn|p1a: Thundurus
|-resisted|p1a: Thundurus
|-damage|p1a: Thundurus|240\/299
|
|switch|p2a: Diancie|Diancie|241\/241
|
|-weather|none
|-heal|p1a: Thundurus|258\/299|[from] item: Leftovers
|turn|6
|c| sir raven|ooo
|
|detailschange|p2a: Diancie|Diancie-Mega
|-mega|p2a: Diancie|Diancie|Diancite
|move|p1a: Thundurus|Flash Cannon|p2a: Diancie
|-supereffective|p2a: Diancie
|-damage|p2a: Diancie|0 fnt
|faint|p2a: Diancie
|
|-heal|p1a: Thundurus|276\/299|[from] item: Leftovers
|c|★aj14|i knew you would have this trash
|c|★takajj|it works dont it
|c| sir raven|I didn't know it learned that.
|c|★takajj|(smirk)
|
|switch|p2a: Landorus-Therian|Landorus-Therian, M|177\/319
|-ability|p2a: Landorus-Therian|Intimidate|[of] p1a: Thundurus
|-unboost|p1a: Thundurus|atk|1
|turn|7
|c| sir raven|smogonites never used that till now, huh?
|
|move|p1a: Thundurus|Taunt|p2a: Landorus-Therian
|-start|p2a: Landorus-Therian|move: Taunt
|move|p2a: Landorus-Therian|Stone Edge|p1a: Thundurus
|-supereffective|p1a: Thundurus
|-damage|p1a: Thundurus|0 fnt
|faint|p1a: Thundurus
|
|
|switch|p1a: Starmie|Starmie|324\/324
|turn|8
|c| sir raven|oh dang
|
|switch|p2a: Serperior|Serperior, F|291\/291
|move|p1a: Starmie|Ice Beam|p2a: Serperior
|-supereffective|p2a: Serperior
|-damage|p2a: Serperior|145\/291
|-status|p2a: Serperior|frz
|
|-heal|p2a: Serperior|163\/291 frz|[from] item: Leftovers
|turn|9
|c| sir raven|oh double dang
|c|★aj14|of course.
|c|★takajj|!dt contary
No Pokemon, item, move, ability or nature named 'contary' was found. Showing the data of 'Contrary' instead.
|c|~|\/data-ability Contrary
|raw|<font size="1"><\/font>
|c| sir raven|use the quick thaw.
|c|★takajj|what does this do
|c| sir raven|read it
|c|★aj14|lol
|
|cant|p2a: Serperior|frz
|move|p1a: Starmie|Reflect Type|p2a: Serperior
|-start|p1a: Starmie|typechange|[from] move: Reflect Type|[of] p2a: Serperior
|
|-heal|p2a: Serperior|181\/291 frz|[from] item: Leftovers
|turn|10
|c|★takajj|state changes are inverted
|c| sir raven|swords dance will do -2 instead of +2
|c| sir raven|ok?
|c|★takajj|ooooh
|c|★takajj|nice
|
|-curestatus|p2a: Serperior|frz
|move|p2a: Serperior|Leaf Storm|p1a: Starmie
|-resisted|p1a: Starmie
|-damage|p1a: Starmie|225\/324
|-boost|p2a: Serperior|spa|2
|move|p1a: Starmie|Ice Beam|p2a: Serperior
|-supereffective|p2a: Serperior
|-damage|p2a: Serperior|37\/291
|
|-heal|p2a: Serperior|55\/291|[from] item: Leftovers
|-heal|p1a: Starmie|245\/324|[from] item: Leftovers
|turn|11
|c|★takajj|wtf is up with the boost
|c| sir raven|i told you
|c| sir raven|inverted
|c|★takajj|ooooh
|
|move|p2a: Serperior|Leaf Storm|p1a: Starmie|[miss]
|-miss|p2a: Serperior|p1a: Starmie
|move|p1a: Starmie|Ice Beam|p2a: Serperior
|-supereffective|p2a: Serperior
|-damage|p2a: Serperior|0 fnt
|faint|p2a: Serperior
|
|-heal|p1a: Starmie|265\/324|[from] item: Leftovers
|c|★takajj|oh shit
|c|★aj14|come on man
|c|★takajj|thats scary
|c|★aj14|this hax is gay
|c|★takajj|aj that will no nothing
|c|★takajj|lmao
|c|★takajj|im spdef
|c|★takajj|max
|
|switch|p2a: Landorus-Therian|Landorus-Therian, M|177\/319
|-ability|p2a: Landorus-Therian|Intimidate|[of] p1a: Starmie
|-unboost|p1a: Starmie|atk|1
|turn|12
|c| sir raven|good job telling him you can't kill well.
|c|★aj14|dude shut up if you didnt freeze me i woulda killed u with leaf storm
|
|move|p2a: Landorus-Therian|U-turn|p1a: Starmie
|-supereffective|p1a: Starmie
|-damage|p1a: Starmie|125\/324
|c|★aj14|and you're max defence
|
|switch|p2a: Politoed|Politoed, M|233\/339
|-weather|RainDance
|move|p1a: Starmie|Ice Beam|p2a: Politoed
|-crit|p2a: Politoed
|-resisted|p2a: Politoed
|-damage|p2a: Politoed|182\/339
|
|-weather|RainDance|[upkeep]
|-heal|p1a: Starmie|145\/324|[from] item: Leftovers
|turn|13
|c|★aj14|stop fucking lying
|c|★takajj|no im not
|c| sir raven|use the attack!!!
|c|★takajj|lmao
|c|★aj14|yes you are
|c|★takajj|ik what set i am
|c|★aj14|k keep lying
|
|switch|p1a: Amoonguss|Amoonguss, F|432\/432
|move|p2a: Politoed|Hydro Pump|p1a: Amoonguss|[miss]
|-miss|p2a: Politoed|p1a: Amoonguss
|
|-weather|RainDance|[upkeep]
|turn|14
|c|★aj14|more haxxxx
|c|★aj14|was a 2hko
|c|★takajj|skill*
|c|★aj14|252 Atk Landorus-T U-turn vs. 252 HP \/ 252+ Def Starmie: 134-158 (41.3 - 48.7%)
|
|move|p2a: Politoed|Hydro Pump|p1a: Amoonguss
|-resisted|p1a: Amoonguss
|-damage|p1a: Amoonguss|212\/432
|move|p1a: Amoonguss|Giga Drain|p2a: Politoed
|-supereffective|p2a: Politoed
|-damage|p2a: Politoed|0 fnt
|-heal|p1a: Amoonguss|303\/432|[from] drain|[of] p2a: Politoed
|faint|p2a: Politoed
|
|-weather|RainDance|[upkeep]
|-heal|p1a: Amoonguss|330\/432|[from] item: Black Sludge
|
|switch|p2a: Feraligatr|Feraligatr, F|345\/345
|turn|15
|
|move|p2a: Feraligatr|Swords Dance|p2a: Feraligatr
|-boost|p2a: Feraligatr|atk|2
|move|p1a: Amoonguss|Giga Drain|p2a: Feraligatr
|-supereffective|p2a: Feraligatr
|-damage|p2a: Feraligatr|63\/345
|-heal|p1a: Amoonguss|432\/432|[from] drain|[of] p2a: Feraligatr
|
|-weather|RainDance|[upkeep]
|turn|16
|
|move|p2a: Feraligatr|Waterfall|p1a: Amoonguss
|-resisted|p1a: Amoonguss
|-damage|p1a: Amoonguss|0 fnt
|faint|p1a: Amoonguss
|
|-weather|none
|
|switch|p1a: Starmie|Starmie|145\/324
|turn|17
|
|move|p2a: Feraligatr|Aqua Jet|p1a: Starmie
|-resisted|p1a: Starmie
|-damage|p1a: Starmie|49\/324
|move|p1a: Starmie|Ice Beam|p2a: Feraligatr
|-resisted|p2a: Feraligatr
|-damage|p2a: Feraligatr|23\/345
|
|-heal|p1a: Starmie|69\/324|[from] item: Leftovers
|turn|18
|
|move|p2a: Feraligatr|Aqua Jet|p1a: Starmie
|-resisted|p1a: Starmie
|-damage|p1a: Starmie|0 fnt
|faint|p1a: Starmie
|
|
|switch|p1a: Scizor|Scizor, M|343\/343
|turn|19
|
|move|p2a: Feraligatr|Aqua Jet|p1a: Scizor
|-damage|p1a: Scizor|115\/343
|move|p1a: Scizor|Knock Off|p2a: Feraligatr
|-damage|p2a: Feraligatr|0 fnt
|-enditem|p2a: Feraligatr|Splash Plate|[from] move: Knock Off|[of] p1a: Scizor
|faint|p2a: Feraligatr
|
|c| sir raven|back
|c| sir raven|wow, still at it
|
|switch|p2a: Landorus-Therian|Landorus-Therian, M|177\/319
|-ability|p2a: Landorus-Therian|Intimidate|[of] p1a: Scizor
|-unboost|p1a: Scizor|atk|1
|turn|20
|
|move|p2a: Landorus-Therian|Earthquake|p1a: Scizor
|-damage|p1a: Scizor|0 fnt
|faint|p1a: Scizor
|
|
|switch|p1a: Victini|Victini|341\/341
|turn|21
|c|★takajj|ajdont get pissed
|c| sir raven|no
|c|★takajj|but i kinda became a smogon fag
|c| sir raven|don't you dare have that move
|c|★takajj|gg
|c|★aj14|?
|
|switch|p2a: Latios|Latios, M|301\/301 slp
|move|p1a: Victini|Glaciate|p2a: Latios
|-supereffective|p2a: Latios
|-damage|p2a: Latios|203\/301 slp
|-unboost|p2a: Latios|spe|1
|
|turn|22
|c|★aj14|ok...
|c|★takajj|damn
|c|★takajj|didnt work
|
|move|p1a: Victini|Glaciate|p2a: Latios
|-supereffective|p2a: Latios
|-damage|p2a: Latios|105\/301 slp
|-unboost|p2a: Latios|spe|1
|cant|p2a: Latios|slp
|
|turn|23
|
|move|p1a: Victini|Glaciate|p2a: Latios
|-supereffective|p2a: Latios
|-damage|p2a: Latios|13\/301 slp
|-unboost|p2a: Latios|spe|1
|-curestatus|p2a: Latios|slp
|move|p2a: Latios|Draco Meteor|p1a: Victini
|-damage|p1a: Victini|0 fnt
|-unboost|p2a: Latios|spa|2
|faint|p1a: Victini
|
|
|switch|p1a: Lopunny|Lopunny, M|271\/271
|turn|24
|
|detailschange|p1a: Lopunny|Lopunny-Mega, M
|-mega|p1a: Lopunny|Lopunny|Lopunnite
|move|p1a: Lopunny|Ice Punch|p2a: Latios
|-supereffective|p2a: Latios
|-damage|p2a: Latios|0 fnt
|faint|p2a: Latios
|
|
|switch|p2a: Landorus-Therian|Landorus-Therian, M|177\/319
|-ability|p2a: Landorus-Therian|Intimidate|[of] p1a: Lopunny
|-unboost|p1a: Lopunny|atk|1
|turn|25
|c| sir raven|fly?
|
|move|p2a: Landorus-Therian|Earthquake|p1a: Lopunny
|-crit|p1a: Lopunny
|-damage|p1a: Lopunny|0 fnt
|faint|p1a: Lopunny
|
|win|aj14
|c|★takajj|wow
|c|★aj14|payback is a bitch
|c|★takajj|crit hax
|c| sir raven|awesome.
|c|★takajj|noob
|leave|takajj
|player|p1
|c| sir raven|that was so good
|c| sir raven|dang...
|leave|aj14
|leave|sir raven
|player|p2
|join|aj14