|join|HighTest
|join|DracoNinja
|player|p1|HighTest|266
|player|p2|DracoNinja|2
|gametype|singles
|gen|6
|tier|OU
|clearpoke
|poke|p1|Politoed, M
|poke|p1|Swampert, F
|poke|p1|Kingdra, M
|poke|p1|Kabutops, M
|poke|p1|Landorus-Therian, M
|poke|p1|Tornadus-Therian, M
|poke|p2|Metagross
|poke|p2|Hydreigon, F
|poke|p2|Azumarill, F
|poke|p2|Landorus-Therian, M
|poke|p2|Rotom-Wash
|poke|p2|Serperior, F
|rule|Swagger Clause: Swagger is banned
|rule|Baton Pass Clause: Limit one Pokémon knowing Baton Pass
|rule|Sleep Clause Mod: Limit one foe put to sleep
|rule|Species Clause: Limit one of each Pokémon
|rule|OHKO Clause: OHKO moves are banned
|rule|Moody Clause: Moody is banned
|rule|Evasion Moves Clause: Evasion moves are banned
|rule|Endless Battle Clause: Forcing endless battles is banned
|rule|HP Percentage Mod: HP is shown in percentages
|teampreview
|join|ThugLyfeWiz
|join|PragaSV
|join|MaybeI'mMamoswine
|c|★HighTest|gl m8
|join|Natsu Slayer
|join|GunnerRohan
|c|★DracoNinja|u2
|leave|GunnerRohan
|
|start
|switch|p1a: Landorus-Therian|Landorus-Therian, M|382\/382
|switch|p2a: ZAMROCK|Landorus-Therian, M|357\/357
|-ability|p2a: ZAMROCK|Intimidate|[of] p1a: Landorus-Therian
|-unboost|p1a: Landorus-Therian|atk|1
|-ability|p1a: Landorus-Therian|Intimidate|[of] p2a: ZAMROCK
|-unboost|p2a: ZAMROCK|atk|1
|turn|1
|
|move|p2a: ZAMROCK|Stealth Rock|p1a: Landorus-Therian
|-sidestart|p1: HighTest|move: Stealth Rock
|move|p1a: Landorus-Therian|Stealth Rock|p2a: ZAMROCK
|-sidestart|p2: DracoNinja|move: Stealth Rock
|
|turn|2
|
|move|p2a: ZAMROCK|Stone Edge|p1a: Landorus-Therian|[miss]
|-miss|p2a: ZAMROCK|p1a: Landorus-Therian
|move|p1a: Landorus-Therian|Knock Off|p2a: ZAMROCK
|-damage|p2a: ZAMROCK|285\/357
|-enditem|p2a: ZAMROCK|Earth Plate|[from] move: Knock Off|[of] p1a: Landorus-Therian
|
|turn|3
|
|move|p2a: ZAMROCK|Stone Edge|p1a: Landorus-Therian
|-damage|p1a: Landorus-Therian|306\/382
|move|p1a: Landorus-Therian|U-turn|p2a: ZAMROCK
|-resisted|p2a: ZAMROCK
|-damage|p2a: ZAMROCK|256\/357
|c| Natsu Slayer|DracoNinja from PO?
|c| Natsu Slayer|:O
|c|★DracoNinja|yer
|c| Natsu Slayer|wow
|c| Natsu Slayer|nice
|
|switch|p1a: Politoed|Politoed, M|383\/383
|-damage|p1a: Politoed|336\/383|[from] Stealth Rock
|-weather|RainDance
|
|-weather|RainDance|[upkeep]
|turn|4
|
|move|p2a: ZAMROCK|Earthquake|p1a: Politoed
|-damage|p1a: Politoed|150\/383
|move|p1a: Politoed|Scald|p2a: ZAMROCK
|-supereffective|p2a: ZAMROCK
|-damage|p2a: ZAMROCK|0 fnt
|faint|p2a: ZAMROCK
|
|-weather|RainDance|[upkeep]
|c| Natsu Slayer|I saw your ou team so good
|
|switch|p2a: KLAND|Serperior, F|291\/291
|-damage|p2a: KLAND|255\/291|[from] Stealth Rock
|turn|5
|
|switch|p2a: Z+V|Rotom-Wash|304\/304
|-damage|p2a: Z+V|266\/304|[from] Stealth Rock
|switch|p1a: Tornadus-Therian|Tornadus-Therian, M|299\/299
|-damage|p1a: Tornadus-Therian|225\/299|[from] Stealth Rock
|
|-weather|RainDance|[upkeep]
|-heal|p2a: Z+V|285\/304|[from] item: Leftovers
|turn|6
|
|move|p1a: Tornadus-Therian|U-turn|p2a: Z+V
|-damage|p2a: Z+V|232\/304
|-damage|p1a: Tornadus-Therian|196\/299|[from] item: Life Orb
|
|switch|p1a: Landorus-Therian|Landorus-Therian, M|306\/382
|-damage|p1a: Landorus-Therian|259\/382|[from] Stealth Rock
|-ability|p1a: Landorus-Therian|Intimidate|[of] p2a: Z+V
|-unboost|p2a: Z+V|atk|1
|move|p2a: Z+V|Will-O-Wisp|p1a: Landorus-Therian
|-status|p1a: Landorus-Therian|brn
|
|-weather|RainDance|[upkeep]
|-heal|p1a: Landorus-Therian|282\/382 brn|[from] item: Leftovers
|-heal|p2a: Z+V|251\/304|[from] item: Leftovers
|-damage|p1a: Landorus-Therian|235\/382 brn|[from] brn
|turn|7
|
|switch|p2a: METALGROSS|Metagross|345\/345
|-damage|p2a: METALGROSS|324\/345|[from] Stealth Rock
|move|p1a: Landorus-Therian|Knock Off|p2a: METALGROSS
|-supereffective|p2a: METALGROSS
|-damage|p2a: METALGROSS|266\/345
|
|-weather|RainDance|[upkeep]
|-heal|p1a: Landorus-Therian|258\/382 brn|[from] item: Leftovers
|-damage|p1a: Landorus-Therian|211\/382 brn|[from] brn
|turn|8
|
|switch|p1a: Tornadus-Therian|Tornadus-Therian, M|295\/299
|-damage|p1a: Tornadus-Therian|221\/299|[from] Stealth Rock
|detailschange|p2a: METALGROSS|Metagross-Mega
|-mega|p2a: METALGROSS|Metagross|Metagrossite
|move|p2a: METALGROSS|Zen Headbutt|p1a: Tornadus-Therian
|-damage|p1a: Tornadus-Therian|0 fnt
|faint|p1a: Tornadus-Therian
|
|-weather|RainDance|[upkeep]
|
|switch|p1a: Kingdra|Kingdra, M|311\/311
|-damage|p1a: Kingdra|273\/311|[from] Stealth Rock
|turn|9
|
|switch|p2a: SNOWCRISTAL|Azumarill, F|358\/358
|-damage|p2a: SNOWCRISTAL|314\/358|[from] Stealth Rock
|move|p1a: Kingdra|Surf|p2a: SNOWCRISTAL
|-resisted|p2a: SNOWCRISTAL
|-damage|p2a: SNOWCRISTAL|172\/358
|-damage|p1a: Kingdra|242\/311|[from] item: Life Orb
|-enditem|p2a: SNOWCRISTAL|Sitrus Berry|[eat]
|-heal|p2a: SNOWCRISTAL|261\/358|[from] item: Sitrus Berry
|
|-weather|RainDance|[upkeep]
|turn|10
|leave|MaybeI'mMamoswine
|
|move|p1a: Kingdra|Hidden Power|p2a: SNOWCRISTAL
|-supereffective|p2a: SNOWCRISTAL
|-damage|p2a: SNOWCRISTAL|74\/358
|-damage|p1a: Kingdra|211\/311|[from] item: Life Orb
|move|p2a: SNOWCRISTAL|Play Rough|p1a: Kingdra
|-supereffective|p1a: Kingdra
|-damage|p1a: Kingdra|0 fnt
|faint|p1a: Kingdra
|
|-weather|none
|
|switch|p1a: Politoed|Politoed, M|150\/383
|-damage|p1a: Politoed|103\/383|[from] Stealth Rock
|-weather|RainDance
|turn|11
|
|move|p2a: SNOWCRISTAL|Aqua Jet|p1a: Politoed
|-resisted|p1a: Politoed
|-damage|p1a: Politoed|20\/383
|move|p1a: Politoed|Rest|p1a: Politoed
|-status|p1a: Politoed|slp
|-heal|p1a: Politoed|383\/383 slp|[silent]
|-status|p1a: Politoed|slp|[from] move: Rest
|
|-weather|RainDance|[upkeep]
|turn|12
|join|Cienight
|
|switch|p1a: Landorus-Therian|Landorus-Therian, M|211\/382 brn
|-damage|p1a: Landorus-Therian|164\/382 brn|[from] Stealth Rock
|-ability|p1a: Landorus-Therian|Intimidate|[of] p2a: SNOWCRISTAL
|-unboost|p2a: SNOWCRISTAL|atk|1
|move|p2a: SNOWCRISTAL|Play Rough|p1a: Landorus-Therian
|-damage|p1a: Landorus-Therian|62\/382 brn
|
|-weather|RainDance|[upkeep]
|-heal|p1a: Landorus-Therian|85\/382 brn|[from] item: Leftovers
|-damage|p1a: Landorus-Therian|38\/382 brn|[from] brn
|turn|13
|
|move|p2a: SNOWCRISTAL|Aqua Jet|p1a: Landorus-Therian
|-supereffective|p1a: Landorus-Therian
|-damage|p1a: Landorus-Therian|0 fnt
|faint|p1a: Landorus-Therian
|
|-weather|RainDance|[upkeep]
|
|switch|p1a: Kabutops|Kabutops, M|271\/271
|-damage|p1a: Kabutops|238\/271|[from] Stealth Rock
|turn|14
|
|move|p2a: SNOWCRISTAL|Aqua Jet|p1a: Kabutops
|-damage|p1a: Kabutops|159\/271
|move|p1a: Kabutops|Waterfall|p2a: SNOWCRISTAL
|-resisted|p2a: SNOWCRISTAL
|-damage|p2a: SNOWCRISTAL|0 fnt
|-damage|p1a: Kabutops|132\/271|[from] item: Life Orb
|faint|p2a: SNOWCRISTAL
|
|-weather|RainDance|[upkeep]
|
|switch|p2a: Z+V|Rotom-Wash|251\/304
|-damage|p2a: Z+V|213\/304|[from] Stealth Rock
|turn|15
|join|claraevans
|
|move|p1a: Kabutops|Rock Slide|p2a: Z+V
|-damage|p2a: Z+V|84\/304
|-damage|p1a: Kabutops|105\/271|[from] item: Life Orb
|move|p2a: Z+V|Will-O-Wisp|p1a: Kabutops
|-status|p1a: Kabutops|brn
|
|-weather|RainDance|[upkeep]
|-heal|p2a: Z+V|103\/304|[from] item: Leftovers
|-damage|p1a: Kabutops|72\/271 brn|[from] brn
|turn|16
|
|move|p1a: Kabutops|Rock Slide|p2a: Z+V
|-damage|p2a: Z+V|41\/304
|-damage|p1a: Kabutops|45\/271 brn|[from] item: Life Orb
|move|p2a: Z+V|Volt Switch|p1a: Kabutops
|-crit|p1a: Kabutops
|-supereffective|p1a: Kabutops
|-damage|p1a: Kabutops|0 fnt
|faint|p1a: Kabutops
|c| claraevans|how do you guys joinn the tournament...
|
|switch|p2a: KLAND|Serperior, F|255\/291
|-damage|p2a: KLAND|219\/291|[from] Stealth Rock
|
|-weather|RainDance|[upkeep]
|c| Natsu Slayer|you can't now
|
|switch|p1a: Swampert|Swampert, F|361\/361
|-damage|p1a: Swampert|339\/361|[from] Stealth Rock
|turn|17
|c|★HighTest|gg
|c| claraevans|oh alright thanks
|c|★DracoNinja|gg
|c| PragaSV|gg
|
|detailschange|p1a: Swampert|Swampert-Mega, F
|-mega|p1a: Swampert|Swampert|Swampertite
|move|p2a: KLAND|Leaf Storm|p1a: Swampert|[miss]
|-miss|p2a: KLAND|p1a: Swampert
|move|p1a: Swampert|Ice Punch|p2a: KLAND
|-supereffective|p2a: KLAND
|-damage|p2a: KLAND|7\/291
|
|-weather|RainDance|[upkeep]
|turn|18
|c|★DracoNinja|oh my lord
|c| PragaSV|tht miss tho
|c|★HighTest|...
|
|move|p1a: Swampert|Waterfall|p2a: KLAND
|-resisted|p2a: KLAND
|-damage|p2a: KLAND|0 fnt
|faint|p2a: KLAND
|
|-weather|none
|join|bluri
|
|switch|p2a: METALGROSS|Metagross-Mega|266\/345
|-damage|p2a: METALGROSS|245\/345|[from] Stealth Rock
|turn|19
|leave|bluri
|
|move|p2a: METALGROSS|Zen Headbutt|p1a: Swampert
|-damage|p1a: Swampert|132\/361
|move|p1a: Swampert|Earthquake|p2a: METALGROSS
|-supereffective|p2a: METALGROSS
|-damage|p2a: METALGROSS|0 fnt
|faint|p2a: METALGROSS
|
|c| claraevans|over confidence
|c| PragaSV|staying in?
|
|switch|p2a: ZORODARK|Hydreigon, F|325\/325
|-damage|p2a: ZORODARK|285\/325|[from] Stealth Rock
|turn|20
|c| PragaSV|WHY
|join|MH4UHypeTrain
|
|switch|p1a: Politoed|Politoed, M|383\/383 slp
|-damage|p1a: Politoed|336\/383 slp|[from] Stealth Rock
|-weather|RainDance
|move|p2a: ZORODARK|U-turn|p1a: Politoed
|-damage|p1a: Politoed|273\/383 slp
|c| claraevans|he shouldnt be cocky
|c|★DracoNinja|bop
|c| Natsu Slayer|he predicted swampert
|
|switch|p2a: Z+V|Rotom-Wash|41\/304
|-damage|p2a: Z+V|3\/304|[from] Stealth Rock
|
|-weather|RainDance|[upkeep]
|-heal|p2a: Z+V|22\/304|[from] item: Leftovers
|turn|21
|c| Cienight|"shouldnt"
|c| Natsu Slayer|LOL
|c| Cienight|it was over
|
|move|p2a: Z+V|Pain Split|p1a: Politoed
|-sethp|p1a: Politoed|147\/383 slp|p2a: Z+V|147\/304|[from] move: Pain Split
|cant|p1a: Politoed|slp
|
|-weather|RainDance|[upkeep]
|-heal|p2a: Z+V|166\/304|[from] item: Leftovers
|turn|22
|c| Cienight|rofl
|
|move|p2a: Z+V|Volt Switch|p1a: Politoed
|-supereffective|p1a: Politoed
|-damage|p1a: Politoed|27\/383 slp
|leave|claraevans
|c| Natsu Slayer|GK
|
|switch|p2a: ZORODARK|Hydreigon, F|285\/325
|-damage|p2a: ZORODARK|245\/325|[from] Stealth Rock
|cant|p1a: Politoed|slp
|
|-weather|RainDance|[upkeep]
|turn|23
|
|move|p2a: ZORODARK|Dark Pulse|p1a: Politoed
|-damage|p1a: Politoed|0 fnt
|faint|p1a: Politoed
|
|-weather|RainDance|[upkeep]
|c| ThugLyfeWiz|why the fuck did u vs
|
|switch|p1a: Swampert|Swampert-Mega, F|132\/361
|-damage|p1a: Swampert|110\/361|[from] Stealth Rock
|turn|24
|c| PragaSV|Ice punch doesn't kill
|c| PragaSV|right?
|c| Natsu Slayer|wow
|c| Cienight|unless freeze
|c| PragaSV|hope for a flinch
|c|★DracoNinja|nah
|c| PragaSV|or just crit
|c|★DracoNinja|rotom-w is at a
|c|★DracoNinja|good enough health
|c| PragaSV|oh yeh
|c| PragaSV|gg then
|c| Natsu Slayer|win :)
|
|move|p2a: ZORODARK|Dark Pulse|p1a: Swampert
|-damage|p1a: Swampert|0 fnt
|faint|p1a: Swampert
|
|win|DracoNinja
|c| PragaSV|unless willo miss
|c| Natsu Slayer|Ninja
|c| PragaSV|lol
|c| Natsu Slayer|what
|c| Cienight|unless adamant
|c| Natsu Slayer|xd
|c| PragaSV|no speed investment
|c| Natsu Slayer|lol