|join|lapraz
|join|ULT Celsius
|player|p1|lapraz|157
|player|p2|ULT Celsius|294
|gametype|singles
|gen|6
|tier|UU
|rated
|rule|Sleep Clause Mod: Limit one foe put to sleep
|rule|Species Clause: Limit one of each Pokémon
|rule|OHKO Clause: OHKO moves are banned
|rule|Moody Clause: Moody is banned
|rule|Evasion Moves Clause: Evasion moves are banned
|rule|Endless Battle Clause: Forcing endless battles is banned
|rule|HP Percentage Mod: HP is shown in percentages
|clearpoke
|poke|p1|Blissey, F
|poke|p1|Suicune
|poke|p1|Gligar, M
|poke|p1|Granbull, M
|poke|p1|Forretress, F
|poke|p1|Moltres
|poke|p2|Braviary, M
|poke|p2|Chesnaught, M
|poke|p2|Empoleon, F
|poke|p2|Reuniclus, F
|poke|p2|Infernape, M
|poke|p2|Snorlax, F
|rule|Swagger Clause: Swagger is banned
|rule|Baton Pass Clause: Limit one Pokémon knowing Baton Pass
|teampreview
|
|start
|switch|p1a: Moltres|Moltres|383\/383
|switch|p2a: Infernape|Infernape, M|293\/293
|-ability|p1a: Moltres|Pressure
|turn|1
|
|switch|p2a: Empoleon|Empoleon, F|372\/372
|move|p1a: Moltres|Air Slash|p2a: Empoleon
|-resisted|p2a: Empoleon
|-damage|p2a: Empoleon|330\/372
|
|-heal|p2a: Empoleon|353\/372|[from] item: Leftovers
|turn|2
|
|move|p1a: Moltres|Will-O-Wisp|p2a: Empoleon
|-status|p2a: Empoleon|brn
|move|p2a: Empoleon|Stealth Rock|p1a: Moltres
|-sidestart|p1: lapraz|move: Stealth Rock
|
|-heal|p2a: Empoleon|372\/372 brn|[from] item: Leftovers
|-damage|p2a: Empoleon|326\/372 brn|[from] brn
|turn|3
|
|move|p1a: Moltres|Defog|p2a: Empoleon
|-unboost|p2a: Empoleon|evasion|1
|-sideend|p1: lapraz|Stealth Rock|[from] move: Defog|[of] p1a: Moltres
|move|p2a: Empoleon|Scald|p1a: Moltres
|-supereffective|p1a: Moltres
|-damage|p1a: Moltres|231\/383
|
|-heal|p1a: Moltres|254\/383|[from] item: Leftovers
|-heal|p2a: Empoleon|349\/372 brn|[from] item: Leftovers
|-damage|p2a: Empoleon|303\/372 brn|[from] brn
|turn|4
|
|move|p1a: Moltres|Air Slash|p2a: Empoleon
|-resisted|p2a: Empoleon
|-damage|p2a: Empoleon|266\/372 brn
|move|p2a: Empoleon|Stealth Rock|p1a: Moltres
|-sidestart|p1: lapraz|move: Stealth Rock
|
|-heal|p1a: Moltres|277\/383|[from] item: Leftovers
|-heal|p2a: Empoleon|289\/372 brn|[from] item: Leftovers
|-damage|p2a: Empoleon|243\/372 brn|[from] brn
|turn|5
|
|switch|p2a: Braviary|Braviary, M|341\/341
|move|p1a: Moltres|Defog|p2a: Braviary
|-unboost|p2a: Braviary|evasion|1
|-boost|p2a: Braviary|atk|2|[from] ability: Defiant
|-sideend|p1: lapraz|Stealth Rock|[from] move: Defog|[of] p1a: Moltres
|
|-heal|p1a: Moltres|300\/383|[from] item: Leftovers
|turn|6
|
|switch|p1a: Gligar|Gligar, M|334\/334
|move|p2a: Braviary|Brave Bird|p1a: Gligar
|-damage|p1a: Gligar|58\/334
|-damage|p2a: Braviary|250\/341|[from] recoil|[of] p1a: Gligar
|
|turn|7
|c|★lapraz|ow
|
|switch|p1a: Blissey|Blissey, F|657\/657
|move|p2a: Braviary|Brave Bird|p1a: Blissey
|-damage|p1a: Blissey|0 fnt
|-damage|p2a: Braviary|33\/341|[from] recoil|[of] p1a: Blissey
|faint|p1a: Blissey
|
|
|switch|p1a: Forretress|Forretress, F|354\/354
|turn|8
|
|move|p2a: Braviary|Brave Bird|p1a: Forretress
|-damage|p1a: Forretress|119\/354
|-damage|p2a: Braviary|0 fnt|[from] recoil|[of] p1a: Forretress
|faint|p2a: Braviary
|move|p1a: Forretress|Spikes|p2: Braviary
|-sidestart|p2: ULT Celsius|Spikes
|
|-heal|p1a: Forretress|141\/354|[from] item: Leftovers
|
|switch|p2a: Empoleon|Empoleon, F|243\/372 brn
|-damage|p2a: Empoleon|197\/372 brn|[from] Spikes
|turn|9
|
|switch|p1a: Moltres|Moltres|300\/383
|-ability|p1a: Moltres|Pressure
|move|p2a: Empoleon|Scald|p1a: Moltres
|-supereffective|p1a: Moltres
|-damage|p1a: Moltres|132\/383
|
|-heal|p1a: Moltres|155\/383|[from] item: Leftovers
|-heal|p2a: Empoleon|220\/372 brn|[from] item: Leftovers
|-damage|p2a: Empoleon|174\/372 brn|[from] brn
|turn|10
|
|move|p1a: Moltres|Roost|p1a: Moltres
|-heal|p1a: Moltres|347\/383
|move|p2a: Empoleon|Defog|p1a: Moltres
|-unboost|p1a: Moltres|evasion|1
|-sideend|p2: ULT Celsius|Spikes|[from] move: Defog|[of] p2a: Empoleon
|
|-heal|p1a: Moltres|370\/383|[from] item: Leftovers
|-heal|p2a: Empoleon|197\/372 brn|[from] item: Leftovers
|-damage|p2a: Empoleon|151\/372 brn|[from] brn
|turn|11
|
|switch|p2a: Snorlax|Snorlax, F|504\/504
|move|p1a: Moltres|Air Slash|p2a: Snorlax|[miss]
|-miss|p1a: Moltres|p2a: Snorlax
|
|-heal|p1a: Moltres|383\/383|[from] item: Leftovers
|turn|12
|
|move|p1a: Moltres|Will-O-Wisp|p2a: Snorlax
|-status|p2a: Snorlax|brn
|move|p2a: Snorlax|Body Slam|p1a: Moltres
|-crit|p1a: Moltres
|-damage|p1a: Moltres|301\/383
|
|-heal|p1a: Moltres|324\/383|[from] item: Leftovers
|-damage|p2a: Snorlax|441\/504 brn|[from] brn
|turn|13
|
|switch|p1a: Gligar|Gligar, M|58\/334
|switch|p2a: Empoleon|Empoleon, F|151\/372 brn
|
|-heal|p2a: Empoleon|174\/372 brn|[from] item: Leftovers
|-damage|p2a: Empoleon|128\/372 brn|[from] brn
|turn|14
|
|switch|p2a: Chesnaught|Chesnaught, M|380\/380
|move|p1a: Gligar|Earthquake|p2a: Chesnaught
|-resisted|p2a: Chesnaught
|-damage|p2a: Chesnaught|350\/380
|
|-heal|p2a: Chesnaught|373\/380|[from] item: Leftovers
|turn|15
|
|move|p1a: Gligar|Roost|p1a: Gligar
|-heal|p1a: Gligar|225\/334
|move|p2a: Chesnaught|Spikes|p1a: Gligar
|-sidestart|p1: lapraz|Spikes
|
|-heal|p2a: Chesnaught|380\/380|[from] item: Leftovers
|turn|16
|
|move|p1a: Gligar|Toxic|p2a: Chesnaught
|-status|p2a: Chesnaught|tox
|move|p2a: Chesnaught|Spikes|p1a: Gligar
|-sidestart|p1: lapraz|Spikes
|
|-damage|p2a: Chesnaught|357\/380 tox|[from] psn
|turn|17
|
|switch|p1a: Moltres|Moltres|324\/383
|-ability|p1a: Moltres|Pressure
|move|p2a: Chesnaught|Leech Seed|p1a: Moltres
|-start|p1a: Moltres|move: Leech Seed
|
|-heal|p1a: Moltres|347\/383|[from] item: Leftovers
|-heal|p2a: Chesnaught|380\/380 tox|[from] item: Leftovers
|-damage|p1a: Moltres|300\/383|[from] Leech Seed|[of] p2a: Chesnaught
|-damage|p2a: Chesnaught|334\/380 tox|[from] psn
|turn|18
|
|switch|p2a: Reuniclus|Reuniclus, F|424\/424
|move|p1a: Moltres|Defog|p2a: Reuniclus
|-unboost|p2a: Reuniclus|evasion|1
|-sideend|p1: lapraz|Spikes|[from] move: Defog|[of] p1a: Moltres
|
|-heal|p1a: Moltres|323\/383|[from] item: Leftovers
|-damage|p1a: Moltres|276\/383|[from] Leech Seed|[of] p2a: Reuniclus
|turn|19
|
|switch|p1a: Suicune|Suicune|404\/404
|-ability|p1a: Suicune|Pressure
|move|p2a: Reuniclus|Calm Mind|p2a: Reuniclus
|-boost|p2a: Reuniclus|spa|1
|-boost|p2a: Reuniclus|spd|1
|
|turn|20
|
|move|p1a: Suicune|Calm Mind|p1a: Suicune
|-boost|p1a: Suicune|spa|1
|-boost|p1a: Suicune|spd|1
|move|p2a: Reuniclus|Psyshock|p1a: Suicune
|-damage|p1a: Suicune|287\/404
|
|-heal|p1a: Suicune|312\/404|[from] item: Leftovers
|turn|21
|
|move|p2a: Reuniclus|Calm Mind|p2a: Reuniclus
|-boost|p2a: Reuniclus|spa|1
|-boost|p2a: Reuniclus|spd|1
|move|p1a: Suicune|Roar|p2a: Reuniclus
|drag|p2a: Infernape|Infernape, M|293\/293
|
|-heal|p1a: Suicune|337\/404|[from] item: Leftovers
|turn|22
|
|switch|p2a: Chesnaught|Chesnaught, M|334\/380 tox
|move|p1a: Suicune|Scald|p2a: Chesnaught
|-resisted|p2a: Chesnaught
|-damage|p2a: Chesnaught|261\/380 tox
|
|-heal|p1a: Suicune|362\/404|[from] item: Leftovers
|-heal|p2a: Chesnaught|284\/380 tox|[from] item: Leftovers
|-damage|p2a: Chesnaught|261\/380 tox|[from] psn
|turn|23
|
|switch|p1a: Forretress|Forretress, F|141\/354
|move|p2a: Chesnaught|Leech Seed|p1a: Forretress
|-start|p1a: Forretress|move: Leech Seed
|
|-heal|p2a: Chesnaught|284\/380 tox|[from] item: Leftovers
|-heal|p1a: Forretress|163\/354|[from] item: Leftovers
|-damage|p1a: Forretress|119\/354|[from] Leech Seed|[of] p2a: Chesnaught
|-heal|p2a: Chesnaught|328\/380 tox|[silent]
|-damage|p2a: Chesnaught|282\/380 tox|[from] psn
|turn|24
|
|move|p2a: Chesnaught|Drain Punch|p1a: Forretress
|-damage|p1a: Forretress|61\/354
|-heal|p2a: Chesnaught|311\/380 tox|[from] drain|[of] p1a: Forretress
|move|p1a: Forretress|Rapid Spin|p2a: Chesnaught
|-damage|p2a: Chesnaught|301\/380 tox
|-end|p1a: Forretress|Leech Seed|[from] move: Rapid Spin|[of] p1a: Forretress
|
|-heal|p2a: Chesnaught|324\/380 tox|[from] item: Leftovers
|-heal|p1a: Forretress|83\/354|[from] item: Leftovers
|-damage|p2a: Chesnaught|255\/380 tox|[from] psn
|turn|25
|
|move|p2a: Chesnaught|Leech Seed|p1a: Forretress
|-start|p1a: Forretress|move: Leech Seed
|move|p1a: Forretress|Rapid Spin|p2a: Chesnaught
|-damage|p2a: Chesnaught|244\/380 tox
|-end|p1a: Forretress|Leech Seed|[from] move: Rapid Spin|[of] p1a: Forretress
|
|-heal|p2a: Chesnaught|267\/380 tox|[from] item: Leftovers
|-heal|p1a: Forretress|105\/354|[from] item: Leftovers
|-damage|p2a: Chesnaught|175\/380 tox|[from] psn
|turn|26
|
|switch|p2a: Infernape|Infernape, M|293\/293
|move|p1a: Forretress|Rapid Spin|p2a: Infernape
|-damage|p2a: Infernape|270\/293
|
|-heal|p1a: Forretress|127\/354|[from] item: Leftovers
|turn|27
|
|switch|p1a: Suicune|Suicune|362\/404
|-ability|p1a: Suicune|Pressure
|move|p2a: Infernape|Gunk Shot|p1a: Suicune
|-damage|p1a: Suicune|289\/404
|
|-heal|p1a: Suicune|314\/404|[from] item: Leftovers
|turn|28
|
|switch|p2a: Chesnaught|Chesnaught, M|175\/380 tox
|move|p1a: Suicune|Calm Mind|p1a: Suicune
|-boost|p1a: Suicune|spa|1
|-boost|p1a: Suicune|spd|1
|
|-heal|p1a: Suicune|339\/404|[from] item: Leftovers
|-heal|p2a: Chesnaught|198\/380 tox|[from] item: Leftovers
|-damage|p2a: Chesnaught|175\/380 tox|[from] psn
|turn|29
|
|switch|p1a: Granbull|Granbull, M|384\/384
|-ability|p1a: Granbull|Intimidate|[of] p2a: Chesnaught
|-unboost|p2a: Chesnaught|atk|1
|move|p2a: Chesnaught|Leech Seed|p1a: Granbull
|-start|p1a: Granbull|move: Leech Seed
|
|-heal|p2a: Chesnaught|198\/380 tox|[from] item: Leftovers
|-damage|p1a: Granbull|336\/384|[from] Leech Seed|[of] p2a: Chesnaught
|-heal|p2a: Chesnaught|246\/380 tox|[silent]
|-damage|p2a: Chesnaught|200\/380 tox|[from] psn
|turn|30
|
|switch|p2a: Empoleon|Empoleon, F|128\/372 brn
|switch|p1a: Forretress|Forretress, F|127\/354
|
|-heal|p2a: Empoleon|151\/372 brn|[from] item: Leftovers
|-heal|p1a: Forretress|149\/354|[from] item: Leftovers
|-damage|p2a: Empoleon|105\/372 brn|[from] brn
|turn|31
|
|switch|p1a: Suicune|Suicune|339\/404
|-ability|p1a: Suicune|Pressure
|move|p2a: Empoleon|Scald|p1a: Suicune
|-resisted|p1a: Suicune
|-damage|p1a: Suicune|276\/404
|-status|p1a: Suicune|brn
|
|-heal|p1a: Suicune|301\/404 brn|[from] item: Leftovers
|-heal|p2a: Empoleon|128\/372 brn|[from] item: Leftovers
|-damage|p1a: Suicune|251\/404 brn|[from] brn
|-damage|p2a: Empoleon|82\/372 brn|[from] brn
|turn|32
|
|move|p1a: Suicune|Rest|p1a: Suicune
|-status|p1a: Suicune|slp
|-heal|p1a: Suicune|404\/404 slp|[silent]
|-status|p1a: Suicune|slp|[from] move: Rest
|move|p2a: Empoleon|Stealth Rock|p1a: Suicune
|-sidestart|p1: lapraz|move: Stealth Rock
|
|-heal|p2a: Empoleon|105\/372 brn|[from] item: Leftovers
|-damage|p2a: Empoleon|59\/372 brn|[from] brn
|turn|33
|
|switch|p2a: Reuniclus|Reuniclus, F|424\/424
|cant|p1a: Suicune|slp
|
|turn|34
|join|snowballin
|
|switch|p2a: Chesnaught|Chesnaught, M|200\/380 tox
|cant|p1a: Suicune|slp
|
|-heal|p2a: Chesnaught|223\/380 tox|[from] item: Leftovers
|-damage|p2a: Chesnaught|200\/380 tox|[from] psn
|turn|35
|
|-curestatus|p1a: Suicune|slp
|move|p1a: Suicune|Scald|p2a: Chesnaught
|-resisted|p2a: Chesnaught
|-damage|p2a: Chesnaught|152\/380 tox
|move|p2a: Chesnaught|Leech Seed|p1a: Suicune
|-start|p1a: Suicune|move: Leech Seed
|
|-heal|p2a: Chesnaught|175\/380 tox|[from] item: Leftovers
|-damage|p1a: Suicune|354\/404|[from] Leech Seed|[of] p2a: Chesnaught
|-heal|p2a: Chesnaught|225\/380 tox|[silent]
|-damage|p2a: Chesnaught|179\/380 tox|[from] psn
|turn|36
|
|switch|p1a: Moltres|Moltres|276\/383
|-damage|p1a: Moltres|85\/383|[from] Stealth Rock
|-ability|p1a: Moltres|Pressure
|switch|p2a: Reuniclus|Reuniclus, F|424\/424
|
|-heal|p1a: Moltres|108\/383|[from] item: Leftovers
|turn|37
|
|move|p1a: Moltres|Defog|p2a: Reuniclus
|-unboost|p2a: Reuniclus|evasion|1
|-sideend|p1: lapraz|Stealth Rock|[from] move: Defog|[of] p1a: Moltres
|move|p2a: Reuniclus|Calm Mind|p2a: Reuniclus
|-boost|p2a: Reuniclus|spa|1
|-boost|p2a: Reuniclus|spd|1
|
|-heal|p1a: Moltres|131\/383|[from] item: Leftovers
|turn|38
|
|switch|p1a: Suicune|Suicune|354\/404
|-ability|p1a: Suicune|Pressure
|move|p2a: Reuniclus|Psyshock|p1a: Suicune
|-damage|p1a: Suicune|246\/404
|
|-heal|p1a: Suicune|271\/404|[from] item: Leftovers
|turn|39
|
|move|p2a: Reuniclus|Psyshock|p1a: Suicune
|-damage|p1a: Suicune|159\/404
|move|p1a: Suicune|Roar|p2a: Reuniclus
|drag|p2a: Empoleon|Empoleon, F|59\/372 brn
|
|-heal|p1a: Suicune|184\/404|[from] item: Leftovers
|-heal|p2a: Empoleon|82\/372 brn|[from] item: Leftovers
|-damage|p2a: Empoleon|36\/372 brn|[from] brn
|turn|40
|
|move|p1a: Suicune|Scald|p2a: Empoleon
|-resisted|p2a: Empoleon
|-damage|p2a: Empoleon|7\/372 brn
|move|p2a: Empoleon|Stealth Rock|p1a: Suicune
|-sidestart|p1: lapraz|move: Stealth Rock
|
|-heal|p1a: Suicune|209\/404|[from] item: Leftovers
|-heal|p2a: Empoleon|30\/372 brn|[from] item: Leftovers
|-damage|p2a: Empoleon|0 fnt|[from] brn
|faint|p2a: Empoleon
|
|switch|p2a: Chesnaught|Chesnaught, M|179\/380 tox
|turn|41
|
|switch|p1a: Forretress|Forretress, F|149\/354
|-damage|p1a: Forretress|105\/354|[from] Stealth Rock
|move|p2a: Chesnaught|Leech Seed|p1a: Forretress
|-start|p1a: Forretress|move: Leech Seed
|
|-heal|p2a: Chesnaught|202\/380 tox|[from] item: Leftovers
|-heal|p1a: Forretress|127\/354|[from] item: Leftovers
|-damage|p1a: Forretress|83\/354|[from] Leech Seed|[of] p2a: Chesnaught
|-heal|p2a: Chesnaught|246\/380 tox|[silent]
|-damage|p2a: Chesnaught|223\/380 tox|[from] psn
|turn|42
|
|switch|p2a: Infernape|Infernape, M|270\/293
|move|p1a: Forretress|Rapid Spin|p2a: Infernape
|-damage|p2a: Infernape|246\/293
|-end|p1a: Forretress|Leech Seed|[from] move: Rapid Spin|[of] p1a: Forretress
|-sideend|p1: lapraz|Stealth Rock|[from] move: Rapid Spin|[of] p1a: Forretress
|
|-heal|p1a: Forretress|105\/354|[from] item: Leftovers
|turn|43
|
|switch|p1a: Granbull|Granbull, M|336\/384
|-ability|p1a: Granbull|Intimidate|[of] p2a: Infernape
|-unboost|p2a: Infernape|atk|1
|move|p2a: Infernape|Close Combat|p1a: Granbull
|-crit|p1a: Granbull
|-resisted|p1a: Granbull
|-damage|p1a: Granbull|214\/384
|-unboost|p2a: Infernape|def|1
|-unboost|p2a: Infernape|spd|1
|
|-heal|p1a: Granbull|238\/384|[from] item: Leftovers
|turn|44
|
|move|p2a: Infernape|Gunk Shot|p1a: Granbull|[miss]
|-miss|p2a: Infernape|p1a: Granbull
|move|p1a: Granbull|Play Rough|p2a: Infernape
|-damage|p2a: Infernape|0 fnt
|faint|p2a: Infernape
|
|-heal|p1a: Granbull|262\/384|[from] item: Leftovers
|
|switch|p2a: Reuniclus|Reuniclus, F|424\/424
|turn|45
|
|switch|p1a: Suicune|Suicune|209\/404
|-ability|p1a: Suicune|Pressure
|move|p2a: Reuniclus|Calm Mind|p2a: Reuniclus
|-boost|p2a: Reuniclus|spa|1
|-boost|p2a: Reuniclus|spd|1
|
|-heal|p1a: Suicune|234\/404|[from] item: Leftovers
|turn|46
|
|move|p2a: Reuniclus|Psyshock|p1a: Suicune
|-damage|p1a: Suicune|125\/404
|move|p1a: Suicune|Roar|p2a: Reuniclus
|drag|p2a: Snorlax|Snorlax, F|441\/504 brn
|
|-heal|p1a: Suicune|150\/404|[from] item: Leftovers
|-heal|p2a: Snorlax|472\/504 brn|[from] item: Leftovers
|-damage|p2a: Snorlax|409\/504 brn|[from] brn
|turn|47
|
|switch|p2a: Chesnaught|Chesnaught, M|223\/380 tox
|move|p1a: Suicune|Rest|p1a: Suicune
|-status|p1a: Suicune|slp
|-heal|p1a: Suicune|404\/404 slp|[silent]
|-status|p1a: Suicune|slp|[from] move: Rest
|
|-heal|p2a: Chesnaught|246\/380 tox|[from] item: Leftovers
|-damage|p2a: Chesnaught|223\/380 tox|[from] psn
|turn|48
|join|Sacri'
|
|switch|p1a: Granbull|Granbull, M|262\/384
|-ability|p1a: Granbull|Intimidate|[of] p2a: Chesnaught
|-unboost|p2a: Chesnaught|atk|1
|move|p2a: Chesnaught|Leech Seed|p1a: Granbull
|-start|p1a: Granbull|move: Leech Seed
|
|-heal|p2a: Chesnaught|246\/380 tox|[from] item: Leftovers
|-heal|p1a: Granbull|286\/384|[from] item: Leftovers
|-damage|p1a: Granbull|238\/384|[from] Leech Seed|[of] p2a: Chesnaught
|-heal|p2a: Chesnaught|294\/380 tox|[silent]
|-damage|p2a: Chesnaught|248\/380 tox|[from] psn
|turn|49
|
|switch|p2a: Snorlax|Snorlax, F|409\/504 brn
|move|p1a: Granbull|Heal Bell|p1a: Granbull
|-cureteam|p1a: Granbull|[from] move: HealBell
|
|-heal|p1a: Granbull|262\/384|[from] item: Leftovers
|-heal|p2a: Snorlax|440\/504 brn|[from] item: Leftovers
|-damage|p1a: Granbull|214\/384|[from] Leech Seed|[of] p2a: Snorlax
|-heal|p2a: Snorlax|488\/504 brn|[silent]
|-damage|p2a: Snorlax|425\/504 brn|[from] brn
|turn|50
|
|switch|p1a: Gligar|Gligar, M|225\/334
|move|p2a: Snorlax|Body Slam|p1a: Gligar
|-damage|p1a: Gligar|189\/334
|
|-heal|p2a: Snorlax|456\/504 brn|[from] item: Leftovers
|-damage|p2a: Snorlax|393\/504 brn|[from] brn
|turn|51
|
|move|p1a: Gligar|Roost|p1a: Gligar
|-heal|p1a: Gligar|334\/334
|move|p2a: Snorlax|Body Slam|p1a: Gligar
|-damage|p1a: Gligar|300\/334
|
|-heal|p2a: Snorlax|424\/504 brn|[from] item: Leftovers
|-damage|p2a: Snorlax|361\/504 brn|[from] brn
|turn|52
|
|switch|p1a: Suicune|Suicune|404\/404
|-ability|p1a: Suicune|Pressure
|move|p2a: Snorlax|Body Slam|p1a: Suicune
|-damage|p1a: Suicune|371\/404
|
|-heal|p1a: Suicune|396\/404|[from] item: Leftovers
|-heal|p2a: Snorlax|392\/504 brn|[from] item: Leftovers
|-damage|p2a: Snorlax|329\/504 brn|[from] brn
|turn|53
|
|switch|p2a: Chesnaught|Chesnaught, M|248\/380 tox
|move|p1a: Suicune|Calm Mind|p1a: Suicune
|-boost|p1a: Suicune|spa|1
|-boost|p1a: Suicune|spd|1
|
|-heal|p1a: Suicune|404\/404|[from] item: Leftovers
|-heal|p2a: Chesnaught|271\/380 tox|[from] item: Leftovers
|-damage|p2a: Chesnaught|248\/380 tox|[from] psn
|turn|54
|
|move|p1a: Suicune|Calm Mind|p1a: Suicune
|-boost|p1a: Suicune|spa|1
|-boost|p1a: Suicune|spd|1
|move|p2a: Chesnaught|Leech Seed|p1a: Suicune
|-start|p1a: Suicune|move: Leech Seed
|
|-heal|p2a: Chesnaught|271\/380 tox|[from] item: Leftovers
|-damage|p1a: Suicune|354\/404|[from] Leech Seed|[of] p2a: Chesnaught
|-heal|p2a: Chesnaught|321\/380 tox|[silent]
|-damage|p2a: Chesnaught|275\/380 tox|[from] psn
|turn|55
|
|switch|p1a: Moltres|Moltres|131\/383
|-ability|p1a: Moltres|Pressure
|move|p2a: Chesnaught|Wood Hammer|p1a: Moltres
|-resisted|p1a: Moltres
|-damage|p1a: Moltres|91\/383
|-damage|p2a: Chesnaught|262\/380 tox|[from] recoil|[of] p1a: Moltres
|
|-heal|p1a: Moltres|114\/383|[from] item: Leftovers
|-heal|p2a: Chesnaught|285\/380 tox|[from] item: Leftovers
|-damage|p2a: Chesnaught|216\/380 tox|[from] psn
|turn|56
|
|switch|p2a: Snorlax|Snorlax, F|329\/504 brn
|move|p1a: Moltres|Roost|p1a: Moltres
|-heal|p1a: Moltres|306\/383
|
|-heal|p1a: Moltres|329\/383|[from] item: Leftovers
|-heal|p2a: Snorlax|360\/504 brn|[from] item: Leftovers
|-damage|p2a: Snorlax|297\/504 brn|[from] brn
|turn|57
|
|move|p1a: Moltres|Air Slash|p2a: Snorlax
|-damage|p2a: Snorlax|212\/504 brn
|move|p2a: Snorlax|Body Slam|p1a: Moltres
|-damage|p1a: Moltres|266\/383
|
|-heal|p1a: Moltres|289\/383|[from] item: Leftovers
|-heal|p2a: Snorlax|243\/504 brn|[from] item: Leftovers
|-damage|p2a: Snorlax|180\/504 brn|[from] brn
|turn|58
|
|switch|p1a: Suicune|Suicune|354\/404
|-ability|p1a: Suicune|Pressure
|move|p2a: Snorlax|Body Slam|p1a: Suicune
|-damage|p1a: Suicune|318\/404
|
|-heal|p1a: Suicune|343\/404|[from] item: Leftovers
|-heal|p2a: Snorlax|211\/504 brn|[from] item: Leftovers
|-damage|p2a: Snorlax|148\/504 brn|[from] brn
|turn|59
|
|switch|p2a: Chesnaught|Chesnaught, M|216\/380 tox
|move|p1a: Suicune|Calm Mind|p1a: Suicune
|-boost|p1a: Suicune|spa|1
|-boost|p1a: Suicune|spd|1
|
|-heal|p1a: Suicune|368\/404|[from] item: Leftovers
|-heal|p2a: Chesnaught|239\/380 tox|[from] item: Leftovers
|-damage|p2a: Chesnaught|216\/380 tox|[from] psn
|turn|60
|
|move|p1a: Suicune|Scald|p2a: Chesnaught
|-resisted|p2a: Chesnaught
|-damage|p2a: Chesnaught|153\/380 tox
|move|p2a: Chesnaught|Leech Seed|p1a: Suicune
|-start|p1a: Suicune|move: Leech Seed
|
|-heal|p1a: Suicune|393\/404|[from] item: Leftovers
|-heal|p2a: Chesnaught|176\/380 tox|[from] item: Leftovers
|-damage|p1a: Suicune|343\/404|[from] Leech Seed|[of] p2a: Chesnaught
|-heal|p2a: Chesnaught|226\/380 tox|[silent]
|-damage|p2a: Chesnaught|180\/380 tox|[from] psn
|turn|61
|
|switch|p1a: Moltres|Moltres|289\/383
|-ability|p1a: Moltres|Pressure
|switch|p2a: Snorlax|Snorlax, F|148\/504 brn
|
|-heal|p1a: Moltres|312\/383|[from] item: Leftovers
|-heal|p2a: Snorlax|179\/504 brn|[from] item: Leftovers
|-damage|p2a: Snorlax|116\/504 brn|[from] brn
|turn|62
|
|switch|p1a: Suicune|Suicune|343\/404
|-ability|p1a: Suicune|Pressure
|move|p2a: Snorlax|Body Slam|p1a: Suicune
|-damage|p1a: Suicune|307\/404
|-status|p1a: Suicune|par
|
|-heal|p2a: Snorlax|147\/504 brn|[from] item: Leftovers
|-heal|p1a: Suicune|332\/404 par|[from] item: Leftovers
|-damage|p2a: Snorlax|84\/504 brn|[from] brn
|turn|63
|
|switch|p2a: Chesnaught|Chesnaught, M|180\/380 tox
|switch|p1a: Granbull|Granbull, M|214\/384
|-ability|p1a: Granbull|Intimidate|[of] p2a: Chesnaught
|-unboost|p2a: Chesnaught|atk|1
|
|-heal|p2a: Chesnaught|203\/380 tox|[from] item: Leftovers
|-heal|p1a: Granbull|238\/384|[from] item: Leftovers
|-damage|p2a: Chesnaught|180\/380 tox|[from] psn
|turn|64
|
|switch|p2a: Snorlax|Snorlax, F|84\/504 brn
|move|p1a: Granbull|Heal Bell|p1a: Granbull
|-cureteam|p1a: Granbull|[from] move: HealBell
|
|-heal|p1a: Granbull|262\/384|[from] item: Leftovers
|-heal|p2a: Snorlax|115\/504 brn|[from] item: Leftovers
|-damage|p2a: Snorlax|52\/504 brn|[from] brn
|turn|65
|
|switch|p1a: Suicune|Suicune|332\/404
|-ability|p1a: Suicune|Pressure
|move|p2a: Snorlax|Body Slam|p1a: Suicune
|-damage|p1a: Suicune|293\/404
|
|-heal|p1a: Suicune|318\/404|[from] item: Leftovers
|-heal|p2a: Snorlax|83\/504 brn|[from] item: Leftovers
|-damage|p2a: Snorlax|20\/504 brn|[from] brn
|turn|66
|
|move|p1a: Suicune|Calm Mind|p1a: Suicune
|-boost|p1a: Suicune|spa|1
|-boost|p1a: Suicune|spd|1
|move|p2a: Snorlax|Body Slam|p1a: Suicune
|-damage|p1a: Suicune|285\/404
|
|-heal|p1a: Suicune|310\/404|[from] item: Leftovers
|-heal|p2a: Snorlax|51\/504 brn|[from] item: Leftovers
|-damage|p2a: Snorlax|0 fnt|[from] brn
|faint|p2a: Snorlax
|
|switch|p2a: Chesnaught|Chesnaught, M|180\/380 tox
|turn|67
|c| Sacri'|Celsius
|c| Sacri'|Tu le joues comment ton Lax ?
|c|★ULT Celsius|curse
|
|move|p2a: Chesnaught|Leech Seed|p1a: Suicune
|-start|p1a: Suicune|move: Leech Seed
|move|p1a: Suicune|Roar|p2a: Chesnaught
|drag|p2a: Reuniclus|Reuniclus, F|424\/424
|
|-heal|p1a: Suicune|335\/404|[from] item: Leftovers
|-damage|p1a: Suicune|285\/404|[from] Leech Seed|[of] p2a: Reuniclus
|turn|68
|
|switch|p1a: Moltres|Moltres|312\/383
|-ability|p1a: Moltres|Pressure
|move|p2a: Reuniclus|Calm Mind|p2a: Reuniclus
|-boost|p2a: Reuniclus|spa|1
|-boost|p2a: Reuniclus|spd|1
|
|-heal|p1a: Moltres|335\/383|[from] item: Leftovers
|turn|69
|
|switch|p1a: Suicune|Suicune|285\/404
|-ability|p1a: Suicune|Pressure
|switch|p2a: Chesnaught|Chesnaught, M|180\/380 tox
|
|-heal|p1a: Suicune|310\/404|[from] item: Leftovers
|-heal|p2a: Chesnaught|203\/380 tox|[from] item: Leftovers
|-damage|p2a: Chesnaught|180\/380 tox|[from] psn
|turn|70
|c| Sacri'|No rest ? o:
|
|move|p1a: Suicune|Calm Mind|p1a: Suicune
|-boost|p1a: Suicune|spa|1
|-boost|p1a: Suicune|spd|1
|move|p2a: Chesnaught|Wood Hammer|p1a: Suicune
|-supereffective|p1a: Suicune
|-damage|p1a: Suicune|100\/404
|-damage|p2a: Chesnaught|111\/380 tox|[from] recoil|[of] p1a: Suicune
|
|-heal|p1a: Suicune|125\/404|[from] item: Leftovers
|-heal|p2a: Chesnaught|134\/380 tox|[from] item: Leftovers
|-damage|p2a: Chesnaught|88\/380 tox|[from] psn
|turn|71
|
|move|p1a: Suicune|Rest|p1a: Suicune
|-status|p1a: Suicune|slp
|-heal|p1a: Suicune|404\/404 slp|[silent]
|-status|p1a: Suicune|slp|[from] move: Rest
|move|p2a: Chesnaught|Wood Hammer|p1a: Suicune
|-supereffective|p1a: Suicune
|-damage|p1a: Suicune|216\/404 slp
|-damage|p2a: Chesnaught|26\/380 tox|[from] recoil|[of] p1a: Suicune
|
|-heal|p1a: Suicune|241\/404 slp|[from] item: Leftovers
|-heal|p2a: Chesnaught|49\/380 tox|[from] item: Leftovers
|-damage|p2a: Chesnaught|0 fnt|[from] psn
|faint|p2a: Chesnaught
|
|switch|p2a: Reuniclus|Reuniclus, F|424\/424
|turn|72
|
|cant|p1a: Suicune|slp
|move|p2a: Reuniclus|Calm Mind|p2a: Reuniclus
|-boost|p2a: Reuniclus|spa|1
|-boost|p2a: Reuniclus|spd|1
|
|-heal|p1a: Suicune|266\/404 slp|[from] item: Leftovers
|turn|73
|
|cant|p1a: Suicune|slp
|move|p2a: Reuniclus|Calm Mind|p2a: Reuniclus
|-boost|p2a: Reuniclus|spa|1
|-boost|p2a: Reuniclus|spd|1
|
|-heal|p1a: Suicune|291\/404 slp|[from] item: Leftovers
|turn|74
|
|-curestatus|p1a: Suicune|slp
|move|p1a: Suicune|Calm Mind|p1a: Suicune
|-boost|p1a: Suicune|spa|1
|-boost|p1a: Suicune|spd|1
|move|p2a: Reuniclus|Calm Mind|p2a: Reuniclus
|-boost|p2a: Reuniclus|spa|1
|-boost|p2a: Reuniclus|spd|1
|
|-heal|p1a: Suicune|316\/404|[from] item: Leftovers
|turn|75
|
|move|p1a: Suicune|Calm Mind|p1a: Suicune
|-boost|p1a: Suicune|spa|1
|-boost|p1a: Suicune|spd|1
|move|p2a: Reuniclus|Calm Mind|p2a: Reuniclus
|-boost|p2a: Reuniclus|spa|1
|-boost|p2a: Reuniclus|spd|1
|
|-heal|p1a: Suicune|341\/404|[from] item: Leftovers
|turn|76
|
|move|p1a: Suicune|Calm Mind|p1a: Suicune
|-boost|p1a: Suicune|spa|1
|-boost|p1a: Suicune|spd|1
|move|p2a: Reuniclus|Calm Mind|p2a: Reuniclus
|-boost|p2a: Reuniclus|spa|1
|-boost|p2a: Reuniclus|spd|1
|
|-heal|p1a: Suicune|366\/404|[from] item: Leftovers
|turn|77
|
|move|p1a: Suicune|Scald|p2a: Reuniclus
|-damage|p2a: Reuniclus|339\/424
|-status|p2a: Reuniclus|brn
|move|p2a: Reuniclus|Calm Mind|p2a: Reuniclus
|-boost|p2a: Reuniclus|spa|1
|-boost|p2a: Reuniclus|spd|1
|
|-heal|p1a: Suicune|391\/404|[from] item: Leftovers
|-heal|p2a: Reuniclus|365\/424 brn|[from] item: Leftovers
|turn|78
|c|★lapraz|crit plz
|
|move|p1a: Suicune|Scald|p2a: Reuniclus
|-damage|p2a: Reuniclus|292\/424 brn
|move|p2a: Reuniclus|Psyshock|p1a: Suicune
|-damage|p1a: Suicune|115\/404
|
|-heal|p1a: Suicune|140\/404|[from] item: Leftovers
|-heal|p2a: Reuniclus|318\/424 brn|[from] item: Leftovers
|turn|79
|c| Sacri'|gg
|c|★lapraz|crit
|
|move|p1a: Suicune|Scald|p2a: Reuniclus
|-crit|p2a: Reuniclus
|-damage|p2a: Reuniclus|0 fnt
|faint|p2a: Reuniclus
|
|win|lapraz
|raw|Ladder updating...
|raw|lapraz's rating: 1652 &rarr; <strong>1659<\/strong><br \/>(+7 for winning)
|raw|ULT Celsius's rating: 1359 &rarr; <strong>1352<\/strong><br \/>(-7 for losing)
|c|★ULT Celsius|-_-
|c|★lapraz|...
|c| Sacri'|omfg
|c|★lapraz|ok
|c|★ULT Celsius|nice steal
|leave|ULT Celsius
|c|★lapraz|sorry, you should have won
|player|p2