|join|ult celsius
|join|smh plebs
|player|p1|ult celsius|294
|player|p2|smh plebs|217
|gametype|singles
|gen|6
|tier|UU
|rated
|rule|Sleep Clause Mod: Limit one foe put to sleep
|rule|Species Clause: Limit one of each Pokémon
|rule|OHKO Clause: OHKO moves are banned
|rule|Moody Clause: Moody is banned
|rule|Evasion Moves Clause: Evasion moves are banned
|rule|Endless Battle Clause: Forcing endless battles is banned
|rule|HP Percentage Mod: HP is shown in percentages
|clearpoke
|poke|p1|Crobat, M
|poke|p1|Chesnaught, M
|poke|p1|Swampert, M
|poke|p1|Slowking, M
|poke|p1|Entei, shiny
|poke|p1|Snorlax, M
|poke|p2|Krookodile, F
|poke|p2|Machamp, M
|poke|p2|Jirachi
|poke|p2|Nidoqueen, F
|poke|p2|Blastoise, F
|poke|p2|Yanmega, F
|rule|Swagger Clause: Swagger is banned
|rule|Baton Pass Clause: Limit one Pokémon knowing Baton Pass
|teampreview
|
|start
|switch|p1a: Swampert|Swampert, M|404\/404
|switch|p2a: Jirachi|Jirachi|341\/341
|turn|1
|
|move|p2a: Jirachi|U-turn|p1a: Swampert
|-crit|p1a: Swampert
|-damage|p1a: Swampert|316\/404
|
|switch|p2a: Blastoise|Blastoise, F|343\/343
|move|p1a: Swampert|Stealth Rock|p2a: Blastoise
|-sidestart|p2: smh plebs|move: Stealth Rock
|
|-heal|p1a: Swampert|341\/404|[from] item: Leftovers
|turn|2
|join|Cyndequil
|
|switch|p1a: Chesnaught|Chesnaught, M|380\/380
|detailschange|p2a: Blastoise|Blastoise-Mega, F
|-mega|p2a: Blastoise|Blastoise|Blastoisinite
|move|p2a: Blastoise|Rapid Spin|p1a: Chesnaught
|-damage|p1a: Chesnaught|369\/380
|-sideend|p2: smh plebs|Stealth Rock|[from] move: Rapid Spin|[of] p2a: Blastoise
|
|-heal|p1a: Chesnaught|380\/380|[from] item: Leftovers
|turn|3
|join|eEnigma
|join|zhouker
|join|ORAS UU Testing
|
|switch|p2a: Yanmega|Yanmega, F|311\/311
|move|p1a: Chesnaught|Wood Hammer|p2a: Yanmega
|-resisted|p2a: Yanmega
|-damage|p2a: Yanmega|271\/311
|-damage|p1a: Chesnaught|367\/380|[from] recoil|[of] p2a: Yanmega
|
|-heal|p1a: Chesnaught|380\/380|[from] item: Leftovers
|turn|4
|
|switch|p2a: Machamp|Machamp, M|341\/341
|switch|p1a: Snorlax|Snorlax, M|504\/504
|
|turn|5
|
|switch|p1a: Crobat|Crobat, M|346\/346
|move|p2a: Machamp|Knock Off|p1a: Crobat
|-damage|p1a: Crobat|190\/346
|
|turn|6
|
|switch|p1a: Entei|Entei, shiny|371\/371
|-ability|p1a: Entei|Pressure
|switch|p2a: Jirachi|Jirachi|341\/341
|
|turn|7
|
|move|p2a: Jirachi|U-turn|p1a: Entei
|-resisted|p1a: Entei
|-damage|p1a: Entei|332\/371
|
|switch|p2a: Blastoise|Blastoise-Mega, F|343\/343
|move|p1a: Entei|Sacred Fire|p2a: Blastoise
|-resisted|p2a: Blastoise
|-damage|p2a: Blastoise|219\/343
|-status|p2a: Blastoise|brn
|
|-damage|p2a: Blastoise|177\/343 brn|[from] brn
|turn|8
|
|switch|p1a: Snorlax|Snorlax, M|504\/504
|move|p2a: Blastoise|Hydro Pump|p1a: Snorlax
|-damage|p1a: Snorlax|354\/504
|
|-heal|p1a: Snorlax|385\/504|[from] item: Leftovers
|-damage|p2a: Blastoise|135\/343 brn|[from] brn
|turn|9
|
|switch|p2a: Machamp|Machamp, M|341\/341
|switch|p1a: Slowking|Slowking, M|394\/394
|
|turn|10
|
|switch|p1a: Chesnaught|Chesnaught, M|380\/380
|move|p2a: Machamp|Knock Off|p1a: Chesnaught
|-resisted|p1a: Chesnaught
|-damage|p1a: Chesnaught|317\/380
|-enditem|p1a: Chesnaught|Leftovers|[from] move: Knock Off|[of] p2a: Machamp
|
|turn|11
|
|switch|p2a: Nidoqueen|Nidoqueen, F|361\/361
|move|p1a: Chesnaught|Spikes|p2a: Nidoqueen
|-sidestart|p2: smh plebs|Spikes
|
|turn|12
|
|switch|p1a: Snorlax|Snorlax, M|385\/504
|move|p2a: Nidoqueen|Stealth Rock|p1a: Snorlax
|-sidestart|p1: ult celsius|move: Stealth Rock
|
|-heal|p1a: Snorlax|416\/504|[from] item: Leftovers
|turn|13
|
|switch|p2a: Machamp|Machamp, M|341\/341
|-damage|p2a: Machamp|299\/341|[from] Spikes
|move|p1a: Snorlax|Body Slam|p2a: Machamp
|-damage|p2a: Machamp|172\/341
|
|-heal|p1a: Snorlax|447\/504|[from] item: Leftovers
|turn|14
|
|switch|p1a: Chesnaught|Chesnaught, M|317\/380
|-damage|p1a: Chesnaught|294\/380|[from] Stealth Rock
|move|p2a: Machamp|Close Combat|p1a: Chesnaught
|-damage|p1a: Chesnaught|42\/380
|-unboost|p2a: Machamp|def|1
|-unboost|p2a: Machamp|spd|1
|
|turn|15
|
|move|p2a: Machamp|Close Combat|p1a: Chesnaught
|-damage|p1a: Chesnaught|0 fnt
|-unboost|p2a: Machamp|def|1
|-unboost|p2a: Machamp|spd|1
|faint|p1a: Chesnaught
|
|
|switch|p1a: Slowking|Slowking, M|394\/394
|-damage|p1a: Slowking|345\/394|[from] Stealth Rock
|turn|16
|
|switch|p2a: Blastoise|Blastoise-Mega, F|135\/343 brn
|-damage|p2a: Blastoise|93\/343 brn|[from] Spikes
|move|p1a: Slowking|Scald|p2a: Blastoise
|-crit|p2a: Blastoise
|-resisted|p2a: Blastoise
|-damage|p2a: Blastoise|27\/343 brn
|
|-heal|p1a: Slowking|369\/394|[from] item: Leftovers
|-damage|p2a: Blastoise|0 fnt|[from] brn
|faint|p2a: Blastoise
|
|switch|p2a: Machamp|Machamp, M|172\/341
|-damage|p2a: Machamp|130\/341|[from] Spikes
|turn|17
|
|switch|p1a: Swampert|Swampert, M|341\/404
|-damage|p1a: Swampert|316\/404|[from] Stealth Rock
|move|p2a: Machamp|Knock Off|p1a: Swampert
|-damage|p1a: Swampert|162\/404
|-enditem|p1a: Swampert|Leftovers|[from] move: Knock Off|[of] p2a: Machamp
|
|turn|18
|
|switch|p2a: Yanmega|Yanmega, F|271\/311
|move|p1a: Swampert|Stealth Rock|p2a: Yanmega
|-sidestart|p2: smh plebs|move: Stealth Rock
|
|turn|19
|
|switch|p1a: Snorlax|Snorlax, M|447\/504
|-damage|p1a: Snorlax|384\/504|[from] Stealth Rock
|move|p2a: Yanmega|Bug Buzz|p1a: Snorlax
|-damage|p1a: Snorlax|219\/504
|-damage|p2a: Yanmega|240\/311|[from] item: Life Orb
|
|-heal|p1a: Snorlax|250\/504|[from] item: Leftovers
|-boost|p2a: Yanmega|spe|1|[from] ability: Speed Boost
|turn|20
|join|MLG RoxanneHere
|
|move|p2a: Yanmega|Bug Buzz|p1a: Snorlax
|-damage|p1a: Snorlax|108\/504
|-unboost|p1a: Snorlax|spd|1
|-damage|p2a: Yanmega|209\/311|[from] item: Life Orb
|move|p1a: Snorlax|Rest|p1a: Snorlax
|-status|p1a: Snorlax|slp
|-heal|p1a: Snorlax|504\/504 slp|[silent]
|-status|p1a: Snorlax|slp|[from] move: Rest
|
|-boost|p2a: Yanmega|spe|1|[from] ability: Speed Boost
|turn|21
|c|★smh plebs|ahh
|c|★smh plebs|spd drop
|c|★smh plebs|nb
|
|switch|p1a: Swampert|Swampert, M|162\/404
|-damage|p1a: Swampert|137\/404|[from] Stealth Rock
|move|p2a: Yanmega|Bug Buzz|p1a: Swampert
|-damage|p1a: Swampert|0 fnt
|-damage|p2a: Yanmega|178\/311|[from] item: Life Orb
|faint|p1a: Swampert
|
|-boost|p2a: Yanmega|spe|1|[from] ability: Speed Boost
|
|switch|p1a: Snorlax|Snorlax, M|504\/504 slp
|-damage|p1a: Snorlax|441\/504 slp|[from] Stealth Rock
|turn|22
|
|switch|p2a: Krookodile|Krookodile, F|331\/331
|-damage|p2a: Krookodile|311\/331|[from] Stealth Rock
|-damage|p2a: Krookodile|270\/331|[from] Spikes
|-ability|p2a: Krookodile|Intimidate|[of] p1a: Snorlax
|-unboost|p1a: Snorlax|atk|1
|cant|p1a: Snorlax|slp
|
|-heal|p1a: Snorlax|472\/504 slp|[from] item: Leftovers
|turn|23
|
|switch|p1a: Crobat|Crobat, M|190\/346
|-damage|p1a: Crobat|104\/346|[from] Stealth Rock
|move|p2a: Krookodile|Knock Off|p1a: Crobat
|-damage|p1a: Crobat|0 fnt
|faint|p1a: Crobat
|
|
|switch|p1a: Entei|Entei, shiny|332\/371
|-damage|p1a: Entei|240\/371|[from] Stealth Rock
|-ability|p1a: Entei|Pressure
|turn|24
|
|move|p2a: Krookodile|Earthquake|p1a: Entei
|-supereffective|p1a: Entei
|-damage|p1a: Entei|0 fnt
|faint|p1a: Entei
|
|
|switch|p1a: Slowking|Slowking, M|394\/394
|-damage|p1a: Slowking|345\/394|[from] Stealth Rock
|turn|25
|
|move|p2a: Krookodile|Knock Off|p1a: Slowking
|-supereffective|p1a: Slowking
|-damage|p1a: Slowking|3\/394
|-enditem|p1a: Slowking|Leftovers|[from] move: Knock Off|[of] p2a: Krookodile
|move|p1a: Slowking|Scald|p2a: Krookodile
|-supereffective|p2a: Krookodile
|-damage|p2a: Krookodile|12\/331
|-status|p2a: Krookodile|brn
|
|-damage|p2a: Krookodile|0 fnt|[from] brn
|faint|p2a: Krookodile
|c| Cyndequil|heh
|c| MLG RoxanneHere|rofl
|c| MLG RoxanneHere|rekt
|c| Cyndequil|not bad
|c|★smh plebs|..
|
|switch|p2a: Jirachi|Jirachi|341\/341
|-damage|p2a: Jirachi|299\/341|[from] Spikes
|-damage|p2a: Jirachi|278\/341|[from] Stealth Rock
|turn|26
|c| MLG RoxanneHere|thats pretty hilarious
|
|switch|p1a: Snorlax|Snorlax, M|472\/504 slp
|-damage|p1a: Snorlax|409\/504 slp|[from] Stealth Rock
|move|p2a: Jirachi|U-turn|p1a: Snorlax
|-crit|p1a: Snorlax
|-damage|p1a: Snorlax|290\/504 slp
|c|★smh plebs|you know right
|
|switch|p2a: Machamp|Machamp, M|130\/341
|-damage|p2a: Machamp|88\/341|[from] Spikes
|-damage|p2a: Machamp|67\/341|[from] Stealth Rock
|
|-heal|p1a: Snorlax|321\/504 slp|[from] item: Leftovers
|turn|27
|c|★smh plebs|i feel like
|c|★smh plebs|strangling someone
|
|move|p2a: Machamp|Close Combat|p1a: Snorlax
|-supereffective|p1a: Snorlax
|-damage|p1a: Snorlax|0 fnt
|-unboost|p2a: Machamp|def|1
|-unboost|p2a: Machamp|spd|1
|faint|p1a: Snorlax
|
|c| MLG RoxanneHere|woah calm down m8
|
|switch|p1a: Slowking|Slowking, M|134\/394
|-damage|p1a: Slowking|85\/394|[from] Stealth Rock
|turn|28
|c|★smh plebs|alright
|c|★smh plebs|watch this
|c|★smh plebs|kill
|
|move|p2a: Machamp|Close Combat|p1a: Slowking
|-resisted|p1a: Slowking
|-damage|p1a: Slowking|0 fnt
|-unboost|p2a: Machamp|def|1
|-unboost|p2a: Machamp|spd|1
|faint|p1a: Slowking
|
|win|smh plebs
|raw|Ladder updating...
|raw|ult celsius's rating: 1494 &rarr; <strong>1466<\/strong><br \/>(-28 for losing)
|raw|smh plebs's rating: 1357 &rarr; <strong>1385<\/strong><br \/>(+28 for winning)
|c|★smh plebs|damn
|c|★smh plebs|lord
|c| MLG RoxanneHere|oooo
|c|★smh plebs|gg
|leave|ult celsius
|player|p1
|c| Cyndequil|rip
|c| Cyndequil|no gg
|c| Cyndequil|4 u
|leave|Cyndequil