|join|TheEnder
|join|still the n1
|player|p1|TheEnder|249
|player|p2|still the n1|1
|gametype|singles
|gen|6
|tier|OU
|rated
|clearpoke
|poke|p1|Suicune
|poke|p1|Ferrothorn, M
|poke|p1|Hawlucha, F
|poke|p1|Latios, M
|poke|p1|Landorus-Therian, M
|poke|p1|Altaria, F
|poke|p2|Latios, M
|poke|p2|Jirachi
|poke|p2|Gliscor, F
|poke|p2|Starmie
|poke|p2|Heatran, F
|poke|p2|Venusaur, M
|rule|Swagger Clause: Swagger is banned
|rule|Baton Pass Clause: Limit one Pokémon knowing Baton Pass
|rule|Sleep Clause Mod: Limit one foe put to sleep
|rule|Species Clause: Limit one of each Pokémon
|rule|OHKO Clause: OHKO moves are banned
|rule|Moody Clause: Moody is banned
|rule|Evasion Moves Clause: Evasion moves are banned
|rule|Endless Battle Clause: Forcing endless battles is banned
|rule|HP Percentage Mod: HP is shown in percentages
|teampreview
|
|start
|switch|p1a: Landorus-Therian|Landorus-Therian, M|368\/368
|switch|p2a: Venusaur|Venusaur, M|341\/341
|-ability|p1a: Landorus-Therian|Intimidate|[of] p2a: Venusaur
|-unboost|p2a: Venusaur|atk|1
|turn|1
|
|detailschange|p2a: Venusaur|Venusaur-Mega, M
|message|Venusaur has Mega Evolved into Mega Venusaur!
|move|p1a: Landorus-Therian|Stealth Rock|p2a: Venusaur
|-sidestart|p2: still the n1|move: Stealth Rock
|move|p2a: Venusaur|Hidden Power|p1a: Landorus-Therian
|-damage|p1a: Landorus-Therian|288\/368
|
|-heal|p1a: Landorus-Therian|311\/368|[from] item: Leftovers
|turn|2
|
|move|p1a: Landorus-Therian|Earthquake|p2a: Venusaur
|-damage|p2a: Venusaur|230\/341
|move|p2a: Venusaur|Giga Drain|p1a: Landorus-Therian
|-damage|p1a: Landorus-Therian|166\/368
|-heal|p2a: Venusaur|303\/341|[from] drain|[of] p1a: Landorus-Therian
|
|-heal|p1a: Landorus-Therian|189\/368|[from] item: Leftovers
|turn|3
|join|CleanerThanRotom-W
|
|move|p1a: Landorus-Therian|U-turn|p2a: Venusaur
|-crit|p2a: Venusaur
|-damage|p2a: Venusaur|230\/341
|
|switch|p1a: Latios|Latios, M|301\/301
|move|p2a: Venusaur|Hidden Power|p1a: Latios
|-resisted|p1a: Latios
|-damage|p1a: Latios|274\/301
|
|turn|4
|
|switch|p1a: Landorus-Therian|Landorus-Therian, M|189\/368
|-ability|p1a: Landorus-Therian|Intimidate|[of] p2a: Venusaur
|-unboost|p2a: Venusaur|atk|1
|switch|p2a: Jirachi|Jirachi|404\/404
|-damage|p2a: Jirachi|379\/404|[from] Stealth Rock
|
|-heal|p2a: Jirachi|404\/404|[from] item: Leftovers
|-heal|p1a: Landorus-Therian|212\/368|[from] item: Leftovers
|turn|5
|
|move|p2a: Jirachi|Iron Head|p1a: Landorus-Therian
|-damage|p1a: Landorus-Therian|134\/368
|move|p1a: Landorus-Therian|U-turn|p2a: Jirachi
|-damage|p2a: Jirachi|327\/404
|join|iFenrear
|
|switch|p1a: Ferrothorn|Ferrothorn, M|352\/352
|
|-heal|p2a: Jirachi|352\/404|[from] item: Leftovers
|turn|6
|
|move|p2a: Jirachi|Substitute|p2a: Jirachi
|-start|p2a: Jirachi|Substitute
|-damage|p2a: Jirachi|251\/404
|move|p1a: Ferrothorn|Spikes|p2a: Jirachi
|-sidestart|p2: still the n1|Spikes
|
|-heal|p2a: Jirachi|276\/404|[from] item: Leftovers
|turn|7
|
|move|p2a: Jirachi|Fire Punch|p1a: Ferrothorn
|-supereffective|p1a: Ferrothorn
|-damage|p1a: Ferrothorn|172\/352
|-damage|p2a: Jirachi|226\/404|[from] ability: Iron Barbs|[of] p1a: Ferrothorn
|move|p1a: Ferrothorn|Gyro Ball|p2a: Jirachi
|-resisted|p2a: Jirachi
|-activate|p2a: Jirachi|Substitute|[damage]
|
|-heal|p2a: Jirachi|251\/404|[from] item: Leftovers
|-heal|p1a: Ferrothorn|194\/352|[from] item: Leftovers
|turn|8
|
|switch|p1a: Suicune|Suicune|404\/404
|-ability|p1a: Suicune|Pressure
|move|p2a: Jirachi|Fire Punch|p1a: Suicune
|-resisted|p1a: Suicune
|-damage|p1a: Suicune|382\/404
|
|-heal|p2a: Jirachi|276\/404|[from] item: Leftovers
|-heal|p1a: Suicune|404\/404|[from] item: Leftovers
|turn|9
|
|move|p2a: Jirachi|Toxic|p1a: Suicune
|-status|p1a: Suicune|tox
|move|p1a: Suicune|Scald|p2a: Jirachi
|-end|p2a: Jirachi|Substitute
|
|-heal|p2a: Jirachi|301\/404|[from] item: Leftovers
|-damage|p1a: Suicune|379\/404 tox|[from] psn
|turn|10
|leave|iFenrear
|
|switch|p2a: Starmie|Starmie|323\/323
|-damage|p2a: Starmie|283\/323|[from] Stealth Rock
|-damage|p2a: Starmie|243\/323|[from] Spikes
|switch|p1a: Landorus-Therian|Landorus-Therian, M|134\/368
|-ability|p1a: Landorus-Therian|Intimidate|[of] p2a: Starmie
|-unboost|p2a: Starmie|atk|1
|
|-heal|p2a: Starmie|263\/323|[from] item: Leftovers
|-heal|p1a: Landorus-Therian|157\/368|[from] item: Leftovers
|turn|11
|
|switch|p1a: Altaria|Altaria, F|305\/305
|move|p2a: Starmie|Rapid Spin|p1a: Altaria
|-damage|p1a: Altaria|296\/305
|-sideend|p2: still the n1|Spikes|[from] move: Rapid Spin|[of] p2a: Starmie
|-sideend|p2: still the n1|Stealth Rock|[from] move: Rapid Spin|[of] p2a: Starmie
|
|-heal|p2a: Starmie|283\/323|[from] item: Leftovers
|turn|12
|
|switch|p2a: Venusaur|Venusaur-Mega, M|230\/341
|detailschange|p1a: Altaria|Altaria-Mega, F
|message|Altaria has Mega Evolved into Mega Altaria!
|move|p1a: Altaria|Hyper Voice|p2a: Venusaur
|-resisted|p2a: Venusaur
|-damage|p2a: Venusaur|137\/341
|
|turn|13
|
|switch|p1a: Ferrothorn|Ferrothorn, M|194\/352
|move|p2a: Venusaur|Synthesis|p2a: Venusaur
|-heal|p2a: Venusaur|307\/341
|
|-heal|p1a: Ferrothorn|216\/352|[from] item: Leftovers
|turn|14
|leave|CleanerThanRotom-W
|
|move|p2a: Venusaur|Hidden Power|p1a: Ferrothorn
|-supereffective|p1a: Ferrothorn
|-damage|p1a: Ferrothorn|0 fnt
|faint|p1a: Ferrothorn
|
|c|★TheEnder|fuck misclicked
|c|★TheEnder|gg i suppose
|
|switch|p1a: Landorus-Therian|Landorus-Therian, M|157\/368
|-ability|p1a: Landorus-Therian|Intimidate|[of] p2a: Venusaur
|-unboost|p2a: Venusaur|atk|1
|turn|15
|c|★still the n1|hawlucha might win
|
|move|p1a: Landorus-Therian|Stealth Rock|p2a: Venusaur
|-sidestart|p2: still the n1|move: Stealth Rock
|move|p2a: Venusaur|Giga Drain|p1a: Landorus-Therian
|-damage|p1a: Landorus-Therian|10\/368
|-heal|p2a: Venusaur|341\/341|[from] drain|[of] p1a: Landorus-Therian
|
|-heal|p1a: Landorus-Therian|33\/368|[from] item: Leftovers
|turn|16
|
|move|p1a: Landorus-Therian|Earthquake|p2a: Venusaur
|-crit|p2a: Venusaur
|-damage|p2a: Venusaur|185\/341
|move|p2a: Venusaur|Giga Drain|p1a: Landorus-Therian
|-damage|p1a: Landorus-Therian|0 fnt
|-heal|p2a: Venusaur|202\/341|[from] drain|[of] p1a: Landorus-Therian
|faint|p1a: Landorus-Therian
|
|
|switch|p1a: Latios|Latios, M|274\/301
|turn|17
|
|switch|p1a: Altaria|Altaria-Mega, F|296\/305
|switch|p2a: Heatran|Heatran, F|384\/384
|-damage|p2a: Heatran|336\/384|[from] Stealth Rock
|
|-heal|p2a: Heatran|360\/384|[from] item: Leftovers
|turn|18
|
|move|p1a: Altaria|Earthquake|p2a: Heatran
|-supereffective|p2a: Heatran
|-damage|p2a: Heatran|72\/384
|move|p2a: Heatran|Stealth Rock|p1a: Altaria
|-sidestart|p1: TheEnder|move: Stealth Rock
|
|-heal|p2a: Heatran|96\/384|[from] item: Leftovers
|turn|19
|
|switch|p2a: Gliscor|Gliscor, F|352\/352
|-damage|p2a: Gliscor|308\/352|[from] Stealth Rock
|move|p1a: Altaria|Earthquake|p2a: Gliscor
|-immune|p2a: Gliscor|[msg]
|
|-status|p2a: Gliscor|tox|[from] item: Toxic Orb
|turn|20
|join|Nice Watch
|
|move|p1a: Altaria|Hyper Voice|p2a: Gliscor
|-damage|p2a: Gliscor|131\/352 tox
|move|p2a: Gliscor|Roost|p2a: Gliscor
|-heal|p2a: Gliscor|307\/352 tox
|
|-heal|p2a: Gliscor|351\/352 tox|[from] ability: Poison Heal
|turn|21
|
|move|p1a: Altaria|Hyper Voice|p2a: Gliscor
|-damage|p2a: Gliscor|149\/352 tox
|move|p2a: Gliscor|Earthquake|p1a: Altaria
|-damage|p1a: Altaria|194\/305
|
|-heal|p2a: Gliscor|193\/352 tox|[from] ability: Poison Heal
|turn|22
|
|switch|p1a: Hawlucha|Hawlucha, F|304\/304
|-damage|p1a: Hawlucha|266\/304|[from] Stealth Rock
|switch|p2a: Jirachi|Jirachi|301\/404
|-damage|p2a: Jirachi|276\/404|[from] Stealth Rock
|
|-heal|p2a: Jirachi|301\/404|[from] item: Leftovers
|turn|23
|
|move|p1a: Hawlucha|Swords Dance|p1a: Hawlucha
|-boost|p1a: Hawlucha|atk|2
|move|p2a: Jirachi|Iron Head|p1a: Hawlucha
|-damage|p1a: Hawlucha|122\/304
|-enditem|p1a: Hawlucha|Sitrus Berry|[eat]
|-heal|p1a: Hawlucha|198\/304|[from] item: Sitrus Berry
|
|-heal|p2a: Jirachi|326\/404|[from] item: Leftovers
|turn|24
|
|move|p1a: Hawlucha|High Jump Kick|p2a: Jirachi|[miss]
|-miss|p1a: Hawlucha|p2a: Jirachi
|-damage|p1a: Hawlucha|46\/304|[from] highjumpkick
|move|p2a: Jirachi|Iron Head|p1a: Hawlucha
|-damage|p1a: Hawlucha|0 fnt
|faint|p1a: Hawlucha
|
|-heal|p2a: Jirachi|351\/404|[from] item: Leftovers
|c|★TheEnder|o well
|c|★still the n1|o thats unfortunate
|c|★TheEnder|yeah i just won
|c|★TheEnder|i think
|c|★still the n1|can acro kill latios?
|c|★TheEnder|:P
|c| Nice Watch|y
|c|★TheEnder|y it ohoks
|c|★TheEnder|ohko's*
|c|★TheEnder|after rocks
|c|★still the n1|mindgames with heatran then
|c| Nice Watch|that was GG for sure
|c|★TheEnder|it is at 25
|c|★TheEnder|i have acro
|join|Tarp96 lab
|c|★TheEnder|which does 40
|c|★TheEnder|:P
|c|★still the n1|forgot bouttaht
|c|★still the n1|that*
|c|★TheEnder|yeah whatever
|-message|TheEnder forfeited.
|
|win|still the n1
|raw|Ladder updating...
|leave|TheEnder
|player|p1
|raw|TheEnder's rating: 1718 &rarr; <strong>1700<\/strong><br \/>(-18 for losing)
|raw|still the n1's rating: 1748 &rarr; <strong>1766<\/strong><br \/>(+18 for winning)
|leave|still the n1
|player|p2