|join|JiaShengz
|join|still the n1
|player|p1|JiaShengz|265
|player|p2|still the n1|1
|gametype|singles
|gen|6
|tier|OU
|rated
|clearpoke
|poke|p1|Sableye, M
|poke|p1|Heatran, F
|poke|p1|Tentacruel, F
|poke|p1|Chesnaught, M
|poke|p1|Chansey, F
|poke|p1|Clefable, M
|poke|p2|Latios, M
|poke|p2|Jirachi
|poke|p2|Gliscor, F
|poke|p2|Starmie
|poke|p2|Heatran, M
|poke|p2|Venusaur, F
|rule|Swagger Clause: Swagger is banned
|rule|Baton Pass Clause: Limit one Pokémon knowing Baton Pass
|rule|Sleep Clause Mod: Limit one foe put to sleep
|rule|Species Clause: Limit one of each Pokémon
|rule|OHKO Clause: OHKO moves are banned
|rule|Moody Clause: Moody is banned
|rule|Evasion Moves Clause: Evasion moves are banned
|rule|Endless Battle Clause: Forcing endless battles is banned
|rule|HP Percentage Mod: HP is shown in percentages
|teampreview
|
|start
|switch|p1a: Sableye|Sableye, M|304\/304
|switch|p2a: Venusaur|Venusaur, F|341\/341
|turn|1
|
|detailschange|p2a: Venusaur|Venusaur-Mega, F
|message|Venusaur has Mega Evolved into Mega Venusaur!
|detailschange|p1a: Sableye|Sableye-Mega, M
|message|Sableye has Mega Evolved into Mega Sableye!
|move|p1a: Sableye|Will-O-Wisp|p2a: Venusaur|[miss]
|-miss|p1a: Sableye|p2a: Venusaur
|move|p2a: Venusaur|Sludge Bomb|p1a: Sableye
|-resisted|p1a: Sableye
|-damage|p1a: Sableye|244\/304
|-status|p1a: Sableye|psn
|
|-damage|p1a: Sableye|206\/304 psn|[from] psn
|turn|2
|
|switch|p2a: Heatran|Heatran, M|384\/384
|switch|p1a: Tentacruel|Tentacruel, F|361\/361
|
|turn|3
|
|switch|p2a: Starmie|Starmie|323\/323
|move|p1a: Tentacruel|Knock Off|p2a: Starmie
|-supereffective|p2a: Starmie
|-damage|p2a: Starmie|219\/323
|-enditem|p2a: Starmie|Leftovers|[from] move: Knock Off|[of] p1a: Tentacruel
|
|turn|4
|
|switch|p1a: Chansey|Chansey, F|703\/703
|move|p2a: Starmie|Scald|p1a: Chansey
|-damage|p1a: Chansey|648\/703
|-status|p1a: Chansey|brn
|
|-damage|p1a: Chansey|561\/703 brn|[from] brn
|turn|5
|
|switch|p2a: Gliscor|Gliscor, F|352\/352
|move|p1a: Chansey|Heal Bell|p1a: Chansey
|-cureteam|p1a: Chansey|[from] move: HealBell
|
|-status|p2a: Gliscor|tox|[from] item: Toxic Orb
|turn|6
|
|switch|p1a: Sableye|Sableye-Mega, M|206\/304
|move|p2a: Gliscor|Knock Off|p1a: Sableye
|-damage|p1a: Sableye|173\/304
|
|turn|7
|
|move|p2a: Gliscor|Earthquake|p1a: Sableye
|-crit|p1a: Sableye
|-damage|p1a: Sableye|62\/304
|move|p1a: Sableye|Recover|p1a: Sableye
|-heal|p1a: Sableye|214\/304
|
|turn|8
|
|move|p2a: Gliscor|Earthquake|p1a: Sableye
|-damage|p1a: Sableye|142\/304
|move|p1a: Sableye|Recover|p1a: Sableye
|-heal|p1a: Sableye|294\/304
|
|turn|9
|
|switch|p2a: Heatran|Heatran, M|384\/384
|move|p1a: Sableye|Recover|p1a: Sableye
|-heal|p1a: Sableye|304\/304
|
|turn|10
|
|move|p2a: Heatran|Lava Plume|p1a: Sableye
|-damage|p1a: Sableye|205\/304
|move|p1a: Sableye|Knock Off|p2a: Heatran
|-damage|p2a: Heatran|294\/384
|-enditem|p2a: Heatran|Leftovers|[from] move: Knock Off|[of] p1a: Sableye
|
|turn|11
|
|switch|p1a: Tentacruel|Tentacruel, F|361\/361
|move|p2a: Heatran|Lava Plume|p1a: Tentacruel
|-resisted|p1a: Tentacruel
|-damage|p1a: Tentacruel|309\/361
|-status|p1a: Tentacruel|brn
|
|-heal|p1a: Tentacruel|331\/361 brn|[from] item: Black Sludge
|-damage|p1a: Tentacruel|286\/361 brn|[from] brn
|turn|12
|
|switch|p2a: Gliscor|Gliscor, F|352\/352 tox
|move|p1a: Tentacruel|Scald|p2a: Gliscor
|-supereffective|p2a: Gliscor
|-damage|p2a: Gliscor|206\/352 tox
|
|-heal|p1a: Tentacruel|308\/361 brn|[from] item: Black Sludge
|-heal|p2a: Gliscor|250\/352 tox|[from] ability: Poison Heal
|-damage|p1a: Tentacruel|263\/361 brn|[from] brn
|turn|13
|
|switch|p1a: Sableye|Sableye-Mega, M|205\/304
|move|p2a: Gliscor|Knock Off|p1a: Sableye
|-damage|p1a: Sableye|173\/304
|
|-heal|p2a: Gliscor|294\/352 tox|[from] ability: Poison Heal
|turn|14
|
|switch|p2a: Heatran|Heatran, M|294\/384
|move|p1a: Sableye|Taunt|p2a: Heatran
|-start|p2a: Heatran|move: Taunt
|
|turn|15
|
|switch|p2a: Gliscor|Gliscor, F|294\/352 tox
|move|p1a: Sableye|Recover|p1a: Sableye
|-heal|p1a: Sableye|304\/304
|
|-heal|p2a: Gliscor|338\/352 tox|[from] ability: Poison Heal
|turn|16
|
|move|p2a: Gliscor|Earthquake|p1a: Sableye
|-damage|p1a: Sableye|229\/304
|move|p1a: Sableye|Knock Off|p2a: Gliscor
|-damage|p2a: Gliscor|262\/352 tox
|-enditem|p2a: Gliscor|Toxic Orb|[from] move: Knock Off|[of] p1a: Sableye
|
|-heal|p2a: Gliscor|306\/352 tox|[from] ability: Poison Heal
|turn|17
|
|move|p2a: Gliscor|Earthquake|p1a: Sableye
|-damage|p1a: Sableye|150\/304
|move|p1a: Sableye|Recover|p1a: Sableye
|-heal|p1a: Sableye|302\/304
|
|-heal|p2a: Gliscor|350\/352 tox|[from] ability: Poison Heal
|turn|18
|
|move|p2a: Gliscor|Knock Off|p1a: Sableye
|-damage|p1a: Sableye|269\/304
|move|p1a: Sableye|Taunt|p2a: Gliscor
|-start|p2a: Gliscor|move: Taunt
|
|-heal|p2a: Gliscor|352\/352 tox|[from] ability: Poison Heal
|turn|19
|
|switch|p2a: Heatran|Heatran, M|294\/384
|switch|p1a: Chesnaught|Chesnaught, M|380\/380
|
|turn|20
|
|switch|p1a: Chansey|Chansey, F|561\/703
|move|p2a: Heatran|Lava Plume|p1a: Chansey
|-damage|p1a: Chansey|483\/703
|
|turn|21
|
|move|p2a: Heatran|Taunt|p1a: Chansey
|-start|p1a: Chansey|move: Taunt
|move|p1a: Chansey|Seismic Toss|p2a: Heatran
|-damage|p2a: Heatran|194\/384
|
|turn|22
|
|switch|p2a: Gliscor|Gliscor, F|352\/352 tox
|switch|p1a: Sableye|Sableye-Mega, M|269\/304
|
|turn|23
|
|move|p2a: Gliscor|Knock Off|p1a: Sableye
|-damage|p1a: Sableye|238\/304
|move|p1a: Sableye|Taunt|p2a: Gliscor
|-start|p2a: Gliscor|move: Taunt
|
|turn|24
|
|move|p2a: Gliscor|Knock Off|p1a: Sableye
|-damage|p1a: Sableye|207\/304
|move|p1a: Sableye|Knock Off|p2a: Gliscor
|-damage|p2a: Gliscor|295\/352 tox
|
|-heal|p2a: Gliscor|339\/352 tox|[from] ability: Poison Heal
|turn|25
|
|switch|p2a: Heatran|Heatran, M|194\/384
|move|p1a: Sableye|Recover|p1a: Sableye
|-heal|p1a: Sableye|304\/304
|
|turn|26
|
|move|p2a: Heatran|Lava Plume|p1a: Sableye
|-damage|p1a: Sableye|211\/304
|move|p1a: Sableye|Knock Off|p2a: Heatran
|-damage|p2a: Heatran|125\/384
|
|turn|27
|
|move|p2a: Heatran|Lava Plume|p1a: Sableye
|-damage|p1a: Sableye|103\/304
|move|p1a: Sableye|Knock Off|p2a: Heatran
|-crit|p2a: Heatran
|-damage|p2a: Heatran|25\/384
|
|turn|28
|
|switch|p1a: Tentacruel|Tentacruel, F|263\/361 brn
|move|p2a: Heatran|Lava Plume|p1a: Tentacruel
|-resisted|p1a: Tentacruel
|-damage|p1a: Tentacruel|217\/361 brn
|
|-heal|p1a: Tentacruel|239\/361 brn|[from] item: Black Sludge
|-damage|p1a: Tentacruel|194\/361 brn|[from] brn
|turn|29
|
|switch|p2a: Latios|Latios, M|302\/302
|move|p1a: Tentacruel|Scald|p2a: Latios
|-resisted|p2a: Latios
|-damage|p2a: Latios|267\/302
|-status|p2a: Latios|brn
|
|-heal|p1a: Tentacruel|216\/361 brn|[from] item: Black Sludge
|-damage|p2a: Latios|230\/302 brn|[from] brn
|-damage|p1a: Tentacruel|171\/361 brn|[from] brn
|turn|30
|
|switch|p1a: Chansey|Chansey, F|483\/703
|move|p2a: Latios|Trick|p1a: Chansey
|-activate|p2a: Latios|move: Trick|[of] p1a: Chansey
|-item|p1a: Chansey|Choice Scarf|[from] move: Trick
|-item|p2a: Latios|Eviolite|[from] move: Trick
|
|-damage|p2a: Latios|193\/302 brn|[from] brn
|turn|31
|
|move|p2a: Latios|Psyshock|p1a: Chansey
|-damage|p1a: Chansey|218\/703
|move|p1a: Chansey|Soft-Boiled|p1a: Chansey
|-heal|p1a: Chansey|570\/703
|
|-damage|p2a: Latios|156\/302 brn|[from] brn
|turn|32
|
|switch|p2a: Heatran|Heatran, M|25\/384
|move|p1a: Chansey|Soft-Boiled|p1a: Chansey
|-heal|p1a: Chansey|703\/703
|
|turn|33
|
|switch|p1a: Tentacruel|Tentacruel, F|171\/361 brn
|move|p2a: Heatran|Stealth Rock|p1a: Tentacruel
|-sidestart|p1: JiaShengz|move: Stealth Rock
|
|-heal|p1a: Tentacruel|193\/361 brn|[from] item: Black Sludge
|-damage|p1a: Tentacruel|148\/361 brn|[from] brn
|turn|34
|
|move|p1a: Tentacruel|Rapid Spin|p2a: Heatran
|-resisted|p2a: Heatran
|-damage|p2a: Heatran|22\/384
|-sideend|p1: JiaShengz|Stealth Rock|[from] move: Rapid Spin|[of] p1a: Tentacruel
|move|p2a: Heatran|Lava Plume|p1a: Tentacruel
|-resisted|p1a: Tentacruel
|-damage|p1a: Tentacruel|100\/361 brn
|
|-heal|p1a: Tentacruel|122\/361 brn|[from] item: Black Sludge
|-damage|p1a: Tentacruel|77\/361 brn|[from] brn
|turn|35
|
|switch|p2a: Latios|Latios, M|156\/302 brn
|move|p1a: Tentacruel|Scald|p2a: Latios
|-resisted|p2a: Latios
|-damage|p2a: Latios|122\/302 brn
|
|-heal|p1a: Tentacruel|99\/361 brn|[from] item: Black Sludge
|-damage|p2a: Latios|85\/302 brn|[from] brn
|-damage|p1a: Tentacruel|54\/361 brn|[from] brn
|turn|36
|
|switch|p1a: Heatran|Heatran, F|386\/386
|move|p2a: Latios|Surf|p1a: Heatran
|-supereffective|p1a: Heatran
|-damage|p1a: Heatran|238\/386
|
|-heal|p1a: Heatran|262\/386|[from] item: Leftovers
|-damage|p2a: Latios|48\/302 brn|[from] brn
|turn|37
|
|switch|p2a: Heatran|Heatran, M|22\/384
|move|p1a: Heatran|Stealth Rock|p2a: Heatran
|-sidestart|p2: still the n1|move: Stealth Rock
|
|-heal|p1a: Heatran|286\/386|[from] item: Leftovers
|turn|38
|
|switch|p1a: Chansey|Chansey, F|703\/703
|move|p2a: Heatran|Lava Plume|p1a: Chansey
|-damage|p1a: Chansey|592\/703
|
|turn|39
|
|move|p2a: Heatran|Stealth Rock|p1a: Chansey
|-sidestart|p1: JiaShengz|move: Stealth Rock
|move|p1a: Chansey|Seismic Toss|p2a: Heatran
|-damage|p2a: Heatran|0 fnt
|faint|p2a: Heatran
|
|
|switch|p2a: Gliscor|Gliscor, F|339\/352 tox
|-damage|p2a: Gliscor|295\/352 tox|[from] Stealth Rock
|turn|40
|
|switch|p1a: Sableye|Sableye-Mega, M|103\/304
|-damage|p1a: Sableye|65\/304|[from] Stealth Rock
|move|p2a: Gliscor|Earthquake|p1a: Sableye
|-damage|p1a: Sableye|0 fnt
|faint|p1a: Sableye
|
|-heal|p2a: Gliscor|339\/352 tox|[from] ability: Poison Heal
|
|switch|p1a: Clefable|Clefable, M|394\/394
|-damage|p1a: Clefable|345\/394|[from] Stealth Rock
|turn|41
|
|move|p1a: Clefable|Protect|p1a: Clefable
|-singleturn|p1a: Clefable|Protect
|move|p2a: Gliscor|Taunt|p1a: Clefable
|-activate|p1a: Clefable|Protect
|
|-heal|p1a: Clefable|369\/394|[from] item: Leftovers
|-heal|p2a: Gliscor|352\/352 tox|[from] ability: Poison Heal
|turn|42
|
|switch|p1a: Chesnaught|Chesnaught, M|380\/380
|-damage|p1a: Chesnaught|357\/380|[from] Stealth Rock
|move|p2a: Gliscor|Taunt|p1a: Chesnaught
|-start|p1a: Chesnaught|move: Taunt
|
|-heal|p1a: Chesnaught|380\/380|[from] item: Leftovers
|turn|43
|
|switch|p1a: Chansey|Chansey, F|592\/703
|-damage|p1a: Chansey|505\/703|[from] Stealth Rock
|move|p2a: Gliscor|Knock Off|p1a: Chansey
|-crit|p1a: Chansey
|-damage|p1a: Chansey|279\/703
|-enditem|p1a: Chansey|Choice Scarf|[from] move: Knock Off|[of] p2a: Gliscor
|
|turn|44
|
|switch|p1a: Chesnaught|Chesnaught, M|380\/380
|-damage|p1a: Chesnaught|357\/380|[from] Stealth Rock
|move|p2a: Gliscor|Taunt|p1a: Chesnaught
|-start|p1a: Chesnaught|move: Taunt
|
|-heal|p1a: Chesnaught|380\/380|[from] item: Leftovers
|turn|45
|
|move|p2a: Gliscor|Knock Off|p1a: Chesnaught
|-resisted|p1a: Chesnaught
|-damage|p1a: Chesnaught|356\/380
|-enditem|p1a: Chesnaught|Leftovers|[from] move: Knock Off|[of] p2a: Gliscor
|move|p1a: Chesnaught|Drain Punch|p2a: Gliscor
|-resisted|p2a: Gliscor
|-damage|p2a: Gliscor|313\/352 tox
|-heal|p1a: Chesnaught|376\/380|[from] drain|[of] p2a: Gliscor
|
|-heal|p2a: Gliscor|352\/352 tox|[from] ability: Poison Heal
|turn|46
|
|switch|p2a: Starmie|Starmie|219\/323
|-damage|p2a: Starmie|179\/323|[from] Stealth Rock
|move|p1a: Chesnaught|Drain Punch|p2a: Starmie
|-resisted|p2a: Starmie
|-damage|p2a: Starmie|128\/323
|-heal|p1a: Chesnaught|380\/380|[from] drain|[of] p2a: Starmie
|
|turn|47
|
|switch|p1a: Chansey|Chansey, F|279\/703
|-damage|p1a: Chansey|192\/703|[from] Stealth Rock
|move|p2a: Starmie|Rapid Spin|p1a: Chansey
|-damage|p1a: Chansey|171\/703
|-sideend|p2: still the n1|Stealth Rock|[from] move: Rapid Spin|[of] p2a: Starmie
|
|turn|48
|
|switch|p2a: Gliscor|Gliscor, F|352\/352 tox
|move|p1a: Chansey|Soft-Boiled|p1a: Chansey
|-heal|p1a: Chansey|523\/703
|
|turn|49
|
|switch|p1a: Chesnaught|Chesnaught, M|380\/380
|-damage|p1a: Chesnaught|357\/380|[from] Stealth Rock
|move|p2a: Gliscor|Taunt|p1a: Chesnaught
|-start|p1a: Chesnaught|move: Taunt
|
|turn|50
|
|switch|p2a: Venusaur|Venusaur-Mega, F|341\/341
|move|p1a: Chesnaught|Drain Punch|p2a: Venusaur
|-crit|p2a: Venusaur
|-resisted|p2a: Venusaur
|-damage|p2a: Venusaur|296\/341
|-heal|p1a: Chesnaught|380\/380|[from] drain|[of] p2a: Venusaur
|
|turn|51
|
|switch|p2a: Gliscor|Gliscor, F|352\/352 tox
|switch|p1a: Heatran|Heatran, F|286\/386
|-damage|p1a: Heatran|238\/386|[from] Stealth Rock
|
|-heal|p1a: Heatran|262\/386|[from] item: Leftovers
|turn|52
|
|switch|p1a: Chesnaught|Chesnaught, M|380\/380
|-damage|p1a: Chesnaught|357\/380|[from] Stealth Rock
|move|p2a: Gliscor|Earthquake|p1a: Chesnaught
|-resisted|p1a: Chesnaught
|-damage|p1a: Chesnaught|323\/380
|
|turn|53
|
|move|p1a: Chesnaught|Spiky Shield|p1a: Chesnaught
|-singleturn|p1a: Chesnaught|move: Protect
|move|p2a: Gliscor|Taunt|p1a: Chesnaught
|-activate|p1a: Chesnaught|move: Protect
|
|turn|54
|
|move|p1a: Chesnaught|Spiky Shield|p1a: Chesnaught
|-singleturn|p1a: Chesnaught|move: Protect
|move|p2a: Gliscor|Taunt|p1a: Chesnaught
|-activate|p1a: Chesnaught|move: Protect
|
|turn|55
|
|move|p2a: Gliscor|Taunt|p1a: Chesnaught
|-start|p1a: Chesnaught|move: Taunt
|cant|p1a: Chesnaught|move: Taunt|Leech Seed
|
|turn|56
|
|switch|p2a: Venusaur|Venusaur-Mega, F|296\/341
|move|p1a: Chesnaught|Drain Punch|p2a: Venusaur
|-resisted|p2a: Venusaur
|-damage|p2a: Venusaur|263\/341
|-heal|p1a: Chesnaught|340\/380|[from] drain|[of] p2a: Venusaur
|
|turn|57
|
|switch|p2a: Gliscor|Gliscor, F|352\/352 tox
|switch|p1a: Heatran|Heatran, F|262\/386
|-damage|p1a: Heatran|214\/386|[from] Stealth Rock
|
|-heal|p1a: Heatran|238\/386|[from] item: Leftovers
|turn|58
|
|switch|p1a: Chesnaught|Chesnaught, M|340\/380
|-damage|p1a: Chesnaught|317\/380|[from] Stealth Rock
|move|p2a: Gliscor|Earthquake|p1a: Chesnaught
|-resisted|p1a: Chesnaught
|-damage|p1a: Chesnaught|284\/380
|
|turn|59
|
|switch|p2a: Venusaur|Venusaur-Mega, F|263\/341
|move|p1a: Chesnaught|Spiky Shield|p1a: Chesnaught
|-fail|p1a: Chesnaught
|
|turn|60
|
|move|p2a: Venusaur|Hidden Power|p1a: Chesnaught
|-supereffective|p1a: Chesnaught
|-damage|p1a: Chesnaught|114\/380
|move|p1a: Chesnaught|Leech Seed|p2a: Venusaur
|-immune|p2a: Venusaur|[msg]
|
|turn|61
|
|move|p1a: Chesnaught|Spiky Shield|p1a: Chesnaught
|-singleturn|p1a: Chesnaught|move: Protect
|move|p2a: Venusaur|Giga Drain|p1a: Chesnaught
|-activate|p1a: Chesnaught|move: Protect
|
|turn|62
|
|switch|p2a: Gliscor|Gliscor, F|352\/352 tox
|switch|p1a: Heatran|Heatran, F|238\/386
|-damage|p1a: Heatran|190\/386|[from] Stealth Rock
|
|-heal|p1a: Heatran|214\/386|[from] item: Leftovers
|turn|63
|
|switch|p1a: Clefable|Clefable, M|369\/394
|-damage|p1a: Clefable|320\/394|[from] Stealth Rock
|move|p2a: Gliscor|Earthquake|p1a: Clefable
|-damage|p1a: Clefable|224\/394
|
|-heal|p1a: Clefable|248\/394|[from] item: Leftovers
|turn|64
|
|move|p1a: Clefable|Protect|p1a: Clefable
|-singleturn|p1a: Clefable|Protect
|move|p2a: Gliscor|Knock Off|p1a: Clefable
|-activate|p1a: Clefable|Protect
|
|-heal|p1a: Clefable|272\/394|[from] item: Leftovers
|turn|65
|
|move|p2a: Gliscor|Taunt|p1a: Clefable
|-start|p1a: Clefable|move: Taunt
|cant|p1a: Clefable|move: Taunt|Wish
|
|-heal|p1a: Clefable|296\/394|[from] item: Leftovers
|turn|66
|
|switch|p1a: Chesnaught|Chesnaught, M|114\/380
|-damage|p1a: Chesnaught|91\/380|[from] Stealth Rock
|move|p2a: Gliscor|Knock Off|p1a: Chesnaught
|-resisted|p1a: Chesnaught
|-damage|p1a: Chesnaught|77\/380
|
|turn|67
|
|move|p1a: Chesnaught|Spiky Shield|p1a: Chesnaught
|-singleturn|p1a: Chesnaught|move: Protect
|move|p2a: Gliscor|Taunt|p1a: Chesnaught
|-activate|p1a: Chesnaught|move: Protect
|
|turn|68
|
|move|p1a: Chesnaught|Spiky Shield|p1a: Chesnaught
|-fail|p1a: Chesnaught
|move|p2a: Gliscor|Taunt|p1a: Chesnaught
|-start|p1a: Chesnaught|move: Taunt
|
|turn|69
|
|move|p2a: Gliscor|Earthquake|p1a: Chesnaught
|-resisted|p1a: Chesnaught
|-damage|p1a: Chesnaught|43\/380
|move|p1a: Chesnaught|Drain Punch|p2a: Gliscor
|-resisted|p2a: Gliscor
|-damage|p2a: Gliscor|314\/352 tox
|-heal|p1a: Chesnaught|62\/380|[from] drain|[of] p2a: Gliscor
|
|-heal|p2a: Gliscor|352\/352 tox|[from] ability: Poison Heal
|turn|70
|
|move|p2a: Gliscor|Earthquake|p1a: Chesnaught
|-resisted|p1a: Chesnaught
|-damage|p1a: Chesnaught|25\/380
|move|p1a: Chesnaught|Drain Punch|p2a: Gliscor
|-resisted|p2a: Gliscor
|-damage|p2a: Gliscor|311\/352 tox
|-heal|p1a: Chesnaught|46\/380|[from] drain|[of] p2a: Gliscor
|
|-heal|p2a: Gliscor|352\/352 tox|[from] ability: Poison Heal
|turn|71
|
|move|p2a: Gliscor|Earthquake|p1a: Chesnaught
|-resisted|p1a: Chesnaught
|-damage|p1a: Chesnaught|13\/380
|move|p1a: Chesnaught|Drain Punch|p2a: Gliscor
|-resisted|p2a: Gliscor
|-damage|p2a: Gliscor|313\/352 tox
|-heal|p1a: Chesnaught|33\/380|[from] drain|[of] p2a: Gliscor
|
|-heal|p2a: Gliscor|352\/352 tox|[from] ability: Poison Heal
|-end|p1a: Chesnaught|move: Taunt
|turn|72
|
|move|p1a: Chesnaught|Spiky Shield|p1a: Chesnaught
|-singleturn|p1a: Chesnaught|move: Protect
|move|p2a: Gliscor|Taunt|p1a: Chesnaught
|-activate|p1a: Chesnaught|move: Protect
|
|turn|73
|
|move|p1a: Chesnaught|Spiky Shield|p1a: Chesnaught
|-fail|p1a: Chesnaught
|move|p2a: Gliscor|Earthquake|p1a: Chesnaught
|-resisted|p1a: Chesnaught
|-damage|p1a: Chesnaught|0 fnt
|faint|p1a: Chesnaught
|
|
|switch|p1a: Clefable|Clefable, M|296\/394
|-damage|p1a: Clefable|247\/394|[from] Stealth Rock
|turn|74
|
|move|p1a: Clefable|Protect|p1a: Clefable
|-singleturn|p1a: Clefable|Protect
|move|p2a: Gliscor|Taunt|p1a: Clefable
|-activate|p1a: Clefable|Protect
|
|-heal|p1a: Clefable|271\/394|[from] item: Leftovers
|turn|75
|
|move|p2a: Gliscor|Taunt|p1a: Clefable
|-start|p1a: Clefable|move: Taunt
|cant|p1a: Clefable|move: Taunt|Wish
|
|-heal|p1a: Clefable|295\/394|[from] item: Leftovers
|turn|76
|
|move|p2a: Gliscor|Knock Off|p1a: Clefable
|-resisted|p1a: Clefable
|-damage|p1a: Clefable|264\/394
|-enditem|p1a: Clefable|Leftovers|[from] move: Knock Off|[of] p2a: Gliscor
|move|p1a: Clefable|Moonblast|p2a: Gliscor
|-damage|p2a: Gliscor|249\/352 tox
|
|-heal|p2a: Gliscor|293\/352 tox|[from] ability: Poison Heal
|turn|77
|
|move|p2a: Gliscor|Earthquake|p1a: Clefable
|-crit|p1a: Clefable
|-damage|p1a: Clefable|125\/394
|move|p1a: Clefable|Moonblast|p2a: Gliscor
|-damage|p2a: Gliscor|194\/352 tox
|
|-heal|p2a: Gliscor|238\/352 tox|[from] ability: Poison Heal
|-end|p1a: Clefable|move: Taunt
|turn|78
|
|move|p2a: Gliscor|Taunt|p1a: Clefable
|-start|p1a: Clefable|move: Taunt
|move|p1a: Clefable|Moonblast|p2a: Gliscor
|-damage|p2a: Gliscor|132\/352 tox
|
|-heal|p2a: Gliscor|176\/352 tox|[from] ability: Poison Heal
|turn|79
|
|switch|p2a: Jirachi|Jirachi|404\/404
|switch|p1a: Tentacruel|Tentacruel, F|54\/361 brn
|-damage|p1a: Tentacruel|9\/361 brn|[from] Stealth Rock
|
|-heal|p1a: Tentacruel|31\/361 brn|[from] item: Black Sludge
|-damage|p1a: Tentacruel|0 fnt|[from] brn
|faint|p1a: Tentacruel
|
|switch|p1a: Heatran|Heatran, F|214\/386
|-damage|p1a: Heatran|166\/386|[from] Stealth Rock
|turn|80
|
|switch|p2a: Starmie|Starmie|128\/323
|move|p1a: Heatran|Lava Plume|p2a: Starmie
|-resisted|p2a: Starmie
|-damage|p2a: Starmie|60\/323
|
|-heal|p1a: Heatran|190\/386|[from] item: Leftovers
|turn|81
|
|switch|p1a: Chansey|Chansey, F|523\/703
|-damage|p1a: Chansey|436\/703|[from] Stealth Rock
|move|p2a: Starmie|Scald|p1a: Chansey
|-damage|p1a: Chansey|342\/703
|-status|p1a: Chansey|brn
|
|-damage|p1a: Chansey|255\/703 brn|[from] brn
|turn|82
|
|move|p2a: Starmie|Recover|p2a: Starmie
|-heal|p2a: Starmie|222\/323
|move|p1a: Chansey|Soft-Boiled|p1a: Chansey
|-heal|p1a: Chansey|607\/703 brn
|
|-damage|p1a: Chansey|520\/703 brn|[from] brn
|turn|83
|
|switch|p2a: Gliscor|Gliscor, F|176\/352 tox
|move|p1a: Chansey|Soft-Boiled|p1a: Chansey
|-heal|p1a: Chansey|703\/703 brn
|
|-heal|p2a: Gliscor|220\/352 tox|[from] ability: Poison Heal
|-damage|p1a: Chansey|616\/703 brn|[from] brn
|turn|84
|
|move|p2a: Gliscor|Taunt|p1a: Chansey
|-start|p1a: Chansey|move: Taunt
|cant|p1a: Chansey|move: Taunt|Wish
|
|-heal|p2a: Gliscor|264\/352 tox|[from] ability: Poison Heal
|-damage|p1a: Chansey|529\/703 brn|[from] brn
|turn|85
|
|switch|p1a: Clefable|Clefable, M|125\/394
|-damage|p1a: Clefable|76\/394|[from] Stealth Rock
|move|p2a: Gliscor|Taunt|p1a: Clefable
|-start|p1a: Clefable|move: Taunt
|
|-heal|p2a: Gliscor|308\/352 tox|[from] ability: Poison Heal
|turn|86
|
|move|p2a: Gliscor|Earthquake|p1a: Clefable
|-damage|p1a: Clefable|0 fnt
|faint|p1a: Clefable
|
|-heal|p2a: Gliscor|352\/352 tox|[from] ability: Poison Heal
|c|★still the n1|gg
|
|switch|p1a: Chansey|Chansey, F|529\/703
|-damage|p1a: Chansey|442\/703|[from] Stealth Rock
|turn|87
|
|move|p2a: Gliscor|Taunt|p1a: Chansey
|-start|p1a: Chansey|move: Taunt
|move|p1a: Chansey|Seismic Toss|p2a: Gliscor
|-damage|p2a: Gliscor|252\/352 tox
|
|-heal|p2a: Gliscor|296\/352 tox|[from] ability: Poison Heal
|turn|88
|
|move|p2a: Gliscor|Knock Off|p1a: Chansey
|-damage|p1a: Chansey|349\/703
|move|p1a: Chansey|Seismic Toss|p2a: Gliscor
|-damage|p2a: Gliscor|196\/352 tox
|
|-heal|p2a: Gliscor|240\/352 tox|[from] ability: Poison Heal
|turn|89
|
|move|p2a: Gliscor|Knock Off|p1a: Chansey
|-damage|p1a: Chansey|247\/703
|move|p1a: Chansey|Seismic Toss|p2a: Gliscor
|-damage|p2a: Gliscor|140\/352 tox
|
|-heal|p2a: Gliscor|184\/352 tox|[from] ability: Poison Heal
|-end|p1a: Chansey|move: Taunt
|turn|90
|
|switch|p1a: Heatran|Heatran, F|190\/386
|-damage|p1a: Heatran|142\/386|[from] Stealth Rock
|move|p2a: Gliscor|Taunt|p1a: Heatran
|-start|p1a: Heatran|move: Taunt
|
|-heal|p1a: Heatran|166\/386|[from] item: Leftovers
|-heal|p2a: Gliscor|228\/352 tox|[from] ability: Poison Heal
|turn|91
|
|switch|p1a: Chansey|Chansey, F|247\/703
|-damage|p1a: Chansey|160\/703|[from] Stealth Rock
|move|p2a: Gliscor|Earthquake|p1a: Chansey
|-crit|p1a: Chansey
|-damage|p1a: Chansey|0 fnt
|faint|p1a: Chansey
|
|-heal|p2a: Gliscor|272\/352 tox|[from] ability: Poison Heal
|
|switch|p1a: Heatran|Heatran, F|166\/386
|-damage|p1a: Heatran|118\/386|[from] Stealth Rock
|turn|92
|
|move|p2a: Gliscor|Earthquake|p1a: Heatran
|-supereffective|p1a: Heatran
|-damage|p1a: Heatran|0 fnt
|faint|p1a: Heatran
|
|win|still the n1
|raw|Ladder updating...
|raw|JiaShengz's rating: 1820 &rarr; <strong>1797<\/strong><br \/>(-23 for losing)
|raw|still the n1's rating: 1766 &rarr; <strong>1789<\/strong><br \/>(+23 for winning)