|join|lapraz
|join|anchor management
|player|p1|lapraz|157
|player|p2|anchor management|271
|gametype|singles
|gen|6
|tier|UU
|rated
|rule|Sleep Clause Mod: Limit one foe put to sleep
|rule|Species Clause: Limit one of each Pokémon
|rule|OHKO Clause: OHKO moves are banned
|rule|Moody Clause: Moody is banned
|rule|Evasion Moves Clause: Evasion moves are banned
|rule|Endless Battle Clause: Forcing endless battles is banned
|rule|HP Percentage Mod: HP is shown in percentages
|clearpoke
|poke|p1|Blissey, F
|poke|p1|Steelix, F
|poke|p1|Tentacruel, M
|poke|p1|Goodra, F
|poke|p1|Jellicent, F
|poke|p1|Chesnaught, F
|poke|p2|Lucario, F
|poke|p2|Florges, F
|poke|p2|Crobat, F
|poke|p2|Tyrantrum, F
|poke|p2|Swampert, F
|poke|p2|Slowking, M
|rule|Swagger Clause: Swagger is banned
|rule|Baton Pass Clause: Limit one Pokémon knowing Baton Pass
|teampreview
|join|Bob the Wut
|
|start
|switch|p1a: Chesnaught|Chesnaught, F|380\/380
|switch|p2a: Slowking|Slowking, M|394\/394
|turn|1
|
|switch|p1a: Goodra|Goodra, F|384\/384
|move|p2a: Slowking|Nasty Plot|p2a: Slowking
|-boost|p2a: Slowking|spa|2
|
|turn|2
|
|move|p2a: Slowking|Psyshock|p1a: Goodra
|-damage|p1a: Goodra|135\/384
|move|p1a: Goodra|Dragon Tail|p2a: Slowking
|-damage|p2a: Slowking|301\/394
|drag|p2a: Lucario|Lucario, F|281\/281
|
|-heal|p1a: Goodra|159\/384|[from] item: Leftovers
|turn|3
|
|switch|p1a: Jellicent|Jellicent, F|404\/404
|move|p2a: Lucario|Close Combat|p1a: Jellicent
|-immune|p1a: Jellicent|[msg]
|
|turn|4
|
|switch|p2a: Florges|Florges, F|360\/360
|move|p1a: Jellicent|Will-O-Wisp|p2a: Florges
|-status|p2a: Florges|brn
|
|-damage|p2a: Florges|315\/360 brn|[from] brn
|turn|5
|
|switch|p2a: Slowking|Slowking, M|394\/394
|switch|p1a: Steelix|Steelix, F|354\/354
|
|turn|6
|join|SunnyORAS
|
|detailschange|p1a: Steelix|Steelix-Mega, F
|-mega|p1a: Steelix|Steelix|Steelixite
|move|p2a: Slowking|Scald|p1a: Steelix
|-supereffective|p1a: Steelix
|-damage|p1a: Steelix|150\/354
|move|p1a: Steelix|Dragon Tail|p2a: Slowking
|-crit|p2a: Slowking
|-damage|p2a: Slowking|293\/394
|drag|p2a: Lucario|Lucario, F|281\/281
|
|turn|7
|c| SunnyORAS|ahhhhhhhhhhhhh its lapraz again
|c| SunnyORAS|;-;
|join|lyh031995
|
|switch|p1a: Jellicent|Jellicent, F|404\/404
|move|p2a: Lucario|Close Combat|p1a: Jellicent
|-immune|p1a: Jellicent|[msg]
|
|turn|8
|join|Geo Crab Dude
|
|switch|p2a: Florges|Florges, F|315\/360 brn
|move|p1a: Jellicent|Taunt|p2a: Florges
|-start|p2a: Florges|move: Taunt
|
|-heal|p2a: Florges|337\/360 brn|[from] item: Leftovers
|-damage|p2a: Florges|292\/360 brn|[from] brn
|turn|9
|
|move|p2a: Florges|Moonblast|p1a: Jellicent
|-damage|p1a: Jellicent|292\/404
|move|p1a: Jellicent|Scald|p2a: Florges
|-damage|p2a: Florges|246\/360 brn
|
|-heal|p2a: Florges|268\/360 brn|[from] item: Leftovers
|-heal|p1a: Jellicent|317\/404|[from] item: Leftovers
|-damage|p2a: Florges|223\/360 brn|[from] brn
|turn|10
|c| Geo Crab Dude|dat symbiosis florges
|
|switch|p2a: Tyrantrum|Tyrantrum, F|317\/317
|switch|p1a: Steelix|Steelix-Mega, F|150\/354
|
|turn|11
|leave|Geo Crab Dude
|
|switch|p1a: Chesnaught|Chesnaught, F|380\/380
|move|p2a: Tyrantrum|Earthquake|p1a: Chesnaught
|-resisted|p1a: Chesnaught
|-damage|p1a: Chesnaught|342\/380
|
|-heal|p1a: Chesnaught|365\/380|[from] item: Leftovers
|turn|12
|
|move|p2a: Tyrantrum|Hone Claws|p2a: Tyrantrum
|-boost|p2a: Tyrantrum|atk|1
|-boost|p2a: Tyrantrum|accuracy|1
|move|p1a: Chesnaught|Spikes|p2a: Tyrantrum
|-sidestart|p2: anchor management|Spikes
|
|-heal|p1a: Chesnaught|380\/380|[from] item: Leftovers
|turn|13
|c| Bob the Wut|mfw
|c|★lapraz|ohshit
|
|move|p2a: Tyrantrum|Fire Fang|p1a: Chesnaught
|-supereffective|p1a: Chesnaught
|-damage|p1a: Chesnaught|164\/380
|move|p1a: Chesnaught|Wood Hammer|p2a: Tyrantrum
|-crit|p2a: Tyrantrum
|-damage|p2a: Tyrantrum|116\/317
|-damage|p1a: Chesnaught|98\/380|[from] recoil|[of] p2a: Tyrantrum
|
|-heal|p2a: Tyrantrum|135\/317|[from] item: Leftovers
|-heal|p1a: Chesnaught|121\/380|[from] item: Leftovers
|turn|14
|leave|SunnyORAS
|c| Bob the Wut|are you even rock head head smash
|c|★anchor management|not implemented
|c| Bob the Wut|oh
|
|move|p2a: Tyrantrum|Fire Fang|p1a: Chesnaught
|-supereffective|p1a: Chesnaught
|-damage|p1a: Chesnaught|0 fnt
|faint|p1a: Chesnaught
|
|-heal|p2a: Tyrantrum|154\/317|[from] item: Leftovers
|c| Bob the Wut|then why the fk are you using this lol
|c|★anchor management|getting ready
|
|switch|p1a: Jellicent|Jellicent, F|317\/404
|turn|15
|c| Bob the Wut|use like mega aero
|
|move|p2a: Tyrantrum|Stone Edge|p1a: Jellicent
|-damage|p1a: Jellicent|71\/404
|move|p1a: Jellicent|Scald|p2a: Tyrantrum
|-damage|p2a: Tyrantrum|25\/317
|
|-heal|p2a: Tyrantrum|44\/317|[from] item: Leftovers
|-heal|p1a: Jellicent|96\/404|[from] item: Leftovers
|turn|16
|
|move|p2a: Tyrantrum|Earthquake|p1a: Jellicent
|-damage|p1a: Jellicent|0 fnt
|faint|p1a: Jellicent
|
|-heal|p2a: Tyrantrum|63\/317|[from] item: Leftovers
|
|switch|p1a: Tentacruel|Tentacruel, M|364\/364
|turn|17
|
|move|p1a: Tentacruel|Scald|p2a: Tyrantrum
|-damage|p2a: Tyrantrum|0 fnt
|faint|p2a: Tyrantrum
|
|
|switch|p2a: Slowking|Slowking, M|394\/394
|-damage|p2a: Slowking|345\/394|[from] Spikes
|turn|18
|
|move|p1a: Tentacruel|Toxic|p2a: Slowking
|-status|p2a: Slowking|tox
|move|p2a: Slowking|Nasty Plot|p2a: Slowking
|-boost|p2a: Slowking|spa|2
|
|-heal|p2a: Slowking|369\/394 tox|[from] item: Leftovers
|-damage|p2a: Slowking|345\/394 tox|[from] psn
|turn|19
|
|move|p1a: Tentacruel|Knock Off|p2a: Slowking
|-crit|p2a: Slowking
|-supereffective|p2a: Slowking
|-damage|p2a: Slowking|175\/394 tox
|-enditem|p2a: Slowking|Leftovers|[from] move: Knock Off|[of] p1a: Tentacruel
|move|p2a: Slowking|Scald|p1a: Tentacruel
|-resisted|p1a: Tentacruel
|-damage|p1a: Tentacruel|247\/364
|-status|p1a: Tentacruel|brn
|
|-heal|p1a: Tentacruel|269\/364 brn|[from] item: Black Sludge
|-damage|p1a: Tentacruel|224\/364 brn|[from] brn
|-damage|p2a: Slowking|127\/394 tox|[from] psn
|turn|20
|
|switch|p1a: Steelix|Steelix-Mega, F|150\/354
|switch|p2a: Florges|Florges, F|223\/360 brn
|-damage|p2a: Florges|178\/360 brn|[from] Spikes
|
|-heal|p2a: Florges|200\/360 brn|[from] item: Leftovers
|-damage|p2a: Florges|155\/360 brn|[from] brn
|turn|21
|
|switch|p2a: Swampert|Swampert, F|401\/401
|-damage|p2a: Swampert|351\/401|[from] Spikes
|move|p1a: Steelix|Earthquake|p2a: Swampert
|-damage|p2a: Swampert|236\/401
|
|-heal|p2a: Swampert|261\/401|[from] item: Leftovers
|turn|22
|
|switch|p1a: Goodra|Goodra, F|159\/384
|move|p2a: Swampert|Scald|p1a: Goodra
|-resisted|p1a: Goodra
|-damage|p1a: Goodra|129\/384
|-status|p1a: Goodra|brn
|
|-heal|p1a: Goodra|153\/384 brn|[from] item: Leftovers
|-heal|p2a: Swampert|286\/401|[from] item: Leftovers
|-damage|p1a: Goodra|105\/384 brn|[from] brn
|turn|23
|
|move|p1a: Goodra|Rest|p1a: Goodra
|-status|p1a: Goodra|slp
|-heal|p1a: Goodra|384\/384 slp|[silent]
|-status|p1a: Goodra|slp|[from] move: Rest
|move|p2a: Swampert|Stealth Rock|p1a: Goodra
|-sidestart|p1: lapraz|move: Stealth Rock
|
|-heal|p2a: Swampert|311\/401|[from] item: Leftovers
|turn|24
|
|cant|p1a: Goodra|slp
|move|p1a: Goodra|Sleep Talk|p1a: Goodra
|move|p1a: Goodra|Earthquake|p2a: Swampert|[from]Sleep Talk
|-damage|p2a: Swampert|247\/401
|move|p2a: Swampert|Earthquake|p1a: Goodra
|-crit|p1a: Goodra
|-damage|p1a: Goodra|194\/384 slp
|
|-heal|p1a: Goodra|218\/384 slp|[from] item: Leftovers
|-heal|p2a: Swampert|272\/401|[from] item: Leftovers
|turn|25
|
|cant|p1a: Goodra|slp
|move|p1a: Goodra|Sleep Talk|p1a: Goodra
|move|p1a: Goodra|Rest|p1a: Goodra|[from]Sleep Talk
|-fail|p1a: Goodra
|move|p2a: Swampert|Roar|p1a: Goodra
|drag|p1a: Blissey|Blissey, F|714\/714
|-damage|p1a: Blissey|625\/714|[from] Stealth Rock
|
|-heal|p1a: Blissey|669\/714|[from] item: Leftovers
|-heal|p2a: Swampert|297\/401|[from] item: Leftovers
|turn|26
|
|move|p1a: Blissey|Heal Bell|p1a: Blissey
|-cureteam|p1a: Blissey|[from] move: HealBell
|move|p2a: Swampert|Earthquake|p1a: Blissey
|-damage|p1a: Blissey|446\/714
|
|-heal|p1a: Blissey|490\/714|[from] item: Leftovers
|-heal|p2a: Swampert|322\/401|[from] item: Leftovers
|turn|27
|
|move|p1a: Blissey|Wish|p1a: Blissey
|move|p2a: Swampert|Earthquake|p1a: Blissey
|-damage|p1a: Blissey|244\/714
|
|-heal|p1a: Blissey|288\/714|[from] item: Leftovers
|-heal|p2a: Swampert|347\/401|[from] item: Leftovers
|turn|28
|
|move|p1a: Blissey|Seismic Toss|p2a: Swampert
|-damage|p2a: Swampert|247\/401
|move|p2a: Swampert|Roar|p1a: Blissey
|drag|p1a: Goodra|Goodra, F|218\/384
|-damage|p1a: Goodra|170\/384|[from] Stealth Rock
|
|-heal|p1a: Goodra|384\/384|[from] move: Wish|[wisher] Blissey
|-heal|p2a: Swampert|272\/401|[from] item: Leftovers
|turn|29
|
|move|p2a: Swampert|Earthquake|p1a: Goodra
|-damage|p1a: Goodra|275\/384
|move|p1a: Goodra|Dragon Tail|p2a: Swampert
|-damage|p2a: Swampert|215\/401
|drag|p2a: Florges|Florges, F|155\/360 brn
|-damage|p2a: Florges|110\/360 brn|[from] Spikes
|
|-heal|p1a: Goodra|299\/384|[from] item: Leftovers
|-heal|p2a: Florges|132\/360 brn|[from] item: Leftovers
|-damage|p2a: Florges|87\/360 brn|[from] brn
|turn|30
|
|move|p1a: Goodra|Earthquake|p2a: Florges
|-damage|p2a: Florges|9\/360 brn
|move|p2a: Florges|Moonblast|p1a: Goodra
|-supereffective|p1a: Goodra
|-damage|p1a: Goodra|129\/384
|-unboost|p1a: Goodra|spa|1
|
|-heal|p1a: Goodra|153\/384|[from] item: Leftovers
|-heal|p2a: Florges|31\/360 brn|[from] item: Leftovers
|-damage|p2a: Florges|0 fnt|[from] brn
|faint|p2a: Florges
|
|switch|p2a: Lucario|Lucario, F|281\/281
|-damage|p2a: Lucario|246\/281|[from] Spikes
|turn|31
|c| Bob the Wut|are you eq
|c| Bob the Wut|or bp
|c|★anchor management|i'm better
|c| Bob the Wut|or iron tail
|c|★anchor management|than either of those
|
|move|p2a: Lucario|Close Combat|p1a: Goodra
|-damage|p1a: Goodra|0 fnt
|-unboost|p2a: Lucario|def|1
|-unboost|p2a: Lucario|spd|1
|-damage|p2a: Lucario|218\/281|[from] item: Life Orb
|faint|p1a: Goodra
|
|c| Bob the Wut|??????
|
|switch|p1a: Tentacruel|Tentacruel, M|224\/364
|-damage|p1a: Tentacruel|179\/364|[from] Stealth Rock
|turn|32
|c| Bob the Wut|hjk
|c| Bob the Wut|?
|
|move|p2a: Lucario|Zen Headbutt|p1a: Tentacruel
|-supereffective|p1a: Tentacruel
|-damage|p1a: Tentacruel|0 fnt
|-damage|p2a: Lucario|190\/281|[from] item: Life Orb
|faint|p1a: Tentacruel
|
|c| Bob the Wut|m
|c| Bob the Wut|f
|c|★lapraz|no
|c| Bob the Wut|w
|
|switch|p1a: Steelix|Steelix-Mega, F|150\/354
|-damage|p1a: Steelix|139\/354|[from] Stealth Rock
|turn|33
|c| Bob the Wut|real af
|
|move|p2a: Lucario|Close Combat|p1a: Steelix
|-supereffective|p1a: Steelix
|-damage|p1a: Steelix|0 fnt
|-unboost|p2a: Lucario|def|1
|-unboost|p2a: Lucario|spd|1
|-damage|p2a: Lucario|162\/281|[from] item: Life Orb
|faint|p1a: Steelix
|
|
|switch|p1a: Blissey|Blissey, F|288\/714
|-damage|p1a: Blissey|199\/714|[from] Stealth Rock
|turn|34
|
|move|p2a: Lucario|Close Combat|p1a: Blissey
|-supereffective|p1a: Blissey
|-damage|p1a: Blissey|0 fnt
|-unboost|p2a: Lucario|def|1
|-unboost|p2a: Lucario|spd|1
|-damage|p2a: Lucario|134\/281|[from] item: Life Orb
|faint|p1a: Blissey
|
|win|anchor management
|raw|Ladder updating...
|raw|lapraz's rating: 1685 &rarr; <strong>1657<\/strong><br \/>(-28 for losing)
|raw|anchor management's rating: 1540 &rarr; <strong>1568<\/strong><br \/>(+28 for winning)
|c|★lapraz|fml gg
|c|★anchor management|gg