|join|FlyingSunray
|join|The Force Of Aries
|player|p1|FlyingSunray|288
|player|p2|The Force Of Aries|101
|gametype|singles
|gen|6
|tier|OU
|rated
|clearpoke
|poke|p1|Diancie
|poke|p1|Hydreigon, M
|poke|p1|Landorus-Therian, M
|poke|p1|Magnezone
|poke|p1|Jirachi
|poke|p1|Azumarill, M
|poke|p2|Altaria, M
|poke|p2|Donphan, M
|poke|p2|Latios, M
|poke|p2|Roserade, M
|poke|p2|Scizor, F
|poke|p2|Slowbro, F
|rule|Swagger Clause: Swagger is banned
|rule|Baton Pass Clause: Limit one Pokémon knowing Baton Pass
|rule|Sleep Clause Mod: Limit one foe put to sleep
|rule|Species Clause: Limit one of each Pokémon
|rule|OHKO Clause: OHKO moves are banned
|rule|Moody Clause: Moody is banned
|rule|Evasion Moves Clause: Evasion moves are banned
|rule|Endless Battle Clause: Forcing endless battles is banned
|rule|HP Percentage Mod: HP is shown in percentages
|teampreview
|
|start
|switch|p1a: Diancie|Diancie|241\/241
|switch|p2a: Donphan|Donphan, M|369\/369
|turn|1
|
|detailschange|p1a: Diancie|Diancie-Mega
|-mega|p1a: Diancie|Diancie|Diancite
|move|p1a: Diancie|Protect|p1a: Diancie
|-singleturn|p1a: Diancie|Protect
|move|p2a: Donphan|Earthquake|p1a: Diancie
|-activate|p1a: Diancie|Protect
|
|turn|2
|
|switch|p1a: Hydreigon|Hydreigon, M|325\/325
|move|p2a: Donphan|Stealth Rock|p1a: Hydreigon
|-sidestart|p1: FlyingSunray|move: Stealth Rock
|
|turn|3
|
|switch|p2a: Scizor|Scizor, F|281\/281
|move|p1a: Hydreigon|Draco Meteor|p2a: Scizor
|-resisted|p2a: Scizor
|-damage|p2a: Scizor|113\/281
|-unboost|p1a: Hydreigon|spa|2
|-damage|p1a: Hydreigon|293\/325|[from] item: Life Orb
|
|turn|4
|
|switch|p1a: Landorus-Therian|Landorus-Therian, M|319\/319
|-damage|p1a: Landorus-Therian|280\/319|[from] Stealth Rock
|-ability|p1a: Landorus-Therian|Intimidate|[of] p2a: Scizor
|-unboost|p2a: Scizor|atk|1
|move|p2a: Scizor|Superpower|p1a: Landorus-Therian
|-resisted|p1a: Landorus-Therian
|-damage|p1a: Landorus-Therian|204\/319
|-unboost|p2a: Scizor|atk|1
|-unboost|p2a: Scizor|def|1
|
|turn|5
|
|switch|p2a: Donphan|Donphan, M|369\/369
|move|p1a: Landorus-Therian|U-turn|p2a: Donphan
|-damage|p2a: Donphan|307\/369
|
|switch|p1a: Hydreigon|Hydreigon, M|293\/325
|-damage|p1a: Hydreigon|253\/325|[from] Stealth Rock
|
|-heal|p2a: Donphan|330\/369|[from] item: Leftovers
|turn|6
|
|switch|p2a: Roserade|Roserade, M|324\/324
|move|p1a: Hydreigon|Draco Meteor|p2a: Roserade
|-damage|p2a: Roserade|116\/324
|-unboost|p1a: Hydreigon|spa|2
|-damage|p1a: Hydreigon|221\/325|[from] item: Life Orb
|
|-heal|p2a: Roserade|136\/324|[from] item: Black Sludge
|turn|7
|
|switch|p1a: Magnezone|Magnezone|281\/281
|-damage|p1a: Magnezone|264\/281|[from] Stealth Rock
|move|p2a: Roserade|Leech Seed|p1a: Magnezone
|-start|p1a: Magnezone|move: Leech Seed
|
|-heal|p2a: Roserade|156\/324|[from] item: Black Sludge
|-damage|p1a: Magnezone|229\/281|[from] Leech Seed|[of] p2a: Roserade
|-heal|p2a: Roserade|191\/324|[silent]
|turn|8
|
|switch|p2a: Donphan|Donphan, M|330\/369
|move|p1a: Magnezone|Flash Cannon|p2a: Donphan
|-damage|p2a: Donphan|129\/369
|-unboost|p2a: Donphan|spd|1
|
|-heal|p2a: Donphan|152\/369|[from] item: Leftovers
|-damage|p1a: Magnezone|194\/281|[from] Leech Seed|[of] p2a: Donphan
|-heal|p2a: Donphan|187\/369|[silent]
|turn|9
|
|switch|p1a: Hydreigon|Hydreigon, M|221\/325
|-damage|p1a: Hydreigon|181\/325|[from] Stealth Rock
|switch|p2a: Slowbro|Slowbro, F|379\/379
|
|turn|10
|
|move|p1a: Hydreigon|Dark Pulse|p2a: Slowbro
|-supereffective|p2a: Slowbro
|-damage|p2a: Slowbro|0 fnt
|-damage|p1a: Hydreigon|149\/325|[from] item: Life Orb
|faint|p2a: Slowbro
|
|
|switch|p2a: Altaria|Altaria, M|292\/292
|turn|11
|
|switch|p1a: Magnezone|Magnezone|194\/281
|-damage|p1a: Magnezone|177\/281|[from] Stealth Rock
|detailschange|p2a: Altaria|Altaria-Mega, M
|-mega|p2a: Altaria|Altaria|Altarianite
|move|p2a: Altaria|Dragon Dance|p2a: Altaria
|-boost|p2a: Altaria|atk|1
|-boost|p2a: Altaria|spe|1
|
|turn|12
|
|move|p2a: Altaria|Earthquake|p1a: Magnezone
|-supereffective|p1a: Magnezone
|-damage|p1a: Magnezone|0 fnt
|faint|p1a: Magnezone
|
|
|switch|p1a: Landorus-Therian|Landorus-Therian, M|204\/319
|-damage|p1a: Landorus-Therian|165\/319|[from] Stealth Rock
|-ability|p1a: Landorus-Therian|Intimidate|[of] p2a: Altaria
|-unboost|p2a: Altaria|atk|1
|turn|13
|
|move|p1a: Landorus-Therian|Explosion|p2a: Altaria
|-damage|p2a: Altaria|13\/292
|faint|p1a: Landorus-Therian
|move|p2a: Altaria|Frustration|p1: Landorus-Therian|[notarget]
|-notarget
|
|
|switch|p1a: Azumarill|Azumarill, M|404\/404
|-damage|p1a: Azumarill|354\/404|[from] Stealth Rock
|turn|14
|
|switch|p2a: Roserade|Roserade, M|191\/324
|move|p1a: Azumarill|Aqua Jet|p2a: Roserade
|-resisted|p2a: Roserade
|-damage|p2a: Roserade|134\/324
|
|-heal|p2a: Roserade|154\/324|[from] item: Black Sludge
|turn|15
|
|switch|p1a: Jirachi|Jirachi|397\/397
|-damage|p1a: Jirachi|373\/397|[from] Stealth Rock
|move|p2a: Roserade|Leech Seed|p1a: Jirachi
|-start|p1a: Jirachi|move: Leech Seed
|
|-heal|p1a: Jirachi|397\/397|[from] item: Leftovers
|-heal|p2a: Roserade|174\/324|[from] item: Black Sludge
|-damage|p1a: Jirachi|348\/397|[from] Leech Seed|[of] p2a: Roserade
|-heal|p2a: Roserade|223\/324|[silent]
|turn|16
|
|switch|p2a: Donphan|Donphan, M|187\/369
|move|p1a: Jirachi|Stealth Rock|p2a: Donphan
|-sidestart|p2: The Force Of Aries|move: Stealth Rock
|
|-heal|p1a: Jirachi|372\/397|[from] item: Leftovers
|-heal|p2a: Donphan|210\/369|[from] item: Leftovers
|-damage|p1a: Jirachi|323\/397|[from] Leech Seed|[of] p2a: Donphan
|-heal|p2a: Donphan|259\/369|[silent]
|turn|17
|
|switch|p1a: Hydreigon|Hydreigon, M|149\/325
|-damage|p1a: Hydreigon|109\/325|[from] Stealth Rock
|move|p2a: Donphan|Ice Shard|p1a: Hydreigon
|-supereffective|p1a: Hydreigon
|-damage|p1a: Hydreigon|15\/325
|
|-heal|p2a: Donphan|282\/369|[from] item: Leftovers
|turn|18
|
|move|p2a: Donphan|Ice Shard|p1a: Hydreigon
|-supereffective|p1a: Hydreigon
|-damage|p1a: Hydreigon|0 fnt
|faint|p1a: Hydreigon
|
|-heal|p2a: Donphan|305\/369|[from] item: Leftovers
|
|switch|p1a: Azumarill|Azumarill, M|354\/404
|-damage|p1a: Azumarill|304\/404|[from] Stealth Rock
|turn|19
|
|switch|p2a: Altaria|Altaria-Mega, M|13\/292
|-damage|p2a: Altaria|0 fnt|[from] Stealth Rock
|faint|p2a: Altaria
|move|p1a: Azumarill|Belly Drum|p1a: Azumarill
|-damage|p1a: Azumarill|102\/404
|-setboost|p1a: Azumarill|atk|6|[from] move: Belly Drum
|-enditem|p1a: Azumarill|Sitrus Berry|[eat]
|-heal|p1a: Azumarill|203\/404|[from] item: Sitrus Berry
|
|
|switch|p2a: Roserade|Roserade, M|223\/324
|-damage|p2a: Roserade|183\/324|[from] Stealth Rock
|turn|20
|
|move|p1a: Azumarill|Aqua Jet|p2a: Roserade
|-resisted|p2a: Roserade
|-damage|p2a: Roserade|0 fnt
|faint|p2a: Roserade
|
|
|switch|p2a: Scizor|Scizor, F|113\/281
|-damage|p2a: Scizor|78\/281|[from] Stealth Rock
|turn|21
|
|move|p2a: Scizor|Bullet Punch|p1a: Azumarill
|-damage|p1a: Azumarill|0 fnt
|faint|p1a: Azumarill
|
|
|switch|p1a: Jirachi|Jirachi|323\/397
|-damage|p1a: Jirachi|299\/397|[from] Stealth Rock
|turn|22
|
|switch|p2a: Donphan|Donphan, M|305\/369
|-damage|p2a: Donphan|282\/369|[from] Stealth Rock
|move|p1a: Jirachi|U-turn|p2a: Donphan
|-damage|p2a: Donphan|244\/369
|
|switch|p1a: Diancie|Diancie-Mega|241\/241
|-damage|p1a: Diancie|211\/241|[from] Stealth Rock
|
|-heal|p2a: Donphan|267\/369|[from] item: Leftovers
|turn|23
|
|move|p1a: Diancie|Moonblast|p2a: Donphan
|-damage|p2a: Donphan|0 fnt
|faint|p2a: Donphan
|
|
|switch|p2a: Scizor|Scizor, F|78\/281
|-damage|p2a: Scizor|43\/281|[from] Stealth Rock
|turn|24
|
|move|p1a: Diancie|Protect|p1a: Diancie
|-singleturn|p1a: Diancie|Protect
|move|p2a: Scizor|Superpower|p1a: Diancie
|-activate|p1a: Diancie|Protect
|
|turn|25
|c|★The Force Of Aries|gg
|
|move|p1a: Diancie|Moonblast|p2a: Scizor
|-resisted|p2a: Scizor
|-damage|p2a: Scizor|0 fnt
|faint|p2a: Scizor
|
|c|★FlyingSunray|gg
|-message|The Force Of Aries forfeited.
|-message|The Force Of Aries forfeited.
|leave|The Force Of Aries
|
|win|FlyingSunray
|raw|Ladder updating...
|raw|FlyingSunray's rating: 1502 &rarr; <strong>1517<\/strong><br \/>(+15 for winning)
|raw|The Force Of Aries's rating: 1420 &rarr; <strong>1405<\/strong><br \/>(-15 for losing)
|player|p2