|join|Jack41
|join|FlyingSunray
|player|p1|Jack41|17
|player|p2|FlyingSunray|288
|gametype|singles
|gen|6
|tier|OU
|clearpoke
|poke|p1|Talonflame, M
|poke|p1|Tyranitar, F
|poke|p1|Excadrill, F
|poke|p1|Gardevoir, M
|poke|p1|Empoleon, F
|poke|p1|Chesnaught, F
|poke|p2|Altaria, M
|poke|p2|Keldeo
|poke|p2|Ferrothorn, M
|poke|p2|Bisharp, F
|poke|p2|Raikou
|poke|p2|Landorus-Therian, M
|rule|Swagger Clause: Swagger is banned
|rule|Baton Pass Clause: Limit one Pokémon knowing Baton Pass
|rule|Sleep Clause Mod: Limit one foe put to sleep
|rule|Species Clause: Limit one of each Pokémon
|rule|OHKO Clause: OHKO moves are banned
|rule|Moody Clause: Moody is banned
|rule|Evasion Moves Clause: Evasion moves are banned
|rule|Endless Battle Clause: Forcing endless battles is banned
|rule|HP Percentage Mod: HP is shown in percentages
|teampreview
|c|★FlyingSunray|idk how solid this alt team is
|c|★FlyingSunray|i made it recently
|
|start
|switch|p1a: Reptar|Tyranitar, F|342\/342
|switch|p2a: Landorus-Therian|Landorus-Therian, M|334\/334
|-ability|p2a: Landorus-Therian|Intimidate|[of] p1a: Reptar
|-unboost|p1a: Reptar|atk|1
|-weather|Sandstorm
|turn|1
|
|move|p2a: Landorus-Therian|U-turn|p1a: Reptar
|-supereffective|p1a: Reptar
|-damage|p1a: Reptar|168\/342
|
|switch|p2a: Keldeo|Keldeo|323\/323
|move|p1a: Reptar|Stealth Rock|p2a: Keldeo
|-sidestart|p2: FlyingSunray|move: Stealth Rock
|
|-weather|Sandstorm|[upkeep]
|-damage|p2a: Keldeo|303\/323|[from] sandstorm
|-heal|p2a: Keldeo|323\/323|[from] item: Leftovers
|turn|2
|
|switch|p1a: Empoleon|Empoleon, F|371\/371
|move|p2a: Keldeo|Substitute|p2a: Keldeo
|-start|p2a: Keldeo|Substitute
|-damage|p2a: Keldeo|243\/323
|
|-weather|Sandstorm|[upkeep]
|-damage|p2a: Keldeo|223\/323|[from] sandstorm
|-heal|p2a: Keldeo|243\/323|[from] item: Leftovers
|turn|3
|
|move|p2a: Keldeo|Secret Sword|p1a: Empoleon
|-crit|p1a: Empoleon
|-supereffective|p1a: Empoleon
|-damage|p1a: Empoleon|0 fnt
|faint|p1a: Empoleon
|
|-weather|Sandstorm|[upkeep]
|-damage|p2a: Keldeo|223\/323|[from] sandstorm
|-heal|p2a: Keldeo|243\/323|[from] item: Leftovers
|c|★FlyingSunray|sorry
|c|★FlyingSunray|it happens
|
|switch|p1a: Gardevoir|Gardevoir, M|277\/277
|-ability|p1a: Gardevoir|Justified|[from] ability: Trace|[of] p2a: Keldeo
|turn|4
|c|★Jack41|naw it just i canceled for naught
|c|★FlyingSunray|o
|
|switch|p2a: Ferrothorn|Ferrothorn, M|352\/352
|-damage|p2a: Ferrothorn|330\/352|[from] Stealth Rock
|detailschange|p1a: Gardevoir|Gardevoir-Mega, M
|-mega|p1a: Gardevoir|Gardevoir|Gardevoirite
|move|p1a: Gardevoir|Hyper Voice|p2a: Ferrothorn
|-resisted|p2a: Ferrothorn
|-damage|p2a: Ferrothorn|240\/352
|
|-weather|Sandstorm|[upkeep]
|-damage|p1a: Gardevoir|260\/277|[from] sandstorm
|-heal|p2a: Ferrothorn|262\/352|[from] item: Leftovers
|turn|5
|c|★FlyingSunray|want to rematch then?
|c|★Jack41|naw
|c|★Jack41|im gonna stress since this team is very imcomplete
|
|move|p2a: Ferrothorn|Protect|p2a: Ferrothorn
|-singleturn|p2a: Ferrothorn|Protect
|move|p1a: Gardevoir|Focus Blast|p2a: Ferrothorn
|-activate|p2a: Ferrothorn|Protect
|
|-weather|none
|-heal|p2a: Ferrothorn|284\/352|[from] item: Leftovers
|turn|6
|
|move|p1a: Gardevoir|Taunt|p2a: Ferrothorn
|-start|p2a: Ferrothorn|move: Taunt
|cant|p2a: Ferrothorn|move: Taunt|Stealth Rock
|
|-heal|p2a: Ferrothorn|306\/352|[from] item: Leftovers
|turn|7
|
|move|p1a: Gardevoir|Focus Blast|p2a: Ferrothorn
|-supereffective|p2a: Ferrothorn
|-damage|p2a: Ferrothorn|48\/352
|move|p2a: Ferrothorn|Gyro Ball|p1a: Gardevoir
|-supereffective|p1a: Gardevoir
|-damage|p1a: Gardevoir|0 fnt
|faint|p1a: Gardevoir
|
|-heal|p2a: Ferrothorn|70\/352|[from] item: Leftovers
|
|switch|p1a: Talonflame|Talonflame, M|298\/298
|turn|8
|
|switch|p2a: Raikou|Raikou|321\/321
|-damage|p2a: Raikou|281\/321|[from] Stealth Rock
|-ability|p2a: Raikou|Pressure
|move|p1a: Talonflame|Swords Dance|p1a: Talonflame
|-boost|p1a: Talonflame|atk|2
|
|turn|9
|
|move|p1a: Talonflame|Flare Blitz|p2a: Raikou
|-damage|p2a: Raikou|0 fnt
|-damage|p1a: Talonflame|205\/298|[from] recoil|[of] p2a: Raikou
|faint|p2a: Raikou
|
|
|switch|p2a: Landorus-Therian|Landorus-Therian, M|334\/334
|-damage|p2a: Landorus-Therian|293\/334|[from] Stealth Rock
|-ability|p2a: Landorus-Therian|Intimidate|[of] p1a: Talonflame
|-unboost|p1a: Talonflame|atk|1
|turn|10
|
|switch|p2a: Ferrothorn|Ferrothorn, M|70\/352
|-damage|p2a: Ferrothorn|48\/352|[from] Stealth Rock
|move|p1a: Talonflame|Brave Bird|p2a: Ferrothorn
|-damage|p2a: Ferrothorn|0 fnt
|-damage|p1a: Talonflame|168\/298|[from] ability: Iron Barbs|[of] p2a: Ferrothorn
|-damage|p1a: Talonflame|152\/298|[from] recoil|[of] p2a: Ferrothorn
|faint|p2a: Ferrothorn
|
|
|switch|p2a: Landorus-Therian|Landorus-Therian, M|293\/334
|-damage|p2a: Landorus-Therian|252\/334|[from] Stealth Rock
|-ability|p2a: Landorus-Therian|Intimidate|[of] p1a: Talonflame
|-unboost|p1a: Talonflame|atk|1
|turn|11
|
|move|p1a: Talonflame|Brave Bird|p2a: Landorus-Therian
|-damage|p2a: Landorus-Therian|63\/334
|-damage|p1a: Talonflame|90\/298|[from] recoil|[of] p2a: Landorus-Therian
|move|p2a: Landorus-Therian|Earthquake|p1a: Talonflame
|-immune|p1a: Talonflame|[msg]
|
|turn|12
|
|move|p1a: Talonflame|Roost|p1a: Talonflame
|-heal|p1a: Talonflame|239\/298
|move|p2a: Landorus-Therian|Earthquake|p1a: Talonflame
|-supereffective|p1a: Talonflame
|-damage|p1a: Talonflame|0 fnt
|faint|p1a: Talonflame
|
|c|★Jack41|dammit
|c|★Jack41|why cancel buttin why
|c|★FlyingSunray|lol
|
|switch|p1a: Grand Mole|Excadrill, F|362\/362
|-item|p1a: Grand Mole|Air Balloon
|turn|13
|
|move|p2a: Landorus-Therian|Earthquake|p1a: Grand Mole
|-immune|p1a: Grand Mole|[msg]
|move|p1a: Grand Mole|Iron Head|p2a: Landorus-Therian
|-damage|p2a: Landorus-Therian|0 fnt
|faint|p2a: Landorus-Therian
|
|
|switch|p2a: Keldeo|Keldeo|243\/323
|-damage|p2a: Keldeo|223\/323|[from] Stealth Rock
|turn|14
|
|switch|p1a: Chesnaught|Chesnaught, F|380\/380
|move|p2a: Keldeo|Secret Sword|p1a: Chesnaught
|-damage|p1a: Chesnaught|284\/380
|
|-heal|p2a: Keldeo|243\/323|[from] item: Leftovers
|-heal|p1a: Chesnaught|307\/380|[from] item: Leftovers
|turn|15
|
|move|p2a: Keldeo|Substitute|p2a: Keldeo
|-start|p2a: Keldeo|Substitute
|-damage|p2a: Keldeo|163\/323
|move|p1a: Chesnaught|Super Fang|p2a: Keldeo
|-end|p2a: Keldeo|Substitute
|
|-heal|p2a: Keldeo|183\/323|[from] item: Leftovers
|-heal|p1a: Chesnaught|330\/380|[from] item: Leftovers
|turn|16
|c|★Jack41|also because of u i really use using naught now
|c|★FlyingSunray|lol
|
|switch|p2a: Bisharp|Bisharp, F|271\/271
|-damage|p2a: Bisharp|255\/271|[from] Stealth Rock
|move|p1a: Chesnaught|Drain Punch|p2a: Bisharp
|-supereffective|p2a: Bisharp
|-damage|p2a: Bisharp|0 fnt
|-heal|p1a: Chesnaught|380\/380|[from] drain|[of] p2a: Bisharp
|faint|p2a: Bisharp
|
|c|★FlyingSunray|is that av naught
|c|★Jack41|no lefties
|
|switch|p2a: Altaria|Altaria, M|352\/352
|-damage|p2a: Altaria|264\/352|[from] Stealth Rock
|turn|17
|
|switch|p1a: Grand Mole|Excadrill, F|362\/362
|-item|p1a: Grand Mole|Air Balloon
|detailschange|p2a: Altaria|Altaria-Mega, M
|-mega|p2a: Altaria|Altaria|Altarianite
|move|p2a: Altaria|Dragon Dance|p2a: Altaria
|-boost|p2a: Altaria|atk|1
|-boost|p2a: Altaria|spe|1
|
|turn|18
|c|★FlyingSunray|it checks keldeo
|
|move|p2a: Altaria|Frustration|p1a: Grand Mole
|-resisted|p1a: Grand Mole
|-damage|p1a: Grand Mole|178\/362
|-enditem|p1a: Grand Mole|Air Balloon
|move|p1a: Grand Mole|Earthquake|p2a: Altaria
|-damage|p2a: Altaria|110\/352
|
|turn|19
|
|switch|p1a: Reptar|Tyranitar, F|168\/342
|-weather|Sandstorm
|move|p2a: Altaria|Dragon Dance|p2a: Altaria
|-boost|p2a: Altaria|atk|1
|-boost|p2a: Altaria|spe|1
|
|-weather|Sandstorm|[upkeep]
|-damage|p2a: Altaria|88\/352|[from] sandstorm
|turn|20
|
|move|p2a: Altaria|Roost|p2a: Altaria
|-heal|p2a: Altaria|264\/352
|move|p1a: Reptar|Ice Beam|p2a: Altaria
|-supereffective|p2a: Altaria
|-damage|p2a: Altaria|92\/352
|-status|p2a: Altaria|frz
|
|-weather|Sandstorm|[upkeep]
|-damage|p2a: Altaria|70\/352 frz|[from] sandstorm
|turn|21
|c|★FlyingSunray|gg
|c|★Jack41|so sowwy
|c|★FlyingSunray|it doesnt matter
|
|cant|p2a: Altaria|frz
|move|p1a: Reptar|Dark Pulse|p2a: Altaria
|-resisted|p2a: Altaria
|-damage|p2a: Altaria|10\/352 frz
|
|-weather|Sandstorm|[upkeep]
|-damage|p2a: Altaria|0 fnt|[from] sandstorm
|faint|p2a: Altaria
|c|★FlyingSunray|lol
|
|switch|p2a: Keldeo|Keldeo|183\/323
|-damage|p2a: Keldeo|163\/323|[from] Stealth Rock
|turn|22
|
|switch|p1a: Chesnaught|Chesnaught, F|380\/380
|move|p2a: Keldeo|Calm Mind|p2a: Keldeo
|-boost|p2a: Keldeo|spa|1
|-boost|p2a: Keldeo|spd|1
|
|-weather|Sandstorm|[upkeep]
|-damage|p2a: Keldeo|143\/323|[from] sandstorm
|-damage|p1a: Chesnaught|357\/380|[from] sandstorm
|-heal|p2a: Keldeo|163\/323|[from] item: Leftovers
|-heal|p1a: Chesnaught|380\/380|[from] item: Leftovers
|turn|23
|
|move|p2a: Keldeo|Calm Mind|p2a: Keldeo
|-boost|p2a: Keldeo|spa|1
|-boost|p2a: Keldeo|spd|1
|move|p1a: Chesnaught|Drain Punch|p2a: Keldeo
|-damage|p2a: Keldeo|63\/323
|
|-weather|none
|-heal|p2a: Keldeo|83\/323|[from] item: Leftovers
|turn|24
|c|★FlyingSunray|i dotn have enough speed
|c|★FlyingSunray|to outspeed
|c|★FlyingSunray|exca
|c|★FlyingSunray|at +2
|
|move|p2a: Keldeo|Secret Sword|p1a: Chesnaught
|-damage|p1a: Chesnaught|178\/380
|move|p1a: Chesnaught|Drain Punch|p2a: Keldeo
|-damage|p2a: Keldeo|0 fnt
|-heal|p1a: Chesnaught|220\/380|[from] drain|[of] p2a: Keldeo
|faint|p2a: Keldeo
|
|win|Jack41
|c|★Jack41|lol how u like the team?
|c|★Jack41|gg
|c|★FlyingSunray|gg