|join|5th
|join|FlyingSunray
|join|TheNewBrends11
|join|only team testing
|player|p1|5th|20
|player|p2|FlyingSunray|288
|gametype|singles
|gen|6
|tier|OU
|clearpoke
|poke|p1|Metagross
|poke|p1|Rotom-Wash
|poke|p1|Ferrothorn, M
|poke|p1|Landorus-Therian, M
|poke|p1|Keldeo
|poke|p1|Latias, F
|poke|p2|Tyranitar, M
|poke|p2|Excadrill, F
|poke|p2|Keldeo
|poke|p2|Charizard, F
|poke|p2|Dragonite, F
|poke|p2|Thundurus, M
|rule|Swagger Clause: Swagger is banned
|rule|Baton Pass Clause: Limit one Pokémon knowing Baton Pass
|rule|Sleep Clause Mod: Limit one foe put to sleep
|rule|Species Clause: Limit one of each Pokémon
|rule|OHKO Clause: OHKO moves are banned
|rule|Moody Clause: Moody is banned
|rule|Evasion Moves Clause: Evasion moves are banned
|rule|Endless Battle Clause: Forcing endless battles is banned
|rule|HP Percentage Mod: HP is shown in percentages
|teampreview
|join|Reverend
|join|Shadow Poochyena
|c|★5th|glhf
|c|★FlyingSunray|Thanks you too
|join|ZionPledge
|join|Jack41
|join|sonyfan
|c| ZionPledge|I love pussy
|leave|ZionPledge
|c| sonyfan|me 2
|c| sonyfan|we are disgusting XD
|join|Snorlax's pillow
|
|start
|switch|p1a: Landorus-Therian|Landorus-Therian, M|319\/319
|switch|p2a: Thundurus|Thundurus, M|300\/300
|-ability|p1a: Landorus-Therian|Intimidate|[of] p2a: Thundurus
|-unboost|p2a: Thundurus|atk|1
|turn|1
|leave|Snorlax's pillow
|
|move|p1a: Landorus-Therian|U-turn|p2a: Thundurus
|-resisted|p2a: Thundurus
|-damage|p2a: Thundurus|242\/300
|
|switch|p1a: Rotom-Wash|Rotom-Wash|303\/303
|move|p2a: Thundurus|Focus Blast|p1a: Rotom-Wash|[miss]
|-miss|p2a: Thundurus|p1a: Rotom-Wash
|
|turn|2
|
|move|p2a: Thundurus|Focus Blast|p1a: Rotom-Wash
|-damage|p1a: Rotom-Wash|126\/303
|-damage|p2a: Thundurus|212\/300|[from] item: Life Orb
|move|p1a: Rotom-Wash|Volt Switch|p2a: Thundurus
|-damage|p2a: Thundurus|109\/300
|
|switch|p1a: Landorus-Therian|Landorus-Therian, M|319\/319
|-ability|p1a: Landorus-Therian|Intimidate|[of] p2a: Thundurus
|-unboost|p2a: Thundurus|atk|1
|
|turn|3
|
|move|p1a: Landorus-Therian|U-turn|p2a: Thundurus
|-resisted|p2a: Thundurus
|-damage|p2a: Thundurus|51\/300
|
|switch|p1a: Rotom-Wash|Rotom-Wash|126\/303
|move|p2a: Thundurus|Focus Blast|p1a: Rotom-Wash
|-damage|p1a: Rotom-Wash|0 fnt
|-damage|p2a: Thundurus|21\/300|[from] item: Life Orb
|faint|p1a: Rotom-Wash
|
|
|switch|p1a: Landorus-Therian|Landorus-Therian, M|319\/319
|-ability|p1a: Landorus-Therian|Intimidate|[of] p2a: Thundurus
|-unboost|p2a: Thundurus|atk|1
|turn|4
|
|move|p1a: Landorus-Therian|U-turn|p2a: Thundurus
|-resisted|p2a: Thundurus
|-damage|p2a: Thundurus|0 fnt
|faint|p2a: Thundurus
|
|switch|p1a: Keldeo|Keldeo|323\/323
|
|
|switch|p2a: Charizard|Charizard, F|298\/298
|turn|5
|
|switch|p1a: Latias|Latias, F|301\/301
|detailschange|p2a: Charizard|Charizard-Mega-Y, F
|-mega|p2a: Charizard|Charizard|Charizardite Y
|-weather|SunnyDay
|move|p2a: Charizard|Solar Beam|p1a: Latias|[still]
|-prepare|p2a: Charizard|Solar Beam|p1a: Latias
|-anim|p2a: Charizard|Solar Beam|p1a: Latias
|-resisted|p1a: Latias
|-damage|p1a: Latias|240\/301
|
|-weather|SunnyDay|[upkeep]
|turn|6
|
|switch|p1a: Keldeo|Keldeo|323\/323
|move|p2a: Charizard|Substitute|p2a: Charizard
|-start|p2a: Charizard|Substitute
|-damage|p2a: Charizard|224\/298
|
|-weather|SunnyDay|[upkeep]
|turn|7
|
|move|p1a: Keldeo|Substitute|p1a: Keldeo
|-start|p1a: Keldeo|Substitute
|-damage|p1a: Keldeo|243\/323
|move|p2a: Charizard|Solar Beam|p1a: Keldeo|[still]
|-prepare|p2a: Charizard|Solar Beam|p1a: Keldeo
|-anim|p2a: Charizard|Solar Beam|p1a: Keldeo
|-supereffective|p1a: Keldeo
|-end|p1a: Keldeo|Substitute
|
|-weather|SunnyDay|[upkeep]
|-heal|p1a: Keldeo|263\/323|[from] item: Leftovers
|turn|8
|
|move|p1a: Keldeo|Substitute|p1a: Keldeo
|-start|p1a: Keldeo|Substitute
|-damage|p1a: Keldeo|183\/323
|move|p2a: Charizard|Solar Beam|p1a: Keldeo|[still]
|-prepare|p2a: Charizard|Solar Beam|p1a: Keldeo
|-anim|p2a: Charizard|Solar Beam|p1a: Keldeo
|-supereffective|p1a: Keldeo
|-end|p1a: Keldeo|Substitute
|
|-weather|SunnyDay|[upkeep]
|-heal|p1a: Keldeo|203\/323|[from] item: Leftovers
|turn|9
|c| sonyfan|new meta
|
|move|p1a: Keldeo|Substitute|p1a: Keldeo
|-start|p1a: Keldeo|Substitute
|-damage|p1a: Keldeo|123\/323
|move|p2a: Charizard|Solar Beam|p1a: Keldeo|[still]
|-prepare|p2a: Charizard|Solar Beam|p1a: Keldeo
|-anim|p2a: Charizard|Solar Beam|p1a: Keldeo
|-supereffective|p1a: Keldeo
|-end|p1a: Keldeo|Substitute
|
|-weather|none
|-heal|p1a: Keldeo|143\/323|[from] item: Leftovers
|turn|10
|
|move|p1a: Keldeo|Substitute|p1a: Keldeo
|-start|p1a: Keldeo|Substitute
|-damage|p1a: Keldeo|63\/323
|move|p2a: Charizard|Fire Blast|p1a: Keldeo|[miss]
|-miss|p2a: Charizard|p1a: Keldeo
|
|-heal|p1a: Keldeo|83\/323|[from] item: Leftovers
|turn|11
|
|move|p1a: Keldeo|Scald|p2a: Charizard
|-supereffective|p2a: Charizard
|-end|p2a: Charizard|Substitute
|move|p2a: Charizard|Fire Blast|p1a: Keldeo
|-resisted|p1a: Keldeo
|-end|p1a: Keldeo|Substitute
|
|-heal|p1a: Keldeo|103\/323|[from] item: Leftovers
|turn|12
|
|switch|p2a: Keldeo|Keldeo|323\/323
|move|p1a: Keldeo|Scald|p2a: Keldeo
|-resisted|p2a: Keldeo
|-damage|p2a: Keldeo|252\/323
|
|-heal|p2a: Keldeo|272\/323|[from] item: Leftovers
|-heal|p1a: Keldeo|123\/323|[from] item: Leftovers
|turn|13
|
|switch|p1a: Latias|Latias, F|240\/301
|switch|p2a: Tyranitar|Tyranitar, M|342\/342
|-weather|Sandstorm
|
|-weather|Sandstorm|[upkeep]
|-damage|p1a: Latias|222\/301|[from] sandstorm
|turn|14
|
|move|p1a: Latias|Healing Wish|p1a: Latias
|faint|p1a: Latias
|move|p2a: Tyranitar|Pursuit|p1: Latias|[notarget]
|-notarget
|
|-weather|Sandstorm|[upkeep]
|
|switch|p1a: Keldeo|Keldeo|123\/323
|-heal|p1a: Keldeo|323\/323|[from] move: Healing Wish
|turn|15
|
|switch|p2a: Dragonite|Dragonite, F|324\/324
|move|p1a: Keldeo|Calm Mind|p1a: Keldeo
|-boost|p1a: Keldeo|spa|1
|-boost|p1a: Keldeo|spd|1
|
|-weather|Sandstorm|[upkeep]
|-damage|p1a: Keldeo|303\/323|[from] sandstorm
|-damage|p2a: Dragonite|304\/324|[from] sandstorm
|-heal|p1a: Keldeo|323\/323|[from] item: Leftovers
|turn|16
|
|switch|p1a: Metagross|Metagross|301\/301
|move|p2a: Dragonite|Dragon Dance|p2a: Dragonite
|-boost|p2a: Dragonite|atk|1
|-boost|p2a: Dragonite|spe|1
|
|-weather|Sandstorm|[upkeep]
|-damage|p2a: Dragonite|284\/324|[from] sandstorm
|turn|17
|
|switch|p1a: Landorus-Therian|Landorus-Therian, M|319\/319
|-ability|p1a: Landorus-Therian|Intimidate|[of] p2a: Dragonite
|-unboost|p2a: Dragonite|atk|1
|move|p2a: Dragonite|Earthquake|p1a: Landorus-Therian
|-immune|p1a: Landorus-Therian|[msg]
|
|-weather|Sandstorm|[upkeep]
|-damage|p2a: Dragonite|264\/324|[from] sandstorm
|turn|18
|c| sonyfan|reveal the weakness policy
|c|★FlyingSunray|weaknite isnt my thing
|
|move|p1a: Landorus-Therian|Stone Edge|p2a: Dragonite|[miss]
|-miss|p1a: Landorus-Therian|p2a: Dragonite
|move|p2a: Dragonite|Earthquake|p1a: Landorus-Therian
|-immune|p1a: Landorus-Therian|[msg]
|
|-weather|Sandstorm|[upkeep]
|-damage|p2a: Dragonite|244\/324|[from] sandstorm
|turn|19
|join|MoB Barley
|
|switch|p2a: Keldeo|Keldeo|272\/323
|move|p1a: Landorus-Therian|Stone Edge|p2a: Keldeo
|-resisted|p2a: Keldeo
|-damage|p2a: Keldeo|206\/323
|
|-weather|Sandstorm|[upkeep]
|-damage|p2a: Keldeo|186\/323|[from] sandstorm
|-heal|p2a: Keldeo|206\/323|[from] item: Leftovers
|turn|20
|
|switch|p1a: Keldeo|Keldeo|323\/323
|move|p2a: Keldeo|Scald|p1a: Keldeo
|-resisted|p1a: Keldeo
|-damage|p1a: Keldeo|243\/323
|
|-weather|none
|-heal|p1a: Keldeo|263\/323|[from] item: Leftovers
|-heal|p2a: Keldeo|226\/323|[from] item: Leftovers
|turn|21
|
|switch|p2a: Dragonite|Dragonite, F|244\/324
|move|p1a: Keldeo|Secret Sword|p2a: Dragonite
|-resisted|p2a: Dragonite
|-damage|p2a: Dragonite|172\/324
|
|-heal|p1a: Keldeo|283\/323|[from] item: Leftovers
|turn|22
|
|switch|p1a: Ferrothorn|Ferrothorn, M|352\/352
|move|p2a: Dragonite|Dragon Dance|p2a: Dragonite
|-boost|p2a: Dragonite|atk|1
|-boost|p2a: Dragonite|spe|1
|
|turn|23
|join|Invok3r
|join|VanilliteCone
|leave|Invok3r
|
|switch|p2a: Charizard|Charizard-Mega-Y, F|224\/298
|-weather|SunnyDay
|move|p1a: Ferrothorn|Gyro Ball|p2a: Charizard
|-resisted|p2a: Charizard
|-damage|p2a: Charizard|125\/298
|
|-weather|SunnyDay|[upkeep]
|turn|24
|leave|Reverend
|
|switch|p1a: Keldeo|Keldeo|283\/323
|move|p2a: Charizard|Fire Blast|p1a: Keldeo
|-resisted|p1a: Keldeo
|-damage|p1a: Keldeo|91\/323
|
|-weather|SunnyDay|[upkeep]
|-heal|p1a: Keldeo|111\/323|[from] item: Leftovers
|turn|25
|
|switch|p2a: Dragonite|Dragonite, F|172\/324
|move|p1a: Keldeo|Scald|p2a: Dragonite
|-resisted|p2a: Dragonite
|-damage|p2a: Dragonite|137\/324
|
|-weather|SunnyDay|[upkeep]
|-heal|p1a: Keldeo|131\/323|[from] item: Leftovers
|turn|26
|
|switch|p1a: Ferrothorn|Ferrothorn, M|352\/352
|move|p2a: Dragonite|Earthquake|p1a: Ferrothorn
|-damage|p1a: Ferrothorn|265\/352
|
|-weather|SunnyDay|[upkeep]
|-heal|p1a: Ferrothorn|287\/352|[from] item: Leftovers
|turn|27
|
|switch|p2a: Keldeo|Keldeo|226\/323
|move|p1a: Ferrothorn|Stealth Rock|p2a: Keldeo
|-sidestart|p2: FlyingSunray|move: Stealth Rock
|
|-weather|none
|-heal|p2a: Keldeo|246\/323|[from] item: Leftovers
|-heal|p1a: Ferrothorn|309\/352|[from] item: Leftovers
|turn|28
|
|switch|p1a: Keldeo|Keldeo|131\/323
|move|p2a: Keldeo|Substitute|p2a: Keldeo
|-start|p2a: Keldeo|Substitute
|-damage|p2a: Keldeo|166\/323
|
|-heal|p2a: Keldeo|186\/323|[from] item: Leftovers
|-heal|p1a: Keldeo|151\/323|[from] item: Leftovers
|turn|29
|leave|MoB Barley
|
|move|p2a: Keldeo|Calm Mind|p2a: Keldeo
|-boost|p2a: Keldeo|spa|1
|-boost|p2a: Keldeo|spd|1
|move|p1a: Keldeo|Secret Sword|p2a: Keldeo
|-end|p2a: Keldeo|Substitute
|
|-heal|p2a: Keldeo|206\/323|[from] item: Leftovers
|-heal|p1a: Keldeo|171\/323|[from] item: Leftovers
|turn|30
|
|move|p1a: Keldeo|Secret Sword|p2a: Keldeo
|-damage|p2a: Keldeo|41\/323
|move|p2a: Keldeo|Substitute|p2a: Keldeo
|-fail|p2a: Keldeo|move: Substitute|[weak]
|
|-heal|p2a: Keldeo|61\/323|[from] item: Leftovers
|-heal|p1a: Keldeo|191\/323|[from] item: Leftovers
|turn|31
|
|move|p2a: Keldeo|Secret Sword|p1a: Keldeo
|-damage|p1a: Keldeo|0 fnt
|faint|p1a: Keldeo
|
|-heal|p2a: Keldeo|81\/323|[from] item: Leftovers
|
|switch|p1a: Landorus-Therian|Landorus-Therian, M|319\/319
|-ability|p1a: Landorus-Therian|Intimidate|[of] p2a: Keldeo
|-unboost|p2a: Keldeo|atk|1
|turn|32
|
|move|p1a: Landorus-Therian|Earthquake|p2a: Keldeo
|-crit|p2a: Keldeo
|-damage|p2a: Keldeo|0 fnt
|faint|p2a: Keldeo
|
|
|switch|p2a: Dragonite|Dragonite, F|137\/324
|-damage|p2a: Dragonite|56\/324|[from] Stealth Rock
|turn|33
|leave|TheNewBrends11
|
|switch|p1a: Ferrothorn|Ferrothorn, M|309\/352
|move|p2a: Dragonite|Dragon Dance|p2a: Dragonite
|-boost|p2a: Dragonite|atk|1
|-boost|p2a: Dragonite|spe|1
|
|-heal|p1a: Ferrothorn|331\/352|[from] item: Leftovers
|turn|34
|
|move|p2a: Dragonite|Earthquake|p1a: Ferrothorn
|-damage|p1a: Ferrothorn|191\/352
|move|p1a: Ferrothorn|Gyro Ball|p2a: Dragonite
|-damage|p2a: Dragonite|0 fnt
|faint|p2a: Dragonite
|
|-heal|p1a: Ferrothorn|213\/352|[from] item: Leftovers
|
|switch|p2a: Tyranitar|Tyranitar, M|342\/342
|-damage|p2a: Tyranitar|300\/342|[from] Stealth Rock
|-weather|Sandstorm
|turn|35
|
|move|p1a: Ferrothorn|Protect|p1a: Ferrothorn
|-singleturn|p1a: Ferrothorn|Protect
|move|p2a: Tyranitar|Fire Blast|p1a: Ferrothorn
|-activate|p1a: Ferrothorn|Protect
|
|-weather|Sandstorm|[upkeep]
|-heal|p1a: Ferrothorn|235\/352|[from] item: Leftovers
|turn|36
|
|switch|p1a: Metagross|Metagross|301\/301
|move|p2a: Tyranitar|Fire Blast|p1a: Metagross
|-supereffective|p1a: Metagross
|-damage|p1a: Metagross|61\/301
|
|-weather|Sandstorm|[upkeep]
|turn|37
|
|detailschange|p1a: Metagross|Metagross-Mega
|-mega|p1a: Metagross|Metagross|Metagrossite
|move|p1a: Metagross|Meteor Mash|p2a: Tyranitar
|-supereffective|p2a: Tyranitar
|-damage|p2a: Tyranitar|0 fnt
|faint|p2a: Tyranitar
|
|-weather|Sandstorm|[upkeep]
|
|switch|p2a: Excadrill|Excadrill, F|362\/362
|-damage|p2a: Excadrill|351\/362|[from] Stealth Rock
|turn|38
|
|switch|p1a: Landorus-Therian|Landorus-Therian, M|319\/319
|-ability|p1a: Landorus-Therian|Intimidate|[of] p2a: Excadrill
|-unboost|p2a: Excadrill|atk|1
|move|p2a: Excadrill|Iron Head|p1a: Landorus-Therian
|-damage|p1a: Landorus-Therian|166\/319
|-damage|p2a: Excadrill|315\/362|[from] item: Life Orb
|
|-weather|Sandstorm|[upkeep]
|turn|39
|
|switch|p1a: Ferrothorn|Ferrothorn, M|235\/352
|move|p2a: Excadrill|Iron Head|p1a: Ferrothorn
|-resisted|p1a: Ferrothorn
|-damage|p1a: Ferrothorn|183\/352
|-damage|p2a: Excadrill|270\/362|[from] ability: Iron Barbs|[of] p1a: Ferrothorn
|-damage|p2a: Excadrill|234\/362|[from] item: Life Orb
|
|-weather|Sandstorm|[upkeep]
|-heal|p1a: Ferrothorn|205\/352|[from] item: Leftovers
|turn|40
|
|move|p1a: Ferrothorn|Protect|p1a: Ferrothorn
|-singleturn|p1a: Ferrothorn|Protect
|move|p2a: Excadrill|Rapid Spin|p1a: Ferrothorn
|-activate|p1a: Ferrothorn|Protect
|
|-weather|Sandstorm|[upkeep]
|-heal|p1a: Ferrothorn|227\/352|[from] item: Leftovers
|turn|41
|
|move|p2a: Excadrill|Rapid Spin|p1a: Ferrothorn
|-resisted|p1a: Ferrothorn
|-damage|p1a: Ferrothorn|219\/352
|-damage|p2a: Excadrill|189\/362|[from] ability: Iron Barbs|[of] p1a: Ferrothorn
|-sideend|p2: FlyingSunray|Stealth Rock|[from] move: Rapid Spin|[of] p2a: Excadrill
|-damage|p2a: Excadrill|153\/362|[from] item: Life Orb
|move|p1a: Ferrothorn|Stealth Rock|p2a: Excadrill
|-sidestart|p2: FlyingSunray|move: Stealth Rock
|
|-weather|Sandstorm|[upkeep]
|-heal|p1a: Ferrothorn|241\/352|[from] item: Leftovers
|turn|42
|
|move|p1a: Ferrothorn|Protect|p1a: Ferrothorn
|-singleturn|p1a: Ferrothorn|Protect
|move|p2a: Excadrill|Rock Slide|p1a: Ferrothorn
|-activate|p1a: Ferrothorn|Protect
|
|-weather|none
|-heal|p1a: Ferrothorn|263\/352|[from] item: Leftovers
|turn|43
|c|★FlyingSunray|mis clicked anyway
|
|move|p2a: Excadrill|Earthquake|p1a: Ferrothorn
|-damage|p1a: Ferrothorn|146\/352
|-damage|p2a: Excadrill|117\/362|[from] item: Life Orb
|move|p1a: Ferrothorn|Stealth Rock|p2a: Excadrill
|-fail|p2a: Excadrill
|
|-heal|p1a: Ferrothorn|168\/352|[from] item: Leftovers
|turn|44
|
|move|p2a: Excadrill|Rapid Spin|p1a: Ferrothorn
|-resisted|p1a: Ferrothorn
|-damage|p1a: Ferrothorn|159\/352
|-damage|p2a: Excadrill|72\/362|[from] ability: Iron Barbs|[of] p1a: Ferrothorn
|-sideend|p2: FlyingSunray|Stealth Rock|[from] move: Rapid Spin|[of] p2a: Excadrill
|-damage|p2a: Excadrill|36\/362|[from] item: Life Orb
|move|p1a: Ferrothorn|Stealth Rock|p2a: Excadrill
|-sidestart|p2: FlyingSunray|move: Stealth Rock
|
|-heal|p1a: Ferrothorn|181\/352|[from] item: Leftovers
|turn|45
|
|move|p2a: Excadrill|Earthquake|p1a: Ferrothorn
|-damage|p1a: Ferrothorn|60\/352
|-damage|p2a: Excadrill|0 fnt|[from] item: Life Orb
|faint|p2a: Excadrill
|move|p1a: Ferrothorn|Stealth Rock|p2: Excadrill
|-fail|p2: Excadrill
|
|-heal|p1a: Ferrothorn|82\/352|[from] item: Leftovers
|c|★FlyingSunray|gg
|c|★5th|gg
|
|switch|p2a: Charizard|Charizard-Mega-Y, F|125\/298
|-damage|p2a: Charizard|0 fnt|[from] Stealth Rock
|faint|p2a: Charizard
|
|win|5th
|leave|5th
|leave|VanilliteCone
|player|p1