|join|Robertmonkey
|join|Cumown
|player|p1|Robertmonkey|221
|player|p2|Cumown|287
|gametype|singles
|gen|6
|tier|OU
|rated
|clearpoke
|poke|p1|Swampert, M
|poke|p1|Kabutops, F
|poke|p1|Politoed, F
|poke|p1|Gothitelle, F
|poke|p1|Ferrothorn, M
|poke|p1|Tornadus-Therian, M, shiny
|poke|p2|Altaria, M
|poke|p2|Chesnaught, M
|poke|p2|Mew
|poke|p2|Gliscor, M
|poke|p2|Porygon2
|poke|p2|Heatran, M
|rule|Swagger Clause: Swagger is banned
|rule|Baton Pass Clause: Limit one Pokémon knowing Baton Pass
|rule|Sleep Clause Mod: Limit one foe put to sleep
|rule|Species Clause: Limit one of each Pokémon
|rule|OHKO Clause: OHKO moves are banned
|rule|Moody Clause: Moody is banned
|rule|Evasion Moves Clause: Evasion moves are banned
|rule|Endless Battle Clause: Forcing endless battles is banned
|rule|HP Percentage Mod: HP is shown in percentages
|teampreview
|
|start
|switch|p1a: Ferrothorn|Ferrothorn, M|352\/352
|switch|p2a: Altaria|Altaria, M|353\/353
|turn|1
|
|detailschange|p2a: Altaria|Altaria-Mega, M
|message|Altaria has Mega Evolved into Mega Altaria!
|move|p2a: Altaria|Flamethrower|p1a: Ferrothorn
|-supereffective|p1a: Ferrothorn
|-damage|p1a: Ferrothorn|92\/352
|move|p1a: Ferrothorn|Leech Seed|p2a: Altaria
|-start|p2a: Altaria|move: Leech Seed
|
|-heal|p1a: Ferrothorn|114\/352|[from] item: Leftovers
|-damage|p2a: Altaria|309\/353|[from] Leech Seed|[of] p1a: Ferrothorn
|-heal|p1a: Ferrothorn|158\/352|[silent]
|turn|2
|
|switch|p2a: Heatran|Heatran, M|326\/326
|-item|p2a: Heatran|Air Balloon
|move|p1a: Ferrothorn|Stealth Rock|p2a: Heatran
|-sidestart|p2: Cumown|move: Stealth Rock
|
|-heal|p1a: Ferrothorn|180\/352|[from] item: Leftovers
|turn|3
|
|move|p2a: Heatran|Stealth Rock|p1a: Ferrothorn
|-sidestart|p1: Robertmonkey|move: Stealth Rock
|move|p1a: Ferrothorn|Leech Seed|p2a: Heatran
|-start|p2a: Heatran|move: Leech Seed
|
|-heal|p1a: Ferrothorn|202\/352|[from] item: Leftovers
|-damage|p2a: Heatran|286\/326|[from] Leech Seed|[of] p1a: Ferrothorn
|-heal|p1a: Ferrothorn|242\/352|[silent]
|turn|4
|
|move|p2a: Heatran|Taunt|p1a: Ferrothorn
|-start|p1a: Ferrothorn|move: Taunt
|move|p1a: Ferrothorn|Knock Off|p2a: Heatran
|-damage|p2a: Heatran|217\/326
|-enditem|p2a: Heatran|Air Balloon
|
|-heal|p1a: Ferrothorn|264\/352|[from] item: Leftovers
|-damage|p2a: Heatran|177\/326|[from] Leech Seed|[of] p1a: Ferrothorn
|-heal|p1a: Ferrothorn|304\/352|[silent]
|turn|5
|
|switch|p1a: Politoed|Politoed, F|384\/384
|-damage|p1a: Politoed|336\/384|[from] Stealth Rock
|-weather|RainDance
|move|p2a: Heatran|Fire Blast|p1a: Politoed
|-resisted|p1a: Politoed
|-damage|p1a: Politoed|285\/384
|
|-weather|RainDance|[upkeep]
|-damage|p2a: Heatran|137\/326|[from] Leech Seed|[of] p1a: Politoed
|-heal|p1a: Politoed|325\/384|[silent]
|turn|6
|
|move|p2a: Heatran|Earth Power|p1a: Politoed
|-damage|p1a: Politoed|217\/384
|-unboost|p1a: Politoed|spd|1
|move|p1a: Politoed|Toxic|p2a: Heatran
|-fail|p2a: Heatran
|
|-weather|RainDance|[upkeep]
|-damage|p2a: Heatran|97\/326|[from] Leech Seed|[of] p1a: Politoed
|-heal|p1a: Politoed|257\/384|[silent]
|turn|7
|
|move|p2a: Heatran|Fire Blast|p1a: Politoed
|-resisted|p1a: Politoed
|-damage|p1a: Politoed|184\/384
|move|p1a: Politoed|Scald|p2a: Heatran
|-supereffective|p2a: Heatran
|-damage|p2a: Heatran|0 fnt
|faint|p2a: Heatran
|
|-weather|RainDance|[upkeep]
|
|switch|p2a: Altaria|Altaria-Mega, M|309\/353
|-damage|p2a: Altaria|265\/353|[from] Stealth Rock
|turn|8
|
|move|p2a: Altaria|Hyper Voice|p1a: Politoed
|-damage|p1a: Politoed|0 fnt
|faint|p1a: Politoed
|
|-weather|RainDance|[upkeep]
|
|switch|p1a: Swampert|Swampert, M|341\/341
|-damage|p1a: Swampert|320\/341|[from] Stealth Rock
|turn|9
|
|switch|p2a: Chesnaught|Chesnaught, M|380\/380
|-damage|p2a: Chesnaught|357\/380|[from] Stealth Rock
|detailschange|p1a: Swampert|Swampert-Mega, M
|message|Swampert has Mega Evolved into Mega Swampert!
|move|p1a: Swampert|Ice Punch|p2a: Chesnaught
|-supereffective|p2a: Chesnaught
|-damage|p2a: Chesnaught|175\/380
|
|-weather|RainDance|[upkeep]
|-heal|p2a: Chesnaught|198\/380|[from] item: Leftovers
|turn|10
|
|switch|p1a: Ferrothorn|Ferrothorn, M|304\/352
|-damage|p1a: Ferrothorn|282\/352|[from] Stealth Rock
|move|p2a: Chesnaught|Drain Punch|p1a: Ferrothorn
|-supereffective|p1a: Ferrothorn
|-damage|p1a: Ferrothorn|160\/352
|-heal|p2a: Chesnaught|259\/380|[from] drain|[of] p1a: Ferrothorn
|-damage|p2a: Chesnaught|212\/380|[from] ability: Iron Barbs|[of] p1a: Ferrothorn
|
|-weather|RainDance|[upkeep]
|-heal|p2a: Chesnaught|235\/380|[from] item: Leftovers
|-heal|p1a: Ferrothorn|182\/352|[from] item: Leftovers
|turn|11
|
|move|p2a: Chesnaught|Spikes|p1a: Ferrothorn
|-sidestart|p1: Robertmonkey|Spikes
|move|p1a: Ferrothorn|Knock Off|p2a: Chesnaught
|-resisted|p2a: Chesnaught
|-damage|p2a: Chesnaught|207\/380
|-enditem|p2a: Chesnaught|Leftovers|[from] move: Knock Off|[of] p1a: Ferrothorn
|
|-weather|RainDance|[upkeep]
|-heal|p1a: Ferrothorn|204\/352|[from] item: Leftovers
|turn|12
|
|switch|p1a: Gothitelle|Gothitelle, F|282\/282
|-damage|p1a: Gothitelle|247\/282|[from] Stealth Rock
|-damage|p1a: Gothitelle|212\/282|[from] Spikes
|move|p2a: Chesnaught|Drain Punch|p1a: Gothitelle
|-resisted|p1a: Gothitelle
|-damage|p1a: Gothitelle|158\/282
|-heal|p2a: Chesnaught|234\/380|[from] drain|[of] p1a: Gothitelle
|
|-weather|none
|turn|13
|
|move|p1a: Gothitelle|Trick|p2a: Chesnaught
|-activate|p1a: Gothitelle|move: Trick|[of] p2a: Chesnaught
|-item|p2a: Chesnaught|Choice Scarf|[from] move: Trick
|move|p2a: Chesnaught|Wood Hammer|p1a: Gothitelle
|-damage|p1a: Gothitelle|0 fnt
|-damage|p2a: Chesnaught|182\/380|[from] recoil|[of] p1a: Gothitelle
|faint|p1a: Gothitelle
|
|
|switch|p1a: Tornadus-Therian|Tornadus-Therian, M, shiny|299\/299
|-damage|p1a: Tornadus-Therian|225\/299|[from] Stealth Rock
|turn|14
|
|switch|p2a: Mew|Mew|404\/404
|-damage|p2a: Mew|354\/404|[from] Stealth Rock
|move|p1a: Tornadus-Therian|U-turn|p2a: Mew
|-crit|p2a: Mew
|-supereffective|p2a: Mew
|-damage|p2a: Mew|192\/404
|
|switch|p1a: Swampert|Swampert-Mega, M|320\/341
|-damage|p1a: Swampert|299\/341|[from] Stealth Rock
|-damage|p1a: Swampert|257\/341|[from] Spikes
|
|-heal|p2a: Mew|217\/404|[from] item: Leftovers
|turn|15
|
|move|p2a: Mew|Will-O-Wisp|p1a: Swampert
|-status|p1a: Swampert|brn
|move|p1a: Swampert|Rain Dance|p1a: Swampert
|-weather|RainDance
|
|-weather|RainDance|[upkeep]
|-heal|p2a: Mew|242\/404|[from] item: Leftovers
|-damage|p1a: Swampert|215\/341 brn|[from] brn
|turn|16
|c|★Robertmonkey|G
|
|move|p1a: Swampert|Earthquake|p2a: Mew
|-damage|p2a: Mew|155\/404
|move|p2a: Mew|Roost|p2a: Mew
|-heal|p2a: Mew|357\/404
|
|-weather|RainDance|[upkeep]
|-heal|p2a: Mew|382\/404|[from] item: Leftovers
|-damage|p1a: Swampert|173\/341 brn|[from] brn
|turn|17
|
|switch|p1a: Tornadus-Therian|Tornadus-Therian, M, shiny|299\/299
|-damage|p1a: Tornadus-Therian|225\/299|[from] Stealth Rock
|move|p2a: Mew|Will-O-Wisp|p1a: Tornadus-Therian
|-status|p1a: Tornadus-Therian|brn
|
|-weather|RainDance|[upkeep]
|-heal|p2a: Mew|404\/404|[from] item: Leftovers
|-damage|p1a: Tornadus-Therian|188\/299 brn|[from] brn
|turn|18
|-message|Robertmonkey forfeited.
|
|win|Cumown
|raw|Ladder updating...
|leave|Robertmonkey
|player|p1
|raw|Robertmonkey's rating: 1097 &rarr; <strong>1073<\/strong><br \/>(-24 for losing)
|raw|Cumown's rating: 1110 &rarr; <strong>1134<\/strong><br \/>(+24 for winning)