|join|Cumown
|join|pokeace96
|player|p1|Cumown|265
|player|p2|pokeace96|290
|gametype|singles
|gen|6
|tier|OU
|rated
|clearpoke
|poke|p1|Hydreigon, M
|poke|p1|Ferrothorn, M
|poke|p1|Slowbro, M
|poke|p1|Gardevoir, F
|poke|p1|Starmie
|poke|p1|Clefable, M
|poke|p2|Metagross
|poke|p2|Mandibuzz, F
|poke|p2|Talonflame, M
|poke|p2|Latios, M
|poke|p2|Mew
|poke|p2|Dragonite, M
|rule|Swagger Clause: Swagger is banned
|rule|Baton Pass Clause: Limit one Pokémon knowing Baton Pass
|rule|Sleep Clause Mod: Limit one foe put to sleep
|rule|Species Clause: Limit one of each Pokémon
|rule|OHKO Clause: OHKO moves are banned
|rule|Moody Clause: Moody is banned
|rule|Evasion Moves Clause: Evasion moves are banned
|rule|Endless Battle Clause: Forcing endless battles is banned
|rule|HP Percentage Mod: HP is shown in percentages
|teampreview
|
|start
|switch|p1a: Hydreigon|Hydreigon, M|337\/337
|switch|p2a: Latios|Latios, M|302\/302
|turn|1
|
|switch|p1a: Gardevoir|Gardevoir, F|277\/277
|-ability|p1a: Gardevoir|Levitate|[from] ability: Trace|[of] p2a: Latios
|move|p2a: Latios|Draco Meteor|p1a: Gardevoir
|-immune|p1a: Gardevoir|[msg]
|
|turn|2
|
|switch|p2a: Metagross|Metagross|301\/301
|detailschange|p1a: Gardevoir|Gardevoir-Mega, F
|-mega|p1a: Gardevoir|Gardevoir|Gardevoirite
|move|p1a: Gardevoir|Hyper Voice|p2a: Metagross
|-resisted|p2a: Metagross
|-damage|p2a: Metagross|142\/301
|
|turn|3
|
|switch|p1a: Slowbro|Slowbro, M|394\/394
|switch|p2a: Mew|Mew|404\/404
|
|turn|4
|
|switch|p1a: Hydreigon|Hydreigon, M|337\/337
|move|p2a: Mew|Will-O-Wisp|p1a: Hydreigon
|-status|p1a: Hydreigon|brn
|
|-damage|p1a: Hydreigon|295\/337 brn|[from] brn
|turn|5
|
|switch|p2a: Mandibuzz|Mandibuzz, F|424\/424
|move|p1a: Hydreigon|U-turn|p2a: Mandibuzz
|-damage|p2a: Mandibuzz|405\/424
|-damage|p1a: Hydreigon|239\/337 brn|[from] item: Rocky Helmet|[of] p2a: Mandibuzz
|
|switch|p1a: Gardevoir|Gardevoir-Mega, F|277\/277
|
|turn|6
|
|switch|p2a: Mew|Mew|404\/404
|move|p1a: Gardevoir|Hyper Voice|p2a: Mew
|-damage|p2a: Mew|197\/404
|
|-heal|p2a: Mew|222\/404|[from] item: Leftovers
|turn|7
|
|move|p1a: Gardevoir|Taunt|p2a: Mew
|-start|p2a: Mew|move: Taunt
|cant|p2a: Mew|move: Taunt|Will-O-Wisp
|
|-heal|p2a: Mew|247\/404|[from] item: Leftovers
|turn|8
|
|move|p1a: Gardevoir|Hyper Voice|p2a: Mew
|-damage|p2a: Mew|40\/404
|move|p2a: Mew|Knock Off|p1a: Gardevoir
|-damage|p1a: Gardevoir|202\/277
|
|-heal|p2a: Mew|65\/404|[from] item: Leftovers
|turn|9
|
|move|p1a: Gardevoir|Hyper Voice|p2a: Mew
|-damage|p2a: Mew|0 fnt
|faint|p2a: Mew
|
|
|switch|p2a: Talonflame|Talonflame, M|298\/298
|turn|10
|
|switch|p1a: Slowbro|Slowbro, M|394\/394
|move|p2a: Talonflame|U-turn|p1a: Slowbro
|-supereffective|p1a: Slowbro
|-damage|p1a: Slowbro|278\/394
|
|switch|p2a: Latios|Latios, M|302\/302
|
|-heal|p1a: Slowbro|302\/394|[from] item: Leftovers
|turn|11
|
|switch|p1a: Clefable|Clefable, M|394\/394
|move|p2a: Latios|Psyshock|p1a: Clefable
|-crit|p1a: Clefable
|-damage|p1a: Clefable|175\/394
|
|-heal|p1a: Clefable|199\/394|[from] item: Leftovers
|turn|12
|
|move|p2a: Latios|Psyshock|p1a: Clefable
|-damage|p1a: Clefable|58\/394
|move|p1a: Clefable|Soft-Boiled|p1a: Clefable
|-heal|p1a: Clefable|255\/394
|
|-heal|p1a: Clefable|279\/394|[from] item: Leftovers
|turn|13
|
|switch|p2a: Metagross|Metagross|142\/301
|switch|p1a: Ferrothorn|Ferrothorn, M|352\/352
|
|turn|14
|
|switch|p2a: Talonflame|Talonflame, M|298\/298
|move|p1a: Ferrothorn|Stealth Rock|p2a: Talonflame
|-sidestart|p2: pokeace96|move: Stealth Rock
|
|turn|15
|
|switch|p1a: Slowbro|Slowbro, M|394\/394
|move|p2a: Talonflame|Brave Bird|p1a: Slowbro
|-damage|p1a: Slowbro|238\/394
|-damage|p2a: Talonflame|247\/298|[from] recoil|[of] p1a: Slowbro
|
|-heal|p1a: Slowbro|262\/394|[from] item: Leftovers
|turn|16
|
|move|p2a: Talonflame|Brave Bird|p1a: Slowbro
|-damage|p1a: Slowbro|118\/394
|-damage|p2a: Talonflame|199\/298|[from] recoil|[of] p1a: Slowbro
|move|p1a: Slowbro|Thunder Wave|p2a: Talonflame
|-status|p2a: Talonflame|par
|
|-heal|p1a: Slowbro|142\/394|[from] item: Leftovers
|turn|17
|
|switch|p1a: Ferrothorn|Ferrothorn, M|352\/352
|move|p2a: Talonflame|Brave Bird|p1a: Ferrothorn
|-damage|p1a: Ferrothorn|202\/352
|-damage|p2a: Talonflame|162\/298 par|[from] ability: Iron Barbs|[of] p1a: Ferrothorn
|-damage|p2a: Talonflame|112\/298 par|[from] recoil|[of] p1a: Ferrothorn
|
|-heal|p1a: Ferrothorn|224\/352|[from] item: Leftovers
|turn|18
|
|switch|p2a: Mandibuzz|Mandibuzz, F|405\/424
|-damage|p2a: Mandibuzz|299\/424|[from] Stealth Rock
|move|p1a: Ferrothorn|Gyro Ball|p2a: Mandibuzz
|-damage|p2a: Mandibuzz|211\/424
|-damage|p1a: Ferrothorn|166\/352|[from] item: Rocky Helmet|[of] p2a: Mandibuzz
|
|-heal|p1a: Ferrothorn|188\/352|[from] item: Leftovers
|turn|19
|
|switch|p1a: Gardevoir|Gardevoir-Mega, F|202\/277
|move|p2a: Mandibuzz|Defog|p1a: Gardevoir
|-unboost|p1a: Gardevoir|evasion|1
|-sideend|p2: pokeace96|Stealth Rock|[from] move: Defog|[of] p2a: Mandibuzz
|
|turn|20
|
|move|p1a: Gardevoir|Hyper Voice|p2a: Mandibuzz
|-supereffective|p2a: Mandibuzz
|-damage|p2a: Mandibuzz|0 fnt
|faint|p2a: Mandibuzz
|
|
|switch|p2a: Talonflame|Talonflame, M|112\/298 par
|turn|21
|
|switch|p1a: Starmie|Starmie|323\/323
|move|p2a: Talonflame|Flare Blitz|p1a: Starmie
|-resisted|p1a: Starmie
|-damage|p1a: Starmie|182\/323
|-damage|p2a: Talonflame|65\/298 par|[from] recoil|[of] p1a: Starmie
|
|-heal|p1a: Starmie|202\/323|[from] item: Leftovers
|turn|22
|
|switch|p1a: Slowbro|Slowbro, M|273\/394
|switch|p2a: Latios|Latios, M|302\/302
|
|-heal|p1a: Slowbro|297\/394|[from] item: Leftovers
|turn|23
|
|switch|p1a: Gardevoir|Gardevoir-Mega, F|202\/277
|move|p2a: Latios|Thunderbolt|p1a: Gardevoir
|-damage|p1a: Gardevoir|120\/277
|-status|p1a: Gardevoir|par
|
|turn|24
|
|switch|p2a: Metagross|Metagross|142\/301
|cant|p1a: Gardevoir|par
|
|turn|25
|
|switch|p2a: Latios|Latios, M|302\/302
|switch|p1a: Slowbro|Slowbro, M|394\/394
|
|turn|26
|
|switch|p1a: Gardevoir|Gardevoir-Mega, F|120\/277 par
|move|p2a: Latios|Trick|p1a: Gardevoir
|-fail|p1a: Gardevoir
|
|turn|27
|
|switch|p2a: Talonflame|Talonflame, M|65\/298 par
|move|p1a: Gardevoir|Hyper Voice|p2a: Talonflame
|-resisted|p2a: Talonflame
|-damage|p2a: Talonflame|0 fnt
|faint|p2a: Talonflame
|
|
|switch|p2a: Latios|Latios, M|302\/302
|turn|28
|
|move|p2a: Latios|Thunderbolt|p1a: Gardevoir
|-damage|p1a: Gardevoir|42\/277 par
|move|p1a: Gardevoir|Hyper Voice|p2a: Latios
|-supereffective|p2a: Latios
|-damage|p2a: Latios|0 fnt
|faint|p2a: Latios
|
|
|switch|p2a: Metagross|Metagross|142\/301
|turn|29
|
|detailschange|p2a: Metagross|Metagross-Mega
|-mega|p2a: Metagross|Metagross|Metagrossite
|move|p2a: Metagross|Earthquake|p1a: Gardevoir
|-damage|p1a: Gardevoir|0 fnt
|faint|p1a: Gardevoir
|
|
|switch|p1a: Slowbro|Slowbro, M|394\/394
|turn|30
|
|move|p2a: Metagross|Earthquake|p1a: Slowbro
|-damage|p1a: Slowbro|313\/394
|move|p1a: Slowbro|Thunder Wave|p2a: Metagross
|-status|p2a: Metagross|par
|
|-heal|p1a: Slowbro|337\/394|[from] item: Leftovers
|turn|31
|
|switch|p1a: Ferrothorn|Ferrothorn, M|188\/352
|move|p2a: Metagross|Earthquake|p1a: Ferrothorn
|-damage|p1a: Ferrothorn|100\/352
|
|-heal|p1a: Ferrothorn|122\/352|[from] item: Leftovers
|turn|32
|
|move|p2a: Metagross|Earthquake|p1a: Ferrothorn
|-damage|p1a: Ferrothorn|37\/352
|move|p1a: Ferrothorn|Stealth Rock|p2a: Metagross
|-sidestart|p2: pokeace96|move: Stealth Rock
|
|-heal|p1a: Ferrothorn|59\/352|[from] item: Leftovers
|turn|33
|
|move|p2a: Metagross|Earthquake|p1a: Ferrothorn
|-damage|p1a: Ferrothorn|0 fnt
|faint|p1a: Ferrothorn
|
|
|switch|p1a: Hydreigon|Hydreigon, M|239\/337 brn
|turn|34
|
|move|p1a: Hydreigon|Dark Pulse|p2a: Metagross
|-supereffective|p2a: Metagross
|-damage|p2a: Metagross|0 fnt
|faint|p2a: Metagross
|
|-damage|p1a: Hydreigon|197\/337 brn|[from] brn
|
|switch|p2a: Dragonite|Dragonite, M|324\/324
|-damage|p2a: Dragonite|243\/324|[from] Stealth Rock
|turn|35
|
|move|p1a: Hydreigon|Dark Pulse|p2a: Dragonite
|-damage|p2a: Dragonite|105\/324
|move|p2a: Dragonite|Dragon Dance|p2a: Dragonite
|-boost|p2a: Dragonite|atk|1
|-boost|p2a: Dragonite|spe|1
|
|-damage|p1a: Hydreigon|155\/337 brn|[from] brn
|turn|36
|
|move|p2a: Dragonite|Extreme Speed|p1a: Hydreigon
|-damage|p1a: Hydreigon|0 fnt
|faint|p1a: Hydreigon
|
|
|switch|p1a: Clefable|Clefable, M|279\/394
|turn|37
|
|move|p2a: Dragonite|Earthquake|p1a: Clefable
|-damage|p1a: Clefable|75\/394
|move|p1a: Clefable|Moonblast|p2a: Dragonite
|-supereffective|p2a: Dragonite
|-damage|p2a: Dragonite|0 fnt
|faint|p2a: Dragonite
|
|win|Cumown
|raw|Ladder updating...
|raw|Cumown's rating: 1494 &rarr; <strong>1512<\/strong><br \/>(+18 for winning)
|raw|pokeace96's rating: 1454 &rarr; <strong>1436<\/strong><br \/>(-18 for losing)
|c|★pokeace96|gg
|leave|pokeace96
|player|p2