|join|The Ess of Johan
|join|senpaiplsnoticeme
|player|p1|The Ess of Johan|102
|player|p2|senpaiplsnoticeme|1
|gametype|singles
|gen|6
|tier|OU
|rated
|clearpoke
|poke|p1|Slowbro, M
|poke|p1|Celebi
|poke|p1|Heatran, F
|poke|p1|Mandibuzz, F
|poke|p1|Gothitelle, F
|poke|p1|Scizor, F
|poke|p2|Politoed, M
|poke|p2|Kingdra, M
|poke|p2|Kabutops, M
|poke|p2|Thundurus, M
|poke|p2|Latios, M
|poke|p2|Lopunny, M, shiny
|rule|Swagger Clause: Swagger is banned
|rule|Baton Pass Clause: Limit one Pokémon knowing Baton Pass
|rule|Sleep Clause Mod: Limit one foe put to sleep
|rule|Species Clause: Limit one of each Pokémon
|rule|OHKO Clause: OHKO moves are banned
|rule|Moody Clause: Moody is banned
|rule|Evasion Moves Clause: Evasion moves are banned
|rule|Endless Battle Clause: Forcing endless battles is banned
|rule|HP Percentage Mod: HP is shown in percentages
|teampreview
|
|start
|switch|p1a: Celebi|Celebi|401\/401
|switch|p2a: Politoed|Politoed, M|384\/384
|-weather|RainDance
|turn|1
|
|move|p1a: Celebi|U-turn|p2a: Politoed
|-damage|p2a: Politoed|325\/384
|
|switch|p1a: Gothitelle|Gothitelle, F|301\/301
|move|p2a: Politoed|Ice Beam|p1a: Gothitelle
|-damage|p1a: Gothitelle|239\/301
|
|-weather|RainDance|[upkeep]
|turn|2
|
|move|p1a: Gothitelle|Trick|p2a: Politoed
|-activate|p1a: Gothitelle|move: Trick|[of] p2a: Politoed
|-item|p2a: Politoed|Choice Scarf|[from] move: Trick
|-item|p1a: Gothitelle|Damp Rock|[from] move: Trick
|move|p2a: Politoed|Scald|p1a: Gothitelle
|-crit|p1a: Gothitelle
|-damage|p1a: Gothitelle|47\/301
|-status|p1a: Gothitelle|brn
|
|-weather|RainDance|[upkeep]
|-damage|p1a: Gothitelle|10\/301 brn|[from] brn
|turn|3
|
|switch|p1a: Celebi|Celebi|401\/401
|move|p2a: Politoed|Scald|p1a: Celebi
|-resisted|p1a: Celebi
|-damage|p1a: Celebi|350\/401
|
|-weather|RainDance|[upkeep]
|-heal|p1a: Celebi|375\/401|[from] item: Leftovers
|turn|4
|
|move|p2a: Politoed|Scald|p1a: Celebi
|-crit|p1a: Celebi
|-resisted|p1a: Celebi
|-damage|p1a: Celebi|309\/401
|move|p1a: Celebi|Giga Drain|p2a: Politoed
|-supereffective|p2a: Politoed
|-damage|p2a: Politoed|193\/384
|-heal|p1a: Celebi|375\/401|[from] drain|[of] p2a: Politoed
|
|-weather|RainDance|[upkeep]
|-heal|p1a: Celebi|400\/401|[from] item: Leftovers
|turn|5
|
|switch|p2a: Kingdra|Kingdra, M|291\/291
|move|p1a: Celebi|Giga Drain|p2a: Kingdra
|-damage|p2a: Kingdra|195\/291
|-heal|p1a: Celebi|401\/401|[from] drain|[of] p2a: Kingdra
|
|-weather|RainDance|[upkeep]
|turn|6
|
|move|p2a: Kingdra|Ice Beam|p1a: Celebi
|-supereffective|p1a: Celebi
|-damage|p1a: Celebi|224\/401
|-damage|p2a: Kingdra|166\/291|[from] item: Life Orb
|move|p1a: Celebi|Recover|p1a: Celebi
|-heal|p1a: Celebi|401\/401
|
|-weather|RainDance|[upkeep]
|turn|7
|
|switch|p2a: Lopunny|Lopunny, M, shiny|271\/271
|move|p1a: Celebi|Recover|p1a: Celebi
|-fail|p1a: Celebi
|
|-weather|RainDance|[upkeep]
|turn|8
|
|switch|p1a: Gothitelle|Gothitelle, F|10\/301 brn
|detailschange|p2a: Lopunny|Lopunny-Mega, M, shiny
|message|Lopunny has Mega Evolved into Mega Lopunny!
|move|p2a: Lopunny|Power-Up Punch|p1a: Gothitelle
|-crit|p1a: Gothitelle
|-resisted|p1a: Gothitelle
|-damage|p1a: Gothitelle|0 fnt
|-boost|p2a: Lopunny|atk|1
|faint|p1a: Gothitelle
|
|-weather|none
|
|switch|p1a: Slowbro|Slowbro, M|393\/393
|turn|9
|
|switch|p2a: Thundurus|Thundurus, M|299\/299
|move|p1a: Slowbro|Scald|p2a: Thundurus
|-damage|p2a: Thundurus|152\/299
|-status|p2a: Thundurus|brn
|
|-damage|p2a: Thundurus|115\/299 brn|[from] brn
|turn|10
|
|switch|p2a: Latios|Latios, M|301\/301
|switch|p1a: Celebi|Celebi|401\/401
|
|turn|11
|
|move|p2a: Latios|Trick|p1a: Celebi
|-activate|p2a: Latios|move: Trick|[of] p1a: Celebi
|-item|p1a: Celebi|Choice Scarf|[from] move: Trick
|-item|p2a: Latios|Leftovers|[from] move: Trick
|move|p1a: Celebi|Recover|p1a: Celebi
|-fail|p1a: Celebi
|
|turn|12
|
|switch|p1a: Heatran|Heatran, F|385\/385
|switch|p2a: Lopunny|Lopunny-Mega, M, shiny|271\/271
|
|turn|13
|
|switch|p1a: Slowbro|Slowbro, M|393\/393
|move|p2a: Lopunny|Power-Up Punch|p1a: Slowbro
|-resisted|p1a: Slowbro
|-damage|p1a: Slowbro|357\/393
|-boost|p2a: Lopunny|atk|1
|
|turn|14
|
|move|p2a: Lopunny|Return|p1a: Slowbro
|-damage|p1a: Slowbro|78\/393
|move|p1a: Slowbro|Scald|p2a: Lopunny
|-damage|p2a: Lopunny|127\/271
|-status|p2a: Lopunny|brn
|
|-damage|p2a: Lopunny|94\/271 brn|[from] brn
|turn|15
|
|switch|p1a: Scizor|Scizor, F|281\/281
|move|p2a: Lopunny|High Jump Kick|p1a: Scizor
|-damage|p1a: Scizor|116\/281
|
|-damage|p2a: Lopunny|61\/271 brn|[from] brn
|turn|16
|
|move|p1a: Scizor|Bullet Punch|p2a: Lopunny
|-damage|p2a: Lopunny|0 fnt
|faint|p2a: Lopunny
|
|
|switch|p2a: Kingdra|Kingdra, M|166\/291
|turn|17
|
|switch|p1a: Slowbro|Slowbro, M|209\/393
|move|p2a: Kingdra|Scald|p1a: Slowbro
|-resisted|p1a: Slowbro
|-damage|p1a: Slowbro|119\/393
|-damage|p2a: Kingdra|137\/291|[from] item: Life Orb
|
|turn|18
|
|switch|p1a: Heatran|Heatran, F|385\/385
|move|p2a: Kingdra|Draco Meteor|p1a: Heatran
|-resisted|p1a: Heatran
|-damage|p1a: Heatran|268\/385
|-unboost|p2a: Kingdra|spa|2
|-damage|p2a: Kingdra|108\/291|[from] item: Life Orb
|
|-heal|p1a: Heatran|292\/385|[from] item: Leftovers
|turn|19
|
|switch|p2a: Politoed|Politoed, M|193\/384
|-weather|RainDance
|switch|p1a: Celebi|Celebi|401\/401
|
|-weather|RainDance|[upkeep]
|turn|20
|
|move|p1a: Celebi|Giga Drain|p2a: Politoed
|-supereffective|p2a: Politoed
|-damage|p2a: Politoed|61\/384
|move|p2a: Politoed|Toxic|p1a: Celebi
|-status|p1a: Celebi|tox
|
|-weather|RainDance|[upkeep]
|-damage|p1a: Celebi|376\/401 tox|[from] psn
|turn|21
|
|switch|p1a: Heatran|Heatran, F|292\/385
|switch|p2a: Latios|Latios, M|301\/301
|
|-weather|RainDance|[upkeep]
|-heal|p1a: Heatran|316\/385|[from] item: Leftovers
|turn|22
|
|switch|p2a: Kingdra|Kingdra, M|108\/291
|move|p1a: Heatran|Stealth Rock|p2a: Kingdra
|-sidestart|p2: senpaiplsnoticeme|move: Stealth Rock
|
|-weather|RainDance|[upkeep]
|-heal|p1a: Heatran|340\/385|[from] item: Leftovers
|turn|23
|
|move|p1a: Heatran|Protect|p1a: Heatran
|-singleturn|p1a: Heatran|Protect
|move|p2a: Kingdra|Hydro Pump|p1a: Heatran
|-activate|p1a: Heatran|Protect
|
|-weather|none
|-heal|p1a: Heatran|364\/385|[from] item: Leftovers
|turn|24
|
|switch|p1a: Celebi|Celebi|376\/401
|move|p2a: Kingdra|Ice Beam|p1a: Celebi
|-supereffective|p1a: Celebi
|-damage|p1a: Celebi|204\/401
|-damage|p2a: Kingdra|79\/291|[from] item: Life Orb
|
|turn|25
|
|switch|p2a: Kabutops|Kabutops, M|261\/261
|-damage|p2a: Kabutops|229\/261|[from] Stealth Rock
|move|p1a: Celebi|Giga Drain|p2a: Kabutops
|-supereffective|p2a: Kabutops
|-damage|p2a: Kabutops|0 fnt
|-heal|p1a: Celebi|319\/401|[from] drain|[of] p2a: Kabutops
|faint|p2a: Kabutops
|
|-message|senpaiplsnoticeme forfeited.
|
|win|The Ess of Johan
|raw|Ladder updating...
|leave|senpaiplsnoticeme
|player|p2
|raw|The Ess of Johan's rating: 1529 &rarr; <strong>1547<\/strong><br \/>(+18 for winning)
|raw|senpaiplsnoticeme's rating: 1496 &rarr; <strong>1478<\/strong><br \/>(-18 for losing)