|join|Aim for the top
|join|asdf432
|player|p1|Aim for the top|1
|player|p2|asdf432|101
|gametype|singles
|gen|6
|tier|OU
|rated
|clearpoke
|poke|p1|Mew
|poke|p1|Charizard, M
|poke|p1|Ferrothorn, F
|poke|p1|Latios, M
|poke|p1|Gliscor, F
|poke|p1|Clefable, M
|poke|p2|Magnezone
|poke|p2|Azumarill, F
|poke|p2|Bisharp, M
|poke|p2|Clefable, M
|poke|p2|Landorus-Therian, M
|poke|p2|Latios, M
|rule|Swagger Clause: Swagger is banned
|rule|Baton Pass Clause: Limit one Pokémon knowing Baton Pass
|rule|Sleep Clause Mod: Limit one foe put to sleep
|rule|Species Clause: Limit one of each Pokémon
|rule|OHKO Clause: OHKO moves are banned
|rule|Moody Clause: Moody is banned
|rule|Evasion Moves Clause: Evasion moves are banned
|rule|Endless Battle Clause: Forcing endless battles is banned
|rule|HP Percentage Mod: HP is shown in percentages
|teampreview
|c|★asdf432|gl
|
|start
|switch|p1a: Mew|Mew|404\/404
|switch|p2a: Bisharp|Bisharp, M|272\/272
|turn|1
|c|★Aim for the top|u too
|
|move|p1a: Mew|Will-O-Wisp|p2a: Bisharp
|-status|p2a: Bisharp|brn
|move|p2a: Bisharp|Knock Off|p1a: Mew
|-crit|p1a: Mew
|-supereffective|p1a: Mew
|-damage|p1a: Mew|84\/404
|-enditem|p1a: Mew|Leftovers|[from] move: Knock Off|[of] p2a: Bisharp
|
|-damage|p2a: Bisharp|238\/272 brn|[from] brn
|turn|2
|
|switch|p2a: Clefable|Clefable, M|394\/394
|move|p1a: Mew|Soft-Boiled|p1a: Mew
|-heal|p1a: Mew|286\/404
|
|turn|3
|
|move|p1a: Mew|Taunt|p2a: Clefable
|-start|p2a: Clefable|move: Taunt
|cant|p2a: Clefable|move: Taunt|Calm Mind
|
|turn|4
|
|switch|p1a: Charizard|Charizard, M|359\/359
|move|p2a: Clefable|Moonblast|p1a: Charizard
|-resisted|p1a: Charizard
|-damage|p1a: Charizard|293\/359
|
|turn|5
|
|switch|p2a: Landorus-Therian|Landorus-Therian, M|382\/382
|-ability|p2a: Landorus-Therian|Intimidate|[of] p1a: Charizard
|-unboost|p1a: Charizard|atk|1
|detailschange|p1a: Charizard|Charizard-Mega-X, M
|message|Charizard has Mega Evolved into Mega Charizard!
|move|p1a: Charizard|Flare Blitz|p2a: Landorus-Therian
|-damage|p2a: Landorus-Therian|226\/382
|-damage|p1a: Charizard|242\/359|[from] recoil|[of] p2a: Landorus-Therian
|
|-heal|p2a: Landorus-Therian|249\/382|[from] item: Leftovers
|turn|6
|
|switch|p1a: Gliscor|Gliscor, F|352\/352
|move|p2a: Landorus-Therian|Stealth Rock|p1a: Gliscor
|-sidestart|p1: Aim for the top|move: Stealth Rock
|
|-heal|p2a: Landorus-Therian|272\/382|[from] item: Leftovers
|-status|p1a: Gliscor|tox|[from] item: Toxic Orb
|turn|7
|
|switch|p2a: Clefable|Clefable, M|394\/394
|move|p1a: Gliscor|Knock Off|p2a: Clefable
|-resisted|p2a: Clefable
|-damage|p2a: Clefable|363\/394
|-enditem|p2a: Clefable|Leftovers|[from] move: Knock Off|[of] p1a: Gliscor
|
|turn|8
|
|move|p1a: Gliscor|Toxic|p2a: Clefable
|-status|p2a: Clefable|tox
|move|p2a: Clefable|Calm Mind|p2a: Clefable
|-boost|p2a: Clefable|spa|1
|-boost|p2a: Clefable|spd|1
|
|turn|9
|
|switch|p1a: Charizard|Charizard-Mega-X, M|242\/359
|-damage|p1a: Charizard|153\/359|[from] Stealth Rock
|move|p2a: Clefable|Calm Mind|p2a: Clefable
|-boost|p2a: Clefable|spa|1
|-boost|p2a: Clefable|spd|1
|
|turn|10
|
|move|p1a: Charizard|Flare Blitz|p2a: Clefable
|-damage|p2a: Clefable|98\/394 tox
|-damage|p1a: Charizard|66\/359|[from] recoil|[of] p2a: Clefable
|move|p2a: Clefable|Moonblast|p1a: Charizard
|-damage|p1a: Charizard|0 fnt
|faint|p1a: Charizard
|
|
|switch|p1a: Latios|Latios, M|301\/301
|-damage|p1a: Latios|264\/301|[from] Stealth Rock
|turn|11
|
|switch|p2a: Bisharp|Bisharp, M|238\/272 brn
|move|p1a: Latios|Psyshock|p2a: Bisharp
|-immune|p2a: Bisharp|[msg]
|
|-damage|p2a: Bisharp|204\/272 brn|[from] brn
|turn|12
|
|move|p2a: Bisharp|Pursuit|p1a: Latios|[from]Pursuit
|-supereffective|p1a: Latios
|-damage|p1a: Latios|0 fnt
|faint|p1a: Latios
|
|-damage|p2a: Bisharp|170\/272 brn|[from] brn
|
|switch|p1a: Ferrothorn|Ferrothorn, F|352\/352
|-damage|p1a: Ferrothorn|330\/352|[from] Stealth Rock
|turn|13
|
|move|p2a: Bisharp|Knock Off|p1a: Ferrothorn
|-damage|p1a: Ferrothorn|260\/352
|-damage|p2a: Bisharp|136\/272 brn|[from] ability: Iron Barbs|[of] p1a: Ferrothorn
|-enditem|p1a: Ferrothorn|Leftovers|[from] move: Knock Off|[of] p2a: Bisharp
|move|p1a: Ferrothorn|Stealth Rock|p2a: Bisharp
|-sidestart|p2: asdf432|move: Stealth Rock
|
|-damage|p2a: Bisharp|102\/272 brn|[from] brn
|turn|14
|c|★Aim for the top|didnt think it would kill
|
|switch|p2a: Magnezone|Magnezone|282\/282
|-damage|p2a: Magnezone|265\/282|[from] Stealth Rock
|move|p1a: Ferrothorn|Leech Seed|p2a: Magnezone
|-start|p2a: Magnezone|move: Leech Seed
|
|-damage|p2a: Magnezone|230\/282|[from] Leech Seed|[of] p1a: Ferrothorn
|-heal|p1a: Ferrothorn|295\/352|[silent]
|turn|15
|c|★asdf432|oh
|
|move|p1a: Ferrothorn|Protect|p1a: Ferrothorn
|-singleturn|p1a: Ferrothorn|Protect
|move|p2a: Magnezone|Hidden Power|p1a: Ferrothorn
|-activate|p1a: Ferrothorn|Protect
|
|-damage|p2a: Magnezone|195\/282|[from] Leech Seed|[of] p1a: Ferrothorn
|-heal|p1a: Ferrothorn|330\/352|[silent]
|turn|16
|c|★asdf432|yeah pretty powerful
|
|move|p2a: Magnezone|Hidden Power|p1a: Ferrothorn
|-supereffective|p1a: Ferrothorn
|-damage|p1a: Ferrothorn|114\/352
|move|p1a: Ferrothorn|Gyro Ball|p2a: Magnezone
|-resisted|p2a: Magnezone
|-damage|p2a: Magnezone|161\/282
|
|-damage|p2a: Magnezone|126\/282|[from] Leech Seed|[of] p1a: Ferrothorn
|-heal|p1a: Ferrothorn|149\/352|[silent]
|turn|17
|
|move|p1a: Ferrothorn|Protect|p1a: Ferrothorn
|-singleturn|p1a: Ferrothorn|Protect
|move|p2a: Magnezone|Hidden Power|p1a: Ferrothorn
|-activate|p1a: Ferrothorn|Protect
|
|-damage|p2a: Magnezone|91\/282|[from] Leech Seed|[of] p1a: Ferrothorn
|-heal|p1a: Ferrothorn|184\/352|[silent]
|turn|18
|
|move|p1a: Ferrothorn|Protect|p1a: Ferrothorn
|-singleturn|p1a: Ferrothorn|Protect
|move|p2a: Magnezone|Hidden Power|p1a: Ferrothorn
|-activate|p1a: Ferrothorn|Protect
|
|-damage|p2a: Magnezone|56\/282|[from] Leech Seed|[of] p1a: Ferrothorn
|-heal|p1a: Ferrothorn|219\/352|[silent]
|turn|19
|c|★asdf432|ugh
|c|★asdf432|the double protects
|c|★Aim for the top|sorry
|
|move|p1a: Ferrothorn|Protect|p1a: Ferrothorn
|-fail|p1a: Ferrothorn
|move|p2a: Magnezone|Hidden Power|p1a: Ferrothorn
|-supereffective|p1a: Ferrothorn
|-damage|p1a: Ferrothorn|0 fnt
|faint|p1a: Ferrothorn
|
|c|★asdf432|lol
|c|★asdf432|okay
|
|switch|p1a: Gliscor|Gliscor, F|352\/352 tox
|-damage|p1a: Gliscor|308\/352 tox|[from] Stealth Rock
|turn|20
|
|switch|p2a: Clefable|Clefable, M|98\/394 tox
|move|p1a: Gliscor|Knock Off|p2a: Clefable
|-resisted|p2a: Clefable
|-damage|p2a: Clefable|75\/394 tox
|
|-heal|p1a: Gliscor|352\/352 tox|[from] ability: Poison Heal
|turn|21
|c|★Aim for the top|i had no real other move
|
|move|p1a: Gliscor|Earthquake|p2a: Clefable
|-damage|p2a: Clefable|0 fnt
|faint|p2a: Clefable
|
|
|switch|p2a: Azumarill|Azumarill, F|363\/363
|-damage|p2a: Azumarill|318\/363|[from] Stealth Rock
|turn|22
|
|move|p1a: Gliscor|Knock Off|p2a: Azumarill
|-resisted|p2a: Azumarill
|-damage|p2a: Azumarill|273\/363
|-enditem|p2a: Azumarill|Choice Band|[from] move: Knock Off|[of] p1a: Gliscor
|move|p2a: Azumarill|Waterfall|p1a: Gliscor
|-supereffective|p1a: Gliscor
|-damage|p1a: Gliscor|50\/352 tox
|
|-heal|p1a: Gliscor|94\/352 tox|[from] ability: Poison Heal
|turn|23
|
|move|p1a: Gliscor|Protect|p1a: Gliscor
|-singleturn|p1a: Gliscor|Protect
|move|p2a: Azumarill|Waterfall|p1a: Gliscor
|-activate|p1a: Gliscor|Protect
|
|-heal|p1a: Gliscor|138\/352 tox|[from] ability: Poison Heal
|turn|24
|
|switch|p1a: Mew|Mew|286\/404
|-damage|p1a: Mew|236\/404|[from] Stealth Rock
|move|p2a: Azumarill|Aqua Jet|p1a: Mew
|-damage|p1a: Mew|140\/404
|
|turn|25
|
|move|p1a: Mew|Will-O-Wisp|p2a: Azumarill
|-status|p2a: Azumarill|brn
|move|p2a: Azumarill|Knock Off|p1a: Mew
|-supereffective|p1a: Mew
|-damage|p1a: Mew|44\/404
|
|-damage|p2a: Azumarill|228\/363 brn|[from] brn
|turn|26
|
|move|p2a: Azumarill|Aqua Jet|p1a: Mew
|-damage|p1a: Mew|2\/404
|move|p1a: Mew|Soft-Boiled|p1a: Mew
|-heal|p1a: Mew|204\/404
|
|-damage|p2a: Azumarill|183\/363 brn|[from] brn
|turn|27
|c|★asdf432|dammi
|c|★asdf432|t
|c|★asdf432|lol
|
|move|p1a: Mew|Soft-Boiled|p1a: Mew
|-heal|p1a: Mew|404\/404
|move|p2a: Azumarill|Play Rough|p1a: Mew
|-damage|p1a: Mew|302\/404
|
|-damage|p2a: Azumarill|138\/363 brn|[from] brn
|turn|28
|c|★Aim for the top|so close
|
|move|p1a: Mew|Soft-Boiled|p1a: Mew
|-heal|p1a: Mew|404\/404
|move|p2a: Azumarill|Play Rough|p1a: Mew
|-damage|p1a: Mew|308\/404
|
|-damage|p2a: Azumarill|93\/363 brn|[from] brn
|turn|29
|
|move|p1a: Mew|Soft-Boiled|p1a: Mew
|-heal|p1a: Mew|404\/404
|move|p2a: Azumarill|Play Rough|p1a: Mew
|-damage|p1a: Mew|314\/404
|
|-damage|p2a: Azumarill|48\/363 brn|[from] brn
|turn|30
|
|move|p1a: Mew|Soft-Boiled|p1a: Mew
|-heal|p1a: Mew|404\/404
|move|p2a: Azumarill|Play Rough|p1a: Mew
|-damage|p1a: Mew|304\/404
|
|-damage|p2a: Azumarill|3\/363 brn|[from] brn
|turn|31
|
|move|p1a: Mew|Soft-Boiled|p1a: Mew
|-heal|p1a: Mew|404\/404
|move|p2a: Azumarill|Play Rough|p1a: Mew
|-damage|p1a: Mew|302\/404
|
|-damage|p2a: Azumarill|0 fnt|[from] brn
|faint|p2a: Azumarill
|
|switch|p2a: Bisharp|Bisharp, M|102\/272 brn
|-damage|p2a: Bisharp|85\/272 brn|[from] Stealth Rock
|turn|32
|
|switch|p1a: Gliscor|Gliscor, F|138\/352 tox
|-damage|p1a: Gliscor|94\/352 tox|[from] Stealth Rock
|move|p2a: Bisharp|Knock Off|p1a: Gliscor
|-damage|p1a: Gliscor|0 fnt
|-enditem|p1a: Gliscor|Toxic Orb|[from] move: Knock Off|[of] p2a: Bisharp
|faint|p1a: Gliscor
|
|-damage|p2a: Bisharp|51\/272 brn|[from] brn
|
|switch|p1a: Clefable|Clefable, M|392\/392
|-damage|p1a: Clefable|343\/392|[from] Stealth Rock
|turn|33
|
|switch|p2a: Latios|Latios, M|301\/301
|-damage|p2a: Latios|264\/301|[from] Stealth Rock
|move|p1a: Clefable|Wish|p1a: Clefable
|
|-heal|p1a: Clefable|367\/392|[from] item: Leftovers
|turn|34
|
|move|p2a: Latios|Draco Meteor|p1a: Clefable
|-immune|p1a: Clefable|[msg]
|move|p1a: Clefable|Thunder Wave|p2a: Latios
|-status|p2a: Latios|par
|
|-heal|p1a: Clefable|392\/392|[from] move: Wish|[wisher] Clefable
|turn|35
|c|★Aim for the top|?
|c|★asdf432|misclick
|c|★asdf432|wefoawiefj
|
|move|p1a: Clefable|Wish|p1a: Clefable
|move|p2a: Latios|Psyshock|p1a: Clefable
|-damage|p1a: Clefable|172\/392
|-damage|p2a: Latios|234\/301 par|[from] item: Life Orb
|
|-heal|p1a: Clefable|196\/392|[from] item: Leftovers
|turn|36
|c|★asdf432|that's
|c|★asdf432|what i wanted
|
|move|p1a: Clefable|Protect|p1a: Clefable
|-singleturn|p1a: Clefable|Protect
|move|p2a: Latios|Psyshock|p1a: Clefable
|-activate|p1a: Clefable|Protect
|
|-heal|p1a: Clefable|392\/392|[from] move: Wish|[wisher] Clefable
|turn|37
|
|move|p1a: Clefable|Moonblast|p2a: Latios
|-supereffective|p2a: Latios
|-damage|p2a: Latios|52\/301 par
|move|p2a: Latios|Psyshock|p1a: Clefable
|-damage|p1a: Clefable|165\/392
|-damage|p2a: Latios|22\/301 par|[from] item: Life Orb
|
|-heal|p1a: Clefable|189\/392|[from] item: Leftovers
|turn|38
|
|move|p1a: Clefable|Protect|p1a: Clefable
|-singleturn|p1a: Clefable|Protect
|cant|p2a: Latios|par
|
|-heal|p1a: Clefable|213\/392|[from] item: Leftovers
|turn|39
|
|move|p1a: Clefable|Moonblast|p2a: Latios
|-supereffective|p2a: Latios
|-damage|p2a: Latios|0 fnt
|faint|p2a: Latios
|
|-heal|p1a: Clefable|237\/392|[from] item: Leftovers
|
|switch|p2a: Magnezone|Magnezone|56\/282
|-damage|p2a: Magnezone|39\/282|[from] Stealth Rock
|turn|40
|
|move|p1a: Clefable|Protect|p1a: Clefable
|-singleturn|p1a: Clefable|Protect
|move|p2a: Magnezone|Flash Cannon|p1a: Clefable
|-activate|p1a: Clefable|Protect
|
|-heal|p1a: Clefable|261\/392|[from] item: Leftovers
|turn|41
|
|switch|p1a: Mew|Mew|302\/404
|-damage|p1a: Mew|252\/404|[from] Stealth Rock
|move|p2a: Magnezone|Flash Cannon|p1a: Mew
|-crit|p1a: Mew
|-damage|p1a: Mew|89\/404
|
|turn|42
|
|move|p2a: Magnezone|Flash Cannon|p1a: Mew
|-damage|p1a: Mew|0 fnt
|faint|p1a: Mew
|
|c|★Aim for the top|NO
|c|★asdf432|sorry
|
|switch|p1a: Clefable|Clefable, M|261\/392
|-damage|p1a: Clefable|212\/392|[from] Stealth Rock
|turn|43
|c|★Aim for the top|fuck
|
|move|p2a: Magnezone|Flash Cannon|p1a: Clefable
|-supereffective|p1a: Clefable
|-damage|p1a: Clefable|0 fnt
|faint|p1a: Clefable
|
|win|asdf432
|raw|Ladder updating...
|raw|Aim for the top's rating: 1718 &rarr; <strong>1695<\/strong><br \/>(-23 for losing)
|raw|asdf432's rating: 1662 &rarr; <strong>1685<\/strong><br \/>(+23 for winning)
|c|★asdf432|gg
|leave|Aim for the top
|player|p1