|join|Aim for the top
|join|Hogbackfoshmen
|player|p1|Aim for the top|170
|player|p2|Hogbackfoshmen|265
|gametype|singles
|gen|6
|tier|OU
|rated
|clearpoke
|poke|p1|Metagross
|poke|p1|Keldeo
|poke|p1|Bisharp, M
|poke|p1|Clefable, M
|poke|p1|Latias, F
|poke|p1|Landorus-Therian, M
|poke|p2|Thundurus, M, shiny
|poke|p2|Slowbro, M
|poke|p2|Ferrothorn, F
|poke|p2|Conkeldurr, F, shiny
|poke|p2|Chansey, F
|poke|p2|Gengar, M, shiny
|rule|Swagger Clause: Swagger is banned
|rule|Baton Pass Clause: Limit one Pokémon knowing Baton Pass
|rule|Sleep Clause Mod: Limit one foe put to sleep
|rule|Species Clause: Limit one of each Pokémon
|rule|OHKO Clause: OHKO moves are banned
|rule|Moody Clause: Moody is banned
|rule|Evasion Moves Clause: Evasion moves are banned
|rule|Endless Battle Clause: Forcing endless battles is banned
|rule|HP Percentage Mod: HP is shown in percentages
|teampreview
|
|start
|switch|p1a: Metagross|Metagross|301\/301
|switch|p2a: ImSlowBro|Slowbro, M|394\/394
|turn|1
|
|detailschange|p1a: Metagross|Metagross-Mega
|-mega|p1a: Metagross|Metagross|Metagrossite
|detailschange|p2a: ImSlowBro|Slowbro-Mega, M
|-mega|p2a: ImSlowBro|Slowbro|Slowbronite
|move|p1a: Metagross|Grass Knot|p2a: ImSlowBro
|-supereffective|p2a: ImSlowBro
|-damage|p2a: ImSlowBro|190\/394
|move|p2a: ImSlowBro|Scald|p1a: Metagross
|-damage|p1a: Metagross|187\/301
|
|turn|2
|
|switch|p2a: Ferrothorn|Ferrothorn, F|352\/352
|move|p1a: Metagross|Grass Knot|p2a: Ferrothorn
|-resisted|p2a: Ferrothorn
|-damage|p2a: Ferrothorn|334\/352
|-damage|p1a: Metagross|150\/301|[from] ability: Iron Barbs|[of] p2a: Ferrothorn
|-damage|p1a: Metagross|100\/301|[from] item: Rocky Helmet|[of] p2a: Ferrothorn
|
|turn|3
|
|move|p1a: Metagross|Hammer Arm|p2a: Ferrothorn
|-supereffective|p2a: Ferrothorn
|-damage|p2a: Ferrothorn|92\/352
|-damage|p1a: Metagross|63\/301|[from] ability: Iron Barbs|[of] p2a: Ferrothorn
|-damage|p1a: Metagross|13\/301|[from] item: Rocky Helmet|[of] p2a: Ferrothorn
|-unboost|p1a: Metagross|spe|1
|move|p2a: Ferrothorn|Stealth Rock|p1a: Metagross
|-sidestart|p1: Aim for the top|move: Stealth Rock
|
|turn|4
|
|move|p1a: Metagross|Hammer Arm|p2a: Ferrothorn
|-supereffective|p2a: Ferrothorn
|-damage|p2a: Ferrothorn|0 fnt
|-damage|p1a: Metagross|0 fnt|[from] ability: Iron Barbs|[of] p2a: Ferrothorn
|faint|p1a: Metagross
|faint|p2a: Ferrothorn
|
|
|switch|p2a: ZeusIsMad|Thundurus, M, shiny|300\/300
|switch|p1a: Latias|Latias, F|301\/301
|-damage|p1a: Latias|264\/301|[from] Stealth Rock
|turn|5
|
|move|p2a: ZeusIsMad|Hidden Power|p1a: Latias
|-supereffective|p1a: Latias
|-damage|p1a: Latias|116\/301
|-damage|p2a: ZeusIsMad|270\/300|[from] item: Life Orb
|move|p1a: Latias|Defog|p2a: ZeusIsMad
|-unboost|p2a: ZeusIsMad|evasion|1
|-sideend|p1: Aim for the top|Stealth Rock|[from] move: Defog|[of] p1a: Latias
|
|turn|6
|
|switch|p1a: Bisharp|Bisharp, M|287\/287
|move|p2a: ZeusIsMad|Hidden Power|p1a: Bisharp
|-resisted|p1a: Bisharp
|-damage|p1a: Bisharp|258\/287
|-damage|p2a: ZeusIsMad|240\/300|[from] item: Life Orb
|
|turn|7
|
|move|p2a: ZeusIsMad|Superpower|p1a: Bisharp
|-supereffective|p1a: Bisharp
|-damage|p1a: Bisharp|0 fnt
|-unboost|p2a: ZeusIsMad|atk|1
|-unboost|p2a: ZeusIsMad|def|1
|-damage|p2a: ZeusIsMad|210\/300|[from] item: Life Orb
|faint|p1a: Bisharp
|
|
|switch|p1a: Landorus-Therian|Landorus-Therian, M|319\/319
|-ability|p1a: Landorus-Therian|Intimidate|[of] p2a: ZeusIsMad
|-unboost|p2a: ZeusIsMad|atk|1
|turn|8
|
|switch|p2a: UncleRucus|Conkeldurr, F, shiny|401\/401
|move|p1a: Landorus-Therian|U-turn|p2a: UncleRucus
|-resisted|p2a: UncleRucus
|-damage|p2a: UncleRucus|356\/401
|
|switch|p1a: Clefable|Clefable, M|394\/394
|
|turn|9
|
|switch|p2a: Nightmare|Gengar, M, shiny|262\/262
|move|p1a: Clefable|Moonblast|p2a: Nightmare
|-resisted|p2a: Nightmare
|-damage|p2a: Nightmare|190\/262
|
|turn|10
|
|switch|p1a: Landorus-Therian|Landorus-Therian, M|319\/319
|-ability|p1a: Landorus-Therian|Intimidate|[of] p2a: Nightmare
|-unboost|p2a: Nightmare|atk|1
|move|p2a: Nightmare|Sludge Bomb|p1a: Landorus-Therian
|-resisted|p1a: Landorus-Therian
|-damage|p1a: Landorus-Therian|181\/319
|-status|p1a: Landorus-Therian|psn
|
|-damage|p1a: Landorus-Therian|142\/319 psn|[from] psn
|turn|11
|
|switch|p2a: UncleRucus|Conkeldurr, F, shiny|356\/401
|move|p1a: Landorus-Therian|Stealth Rock|p2a: UncleRucus
|-sidestart|p2: Hogbackfoshmen|move: Stealth Rock
|
|-damage|p1a: Landorus-Therian|103\/319 psn|[from] psn
|turn|12
|
|switch|p1a: Clefable|Clefable, M|394\/394
|move|p2a: UncleRucus|Ice Punch|p1a: Clefable
|-damage|p1a: Clefable|309\/394
|
|-heal|p1a: Clefable|333\/394|[from] item: Leftovers
|turn|13
|
|switch|p2a: Nightmare|Gengar, M, shiny|190\/262
|-damage|p2a: Nightmare|158\/262|[from] Stealth Rock
|move|p1a: Clefable|Moonblast|p2a: Nightmare
|-resisted|p2a: Nightmare
|-damage|p2a: Nightmare|90\/262
|-unboost|p2a: Nightmare|spa|1
|
|-heal|p1a: Clefable|357\/394|[from] item: Leftovers
|turn|14
|
|move|p2a: Nightmare|Sludge Bomb|p1a: Clefable
|-supereffective|p1a: Clefable
|-damage|p1a: Clefable|9\/394
|move|p1a: Clefable|Calm Mind|p1a: Clefable
|-boost|p1a: Clefable|spa|1
|-boost|p1a: Clefable|spd|1
|
|-heal|p1a: Clefable|33\/394|[from] item: Leftovers
|turn|15
|
|move|p2a: Nightmare|Sludge Bomb|p1a: Clefable
|-crit|p1a: Clefable
|-supereffective|p1a: Clefable
|-damage|p1a: Clefable|0 fnt
|faint|p1a: Clefable
|
|
|switch|p1a: Keldeo|Keldeo|323\/323
|turn|16
|
|switch|p2a: ImSlowBro|Slowbro-Mega, M|190\/394
|-damage|p2a: ImSlowBro|141\/394|[from] Stealth Rock
|move|p1a: Keldeo|Scald|p2a: ImSlowBro
|-resisted|p2a: ImSlowBro
|-damage|p2a: ImSlowBro|34\/394
|
|turn|17
|
|move|p1a: Keldeo|Scald|p2a: ImSlowBro
|-resisted|p2a: ImSlowBro
|-damage|p2a: ImSlowBro|0 fnt
|faint|p2a: ImSlowBro
|
|
|switch|p2a: UncleRucus|Conkeldurr, F, shiny|356\/401
|-damage|p2a: UncleRucus|331\/401|[from] Stealth Rock
|turn|18
|
|move|p1a: Keldeo|Scald|p2a: UncleRucus
|-crit|p2a: UncleRucus
|-damage|p2a: UncleRucus|75\/401
|-status|p2a: UncleRucus|brn
|move|p2a: UncleRucus|Drain Punch|p1a: Keldeo
|-damage|p1a: Keldeo|59\/323
|-heal|p2a: UncleRucus|207\/401 brn|[from] drain|[of] p1a: Keldeo
|
|-damage|p2a: UncleRucus|157\/401 brn|[from] brn
|turn|19
|
|switch|p1a: Landorus-Therian|Landorus-Therian, M|103\/319 psn
|-ability|p1a: Landorus-Therian|Intimidate|[of] p2a: UncleRucus
|-unboost|p2a: UncleRucus|atk|1
|move|p2a: UncleRucus|Mach Punch|p1a: Landorus-Therian
|-resisted|p1a: Landorus-Therian
|-damage|p1a: Landorus-Therian|59\/319 psn
|
|-damage|p1a: Landorus-Therian|20\/319 psn|[from] psn
|-damage|p2a: UncleRucus|107\/401 brn|[from] brn
|turn|20
|
|move|p2a: UncleRucus|Mach Punch|p1a: Landorus-Therian
|-resisted|p1a: Landorus-Therian
|-damage|p1a: Landorus-Therian|0 fnt
|faint|p1a: Landorus-Therian
|
|-damage|p2a: UncleRucus|57\/401 brn|[from] brn
|
|switch|p1a: Latias|Latias, F|116\/301
|turn|21
|
|move|p1a: Latias|Psyshock|p2a: UncleRucus
|-supereffective|p2a: UncleRucus
|-damage|p2a: UncleRucus|0 fnt
|-damage|p1a: Latias|86\/301|[from] item: Life Orb
|faint|p2a: UncleRucus
|
|
|switch|p2a: ZeusIsMad|Thundurus, M, shiny|210\/300
|-damage|p2a: ZeusIsMad|135\/300|[from] Stealth Rock
|turn|22
|
|move|p2a: ZeusIsMad|Hidden Power|p1a: Latias
|-supereffective|p1a: Latias
|-damage|p1a: Latias|0 fnt
|-damage|p2a: ZeusIsMad|105\/300|[from] item: Life Orb
|faint|p1a: Latias
|
|c|★Aim for the top|gg
|-message|Aim for the top forfeited.
|leave|Aim for the top
|
|win|Hogbackfoshmen
|raw|Ladder updating...
|player|p1
|raw|Aim for the top's rating: 1528 &rarr; <strong>1511<\/strong><br \/>(-17 for losing)
|raw|Hogbackfoshmen's rating: 1585 &rarr; <strong>1602<\/strong><br \/>(+17 for winning)